last_interval,Exchange,Symbol,Best_Bid_Price,FB0,Best_Offer_Price,FA0,FB2,FA2,p_time,Next_Best_Bid,Next_Best_Offer,outcome
2020-01-21 09:30:03,N,AAPL,317.08,1.0,317.17,4.0,0.0,-21.0,2020-01-21 09:30:03.071319,317.1,317.22,0
2020-01-21 09:30:17,N,AAPL,317.1,11.0,317.22,3.0,-4.0,-1.0,2020-01-21 09:30:17.437342,317.18,317.2,0
2020-01-21 09:30:22,N,AAPL,317.18,1.0,317.2,1.0,-10.0,-2.0,2020-01-21 09:30:22.481576,317.18,317.2,0
2020-01-21 09:30:23,N,AAPL,317.18,1.0,317.2,1.0,-3.0,-3.0,2020-01-21 09:30:23.007867,317.19,317.2,0
2020-01-21 09:30:24,N,AAPL,317.19,4.0,317.2,1.0,2.0,-2.0,2020-01-21 09:30:24.048904,317.16,317.21,0
2020-01-21 09:30:25,N,AAPL,317.16,2.0,317.21,4.0,1.0,3.0,2020-01-21 09:30:25.067412,317.16,317.21,0
2020-01-21 09:30:26,N,AAPL,317.16,2.0,317.21,2.0,1.0,0.0,2020-01-21 09:30:26.226849,317.19,317.25,0
2020-01-21 09:30:27,N,AAPL,317.19,1.0,317.25,3.0,-2.0,-1.0,2020-01-21 09:30:27.012751,317.17,317.25,0
2020-01-21 09:30:28,N,AAPL,317.17,2.0,317.25,2.0,0.0,1.0,2020-01-21 09:30:28.017307,317.19,317.25,0
2020-01-21 09:30:29,N,AAPL,317.19,2.0,317.25,1.0,-1.0,-1.0,2020-01-21 09:30:29.047105,317.24,317.26,0
2020-01-21 09:30:30,N,AAPL,317.24,2.0,317.26,1.0,1.0,0.0,2020-01-21 09:30:30.303457,317.21,317.26,0
2020-01-21 09:30:31,N,AAPL,317.21,3.0,317.26,1.0,1.0,0.0,2020-01-21 09:30:31.469575,317.25,317.27,0
2020-01-21 09:30:33,N,AAPL,317.25,3.0,317.27,1.0,2.0,0.0,2020-01-21 09:30:33.755159,317.29,317.34,1
2020-01-21 09:30:37,N,AAPL,317.29,2.0,317.34,1.0,1.0,0.0,2020-01-21 09:30:37.795934,317.33,317.36,0
2020-01-21 09:30:40,N,AAPL,317.33,4.0,317.36,1.0,2.0,0.0,2020-01-21 09:30:40.435714,317.36,317.4,0
2020-01-21 09:30:43,N,AAPL,317.36,4.0,317.4,8.0,3.0,7.0,2020-01-21 09:30:43.006401,317.37,317.39,0
2020-01-21 09:30:46,N,AAPL,317.37,2.0,317.39,4.0,-2.0,-4.0,2020-01-21 09:30:46.038511,317.3,317.35,-1
2020-01-21 09:30:47,N,AAPL,317.3,2.0,317.35,1.0,1.0,-2.0,2020-01-21 09:30:47.119735,317.3,317.35,0
2020-01-21 09:30:48,N,AAPL,317.3,2.0,317.35,4.0,0.0,-1.0,2020-01-21 09:30:48.224715,317.31,317.36,0
2020-01-21 09:30:49,N,AAPL,317.31,2.0,317.36,5.0,-2.0,2.0,2020-01-21 09:30:49.462071,317.31,317.33,0
2020-01-21 09:30:50,N,AAPL,317.31,2.0,317.33,2.0,0.0,-3.0,2020-01-21 09:30:50.769887,317.29,317.34,0
2020-01-21 09:30:51,N,AAPL,317.29,1.0,317.34,2.0,-1.0,1.0,2020-01-21 09:30:51.673946,317.27,317.32,0
2020-01-21 09:30:52,N,AAPL,317.27,2.0,317.32,1.0,-2.0,-1.0,2020-01-21 09:30:52.168550,317.28,317.31,0
2020-01-21 09:30:53,N,AAPL,317.28,1.0,317.31,2.0,-1.0,0.0,2020-01-21 09:30:53.387331,317.26,317.29,0
2020-01-21 09:30:54,N,AAPL,317.26,2.0,317.29,2.0,0.0,0.0,2020-01-21 09:30:54.047628,317.08,317.13,-1
2020-01-21 09:30:55,N,AAPL,317.08,6.0,317.13,4.0,5.0,2.0,2020-01-21 09:30:55.389884,317.03,317.09,0
2020-01-21 09:30:56,N,AAPL,317.03,1.0,317.09,5.0,-1.0,3.0,2020-01-21 09:30:56.582866,317.03,317.1,0
2020-01-21 09:30:57,N,AAPL,317.03,1.0,317.1,1.0,0.0,0.0,2020-01-21 09:30:57.576845,317.01,317.08,0
2020-01-21 09:30:58,N,AAPL,317.01,3.0,317.08,4.0,0.0,0.0,2020-01-21 09:30:58.315557,317.01,317.09,0
2020-01-21 09:30:59,N,AAPL,317.01,1.0,317.09,2.0,-1.0,-3.0,2020-01-21 09:30:59.069099,317.01,317.08,0
2020-01-21 09:31:00,N,AAPL,317.01,3.0,317.08,4.0,-1.0,0.0,2020-01-21 09:31:00.425658,317.05,317.08,0
2020-01-21 09:31:01,N,AAPL,317.05,1.0,317.08,1.0,-3.0,-2.0,2020-01-21 09:31:01.092707,316.99,317.03,-1
2020-01-21 09:31:02,N,AAPL,316.99,2.0,317.03,1.0,-19.0,-3.0,2020-01-21 09:31:02.010253,316.84,316.86,-1
2020-01-21 09:31:03,N,AAPL,316.84,2.0,316.86,2.0,-8.0,0.0,2020-01-21 09:31:03.169548,316.81,316.88,0
2020-01-21 09:31:04,N,AAPL,316.81,2.0,316.88,4.0,-13.0,2.0,2020-01-21 09:31:04.020717,316.8,316.85,0
2020-01-21 09:31:06,N,AAPL,316.8,2.0,316.85,4.0,-18.0,2.0,2020-01-21 09:31:06.155549,316.73,316.76,-1
2020-01-21 09:31:08,N,AAPL,316.73,6.0,316.76,3.0,5.0,1.0,2020-01-21 09:31:08.064699,316.72,316.76,0
2020-01-21 09:31:10,N,AAPL,316.72,1.0,316.76,4.0,-18.0,3.0,2020-01-21 09:31:10.606390,316.68,316.7,-1
2020-01-21 09:31:11,N,AAPL,316.68,1.0,316.7,4.0,0.0,0.0,2020-01-21 09:31:11.110172,316.69,316.72,0
2020-01-21 09:31:12,N,AAPL,316.69,1.0,316.72,2.0,0.0,-2.0,2020-01-21 09:31:12.160883,316.71,316.77,0
2020-01-21 09:31:13,N,AAPL,316.71,2.0,316.77,2.0,1.0,0.0,2020-01-21 09:31:13.124097,316.84,316.9,1
2020-01-21 09:31:14,N,AAPL,316.84,2.0,316.9,2.0,1.0,1.0,2020-01-21 09:31:14.219298,316.87,316.96,0
2020-01-21 09:31:15,N,AAPL,316.87,1.0,316.96,2.0,0.0,0.0,2020-01-21 09:31:15.064538,316.8,316.87,0
2020-01-21 09:31:16,N,AAPL,316.8,3.0,316.87,2.0,2.0,0.0,2020-01-21 09:31:16.558278,316.71,316.79,-1
2020-01-21 09:31:17,N,AAPL,316.71,2.0,316.79,4.0,0.0,3.0,2020-01-21 09:31:17.316155,316.77,316.83,0
2020-01-21 09:31:18,N,AAPL,316.77,4.0,316.83,1.0,2.0,-1.0,2020-01-21 09:31:18.836492,316.77,316.83,0
2020-01-21 09:31:19,N,AAPL,316.77,2.0,316.83,1.0,-2.0,0.0,2020-01-21 09:31:19.093917,316.91,317.0,1
2020-01-21 09:31:21,N,AAPL,316.91,3.0,317.0,2.0,2.0,0.0,2020-01-21 09:31:21.022671,316.89,316.96,0
2020-01-21 09:31:22,N,AAPL,316.89,4.0,316.96,6.0,0.0,4.0,2020-01-21 09:31:22.020819,317.04,317.1,1
2020-01-21 09:31:24,N,AAPL,317.04,2.0,317.1,6.0,0.0,3.0,2020-01-21 09:31:24.673621,317.11,317.17,1
2020-01-21 09:31:25,N,AAPL,317.11,2.0,317.17,1.0,0.0,-1.0,2020-01-21 09:31:25.280017,317.18,317.23,1
2020-01-21 09:31:26,N,AAPL,317.18,2.0,317.23,2.0,0.0,1.0,2020-01-21 09:31:26.857580,317.18,317.26,0
2020-01-21 09:31:27,N,AAPL,317.18,1.0,317.26,4.0,-1.0,2.0,2020-01-21 09:31:27.115675,317.2,317.27,0
2020-01-21 09:31:29,N,AAPL,317.2,3.0,317.27,2.0,2.0,0.0,2020-01-21 09:31:29.621917,317.24,317.29,0
2020-01-21 09:31:30,N,AAPL,317.24,2.0,317.29,2.0,-1.0,1.0,2020-01-21 09:31:30.599158,317.31,317.35,1
2020-01-21 09:31:31,N,AAPL,317.31,1.0,317.35,1.0,-2.0,0.0,2020-01-21 09:31:31.129296,317.2,317.24,-1
2020-01-21 09:31:32,N,AAPL,317.2,1.0,317.24,2.0,-1.0,-1.0,2020-01-21 09:31:32.951054,317.18,317.25,0
2020-01-21 09:31:33,N,AAPL,317.18,5.0,317.25,4.0,4.0,1.0,2020-01-21 09:31:33.161547,317.18,317.25,0
2020-01-21 09:31:34,N,AAPL,317.18,8.0,317.25,5.0,4.0,1.0,2020-01-21 09:31:34.585357,317.15,317.18,0
2020-01-21 09:31:37,N,AAPL,317.15,3.0,317.18,3.0,-4.0,-1.0,2020-01-21 09:31:37.164384,317.04,317.12,-1
2020-01-21 09:31:38,N,AAPL,317.04,4.0,317.12,1.0,0.0,-1.0,2020-01-21 09:31:38.041956,316.99,317.08,0
2020-01-21 09:31:39,N,AAPL,316.99,2.0,317.08,1.0,0.0,-1.0,2020-01-21 09:31:39.001150,317.0,317.08,0
2020-01-21 09:31:40,N,AAPL,317.0,1.0,317.08,6.0,-1.0,5.0,2020-01-21 09:31:40.025834,316.99,317.06,0
2020-01-21 09:31:41,N,AAPL,316.99,2.0,317.06,3.0,0.0,1.0,2020-01-21 09:31:41.006217,317.0,317.05,0
2020-01-21 09:31:42,N,AAPL,317.0,1.0,317.05,1.0,-2.0,-3.0,2020-01-21 09:31:42.345725,317.02,317.08,0
2020-01-21 09:31:43,N,AAPL,317.02,2.0,317.08,2.0,1.0,1.0,2020-01-21 09:31:43.920738,317.11,317.15,1
2020-01-21 09:31:44,N,AAPL,317.11,2.0,317.15,2.0,-2.0,1.0,2020-01-21 09:31:44.198980,317.12,317.19,0
2020-01-21 09:31:45,N,AAPL,317.12,1.0,317.19,2.0,-1.0,1.0,2020-01-21 09:31:45.072967,317.12,317.19,0
2020-01-21 09:31:47,N,AAPL,317.12,1.0,317.19,2.0,-1.0,1.0,2020-01-21 09:31:47.205731,317.12,317.18,0
2020-01-21 09:31:48,N,AAPL,317.12,1.0,317.18,1.0,0.0,0.0,2020-01-21 09:31:48.297498,317.16,317.21,0
2020-01-21 09:31:50,N,AAPL,317.16,3.0,317.21,2.0,2.0,1.0,2020-01-21 09:31:50.294858,317.16,317.25,0
2020-01-21 09:31:51,N,AAPL,317.16,4.0,317.25,3.0,2.0,1.0,2020-01-21 09:31:51.514146,317.16,317.25,0
2020-01-21 09:31:52,N,AAPL,317.16,8.0,317.25,1.0,4.0,0.0,2020-01-21 09:31:52.055319,317.16,317.25,0
2020-01-21 09:31:53,N,AAPL,317.16,11.0,317.25,2.0,0.0,0.0,2020-01-21 09:31:53.127857,317.23,317.27,0
2020-01-21 09:31:54,N,AAPL,317.23,2.0,317.27,1.0,0.0,0.0,2020-01-21 09:31:54.656916,317.24,317.3,0
2020-01-21 09:31:55,N,AAPL,317.24,2.0,317.3,2.0,1.0,-2.0,2020-01-21 09:31:55.294259,317.3,317.36,0
2020-01-21 09:31:56,N,AAPL,317.3,2.0,317.36,3.0,0.0,1.0,2020-01-21 09:31:56.149654,317.39,317.41,1
2020-01-21 09:31:57,N,AAPL,317.39,2.0,317.41,2.0,0.0,1.0,2020-01-21 09:31:57.215611,317.42,317.48,1
2020-01-21 09:31:58,N,AAPL,317.42,2.0,317.48,15.0,0.0,0.0,2020-01-21 09:31:58.391118,317.48,317.51,0
2020-01-21 09:32:00,N,AAPL,317.48,4.0,317.51,1.0,2.0,-16.0,2020-01-21 09:32:00.203536,317.48,317.55,0
2020-01-21 09:32:01,N,AAPL,317.48,3.0,317.55,2.0,-2.0,-3.0,2020-01-21 09:32:01.452698,317.4,317.48,0
2020-01-21 09:32:04,N,AAPL,317.4,6.0,317.48,2.0,5.0,1.0,2020-01-21 09:32:04.883874,317.46,317.52,0
2020-01-21 09:32:05,N,AAPL,317.46,1.0,317.52,1.0,-5.0,-1.0,2020-01-21 09:32:05.469993,317.45,317.52,0
2020-01-21 09:32:06,N,AAPL,317.45,50.0,317.52,4.0,0.0,0.0,2020-01-21 09:32:06.193040,317.46,317.5,0
2020-01-21 09:32:08,N,AAPL,317.46,1.0,317.5,2.0,-1.0,1.0,2020-01-21 09:32:08.156267,317.51,317.54,1
2020-01-21 09:32:10,N,AAPL,317.51,2.0,317.54,2.0,-1.0,0.0,2020-01-21 09:32:10.178902,317.56,317.63,1
2020-01-21 09:32:11,N,AAPL,317.56,2.0,317.63,4.0,0.0,2.0,2020-01-21 09:32:11.156764,317.56,317.64,0
2020-01-21 09:32:12,N,AAPL,317.56,16.0,317.64,4.0,0.0,0.0,2020-01-21 09:32:12.041015,317.62,317.66,0
2020-01-21 09:32:13,N,AAPL,317.62,2.0,317.66,2.0,-14.0,-1.0,2020-01-21 09:32:13.485638,317.6,317.66,0
2020-01-21 09:32:14,N,AAPL,317.6,1.0,317.66,4.0,-1.0,3.0,2020-01-21 09:32:14.380916,317.58,317.66,0
2020-01-21 09:32:15,N,AAPL,317.58,4.0,317.66,1.0,3.0,-2.0,2020-01-21 09:32:15.013585,317.58,317.65,0
2020-01-21 09:32:16,N,AAPL,317.58,1.0,317.65,2.0,0.0,1.0,2020-01-21 09:32:16.039801,317.69,317.73,1
2020-01-21 09:32:17,N,AAPL,317.69,2.0,317.73,2.0,1.0,0.0,2020-01-21 09:32:17.112203,317.7,317.75,0
2020-01-21 09:32:18,N,AAPL,317.7,2.0,317.75,2.0,1.0,-9.0,2020-01-21 09:32:18.157685,317.69,317.74,0
2020-01-21 09:32:19,N,AAPL,317.69,2.0,317.74,1.0,-3.0,0.0,2020-01-21 09:32:19.139787,317.68,317.74,0
2020-01-21 09:32:20,N,AAPL,317.68,13.0,317.74,1.0,11.0,-1.0,2020-01-21 09:32:20.040186,317.69,317.74,0
2020-01-21 09:32:21,N,AAPL,317.69,4.0,317.74,1.0,-9.0,-2.0,2020-01-21 09:32:21.589265,317.73,317.8,0
2020-01-21 09:32:22,N,AAPL,317.73,2.0,317.8,10.0,0.0,-1.0,2020-01-21 09:32:22.017469,317.76,317.81,0
2020-01-21 09:32:23,N,AAPL,317.76,1.0,317.81,2.0,0.0,0.0,2020-01-21 09:32:23.088147,317.71,317.77,0
2020-01-21 09:32:24,N,AAPL,317.71,2.0,317.77,4.0,0.0,2.0,2020-01-21 09:32:24.201752,317.73,317.76,0
2020-01-21 09:32:27,N,AAPL,317.73,2.0,317.76,2.0,-3.0,0.0,2020-01-21 09:32:27.294200,317.72,317.78,0
2020-01-21 09:32:28,N,AAPL,317.72,1.0,317.78,1.0,-6.0,0.0,2020-01-21 09:32:28.050131,317.8,317.85,1
2020-01-21 09:32:29,N,AAPL,317.8,1.0,317.85,1.0,-3.0,0.0,2020-01-21 09:32:29.080409,317.84,317.88,0
2020-01-21 09:32:30,N,AAPL,317.84,2.0,317.88,1.0,0.0,-1.0,2020-01-21 09:32:30.251497,317.87,317.92,0
2020-01-21 09:32:31,N,AAPL,317.87,3.0,317.92,2.0,2.0,0.0,2020-01-21 09:32:31.384253,317.86,317.9,0
2020-01-21 09:32:32,N,AAPL,317.86,2.0,317.9,2.0,1.0,0.0,2020-01-21 09:32:32.142260,317.84,317.88,0
2020-01-21 09:32:35,N,AAPL,317.84,7.0,317.88,4.0,6.0,3.0,2020-01-21 09:32:35.050449,317.8,317.89,0
2020-01-21 09:32:36,N,AAPL,317.8,11.0,317.89,4.0,0.0,3.0,2020-01-21 09:32:36.768426,317.79,317.82,0
2020-01-21 09:32:38,N,AAPL,317.79,2.0,317.82,2.0,1.0,0.0,2020-01-21 09:32:38.389687,317.77,317.83,0
2020-01-21 09:32:39,N,AAPL,317.77,1.0,317.83,2.0,-3.0,0.0,2020-01-21 09:32:39.109633,317.77,317.81,0
2020-01-21 09:32:41,N,AAPL,317.77,2.0,317.81,2.0,-2.0,-2.0,2020-01-21 09:32:41.763965,317.77,317.86,0
2020-01-21 09:32:42,N,AAPL,317.77,2.0,317.86,2.0,-1.0,0.0,2020-01-21 09:32:42.203500,317.7,317.8,0
2020-01-21 09:32:43,N,AAPL,317.7,1.0,317.8,2.0,-1.0,0.0,2020-01-21 09:32:43.909033,317.66,317.74,0
2020-01-21 09:32:44,N,AAPL,317.66,2.0,317.74,2.0,1.0,0.0,2020-01-21 09:32:44.263830,317.67,317.75,0
2020-01-21 09:32:45,N,AAPL,317.67,2.0,317.75,4.0,0.0,2.0,2020-01-21 09:32:45.394530,317.66,317.77,0
2020-01-21 09:32:46,N,AAPL,317.66,3.0,317.77,4.0,0.0,0.0,2020-01-21 09:32:46.261372,317.9,317.92,1
2020-01-21 09:32:47,N,AAPL,317.9,2.0,317.92,4.0,0.0,2.0,2020-01-21 09:32:47.042849,317.83,317.88,-1
2020-01-21 09:32:51,N,AAPL,317.83,2.0,317.88,2.0,0.0,0.0,2020-01-21 09:32:51.055005,317.85,317.91,0
2020-01-21 09:32:54,N,AAPL,317.85,1.0,317.91,2.0,-1.0,1.0,2020-01-21 09:32:54.082516,317.85,317.93,0
2020-01-21 09:32:55,N,AAPL,317.85,3.0,317.93,1.0,-1.0,-1.0,2020-01-21 09:32:55.057300,317.86,317.9,0
2020-01-21 09:32:57,N,AAPL,317.86,1.0,317.9,2.0,-3.0,1.0,2020-01-21 09:32:57.250930,317.83,317.87,0
2020-01-21 09:32:59,N,AAPL,317.83,1.0,317.87,2.0,-1.0,0.0,2020-01-21 09:32:59.268907,317.73,317.8,-1
2020-01-21 09:33:00,N,AAPL,317.73,1.0,317.8,1.0,0.0,-1.0,2020-01-21 09:33:00.170863,317.68,317.75,0
2020-01-21 09:33:01,N,AAPL,317.68,2.0,317.75,2.0,0.0,0.0,2020-01-21 09:33:01.505093,317.75,317.81,0
2020-01-21 09:33:05,N,AAPL,317.75,2.0,317.81,4.0,0.0,2.0,2020-01-21 09:33:05.256403,317.7,317.8,0
2020-01-21 09:33:06,N,AAPL,317.7,2.0,317.8,5.0,-9.0,3.0,2020-01-21 09:33:06.030675,317.75,317.81,0
2020-01-21 09:33:07,N,AAPL,317.75,1.0,317.81,2.0,-1.0,-3.0,2020-01-21 09:33:07.345139,317.85,317.88,1
2020-01-21 09:33:09,N,AAPL,317.85,3.0,317.88,1.0,1.0,-1.0,2020-01-21 09:33:09.644174,317.89,317.92,1
2020-01-21 09:33:11,N,AAPL,317.89,2.0,317.92,2.0,-2.0,0.0,2020-01-21 09:33:11.096995,317.96,317.98,1
2020-01-21 09:33:12,N,AAPL,317.96,2.0,317.98,1.0,1.0,-2.0,2020-01-21 09:33:12.013173,318.04,318.09,1
2020-01-21 09:33:13,N,AAPL,318.04,2.0,318.09,2.0,0.0,0.0,2020-01-21 09:33:13.528473,318.01,318.06,0
2020-01-21 09:33:14,N,AAPL,318.01,2.0,318.06,1.0,0.0,0.0,2020-01-21 09:33:14.955463,317.99,318.05,0
2020-01-21 09:33:15,N,AAPL,317.99,1.0,318.05,1.0,0.0,-3.0,2020-01-21 09:33:15.066561,317.97,318.06,0
2020-01-21 09:33:16,N,AAPL,317.97,1.0,318.06,1.0,-2.0,0.0,2020-01-21 09:33:16.224612,317.89,317.95,-1
2020-01-21 09:33:17,N,AAPL,317.89,1.0,317.95,2.0,-2.0,1.0,2020-01-21 09:33:17.973414,317.85,317.89,0
2020-01-21 09:33:18,N,AAPL,317.85,1.0,317.89,1.0,0.0,-1.0,2020-01-21 09:33:18.110102,317.85,317.96,0
2020-01-21 09:33:19,N,AAPL,317.85,1.0,317.96,2.0,-1.0,1.0,2020-01-21 09:33:19.123937,317.82,317.93,0
2020-01-21 09:33:20,N,AAPL,317.82,2.0,317.93,1.0,0.0,-1.0,2020-01-21 09:33:20.160775,317.8,317.84,0
2020-01-21 09:33:22,N,AAPL,317.8,4.0,317.84,2.0,2.0,0.0,2020-01-21 09:33:22.058273,317.76,317.82,0
2020-01-21 09:33:23,N,AAPL,317.76,1.0,317.82,5.0,0.0,2.0,2020-01-21 09:33:23.381028,317.76,317.82,0
2020-01-21 09:33:24,N,AAPL,317.76,4.0,317.82,2.0,1.0,0.0,2020-01-21 09:33:24.006917,317.81,317.87,0
2020-01-21 09:33:25,N,AAPL,317.81,1.0,317.87,2.0,0.0,0.0,2020-01-21 09:33:25.343817,317.76,317.83,0
2020-01-21 09:33:26,N,AAPL,317.76,3.0,317.83,3.0,0.0,2.0,2020-01-21 09:33:26.047778,317.68,317.72,-1
2020-01-21 09:33:27,N,AAPL,317.68,2.0,317.72,1.0,-2.0,0.0,2020-01-21 09:33:27.690985,317.68,317.71,0
2020-01-21 09:33:28,N,AAPL,317.68,2.0,317.71,1.0,-1.0,-1.0,2020-01-21 09:33:28.584549,317.67,317.75,0
2020-01-21 09:33:30,N,AAPL,317.67,2.0,317.75,1.0,-2.0,0.0,2020-01-21 09:33:30.044897,317.63,317.7,0
2020-01-21 09:33:31,N,AAPL,317.63,2.0,317.7,2.0,-1.0,0.0,2020-01-21 09:33:31.150086,317.65,317.71,0
2020-01-21 09:33:32,N,AAPL,317.65,2.0,317.71,1.0,0.0,-1.0,2020-01-21 09:33:32.590172,317.6,317.64,-1
2020-01-21 09:33:33,N,AAPL,317.6,2.0,317.64,2.0,0.0,0.0,2020-01-21 09:33:33.107759,317.55,317.61,0
2020-01-21 09:33:35,N,AAPL,317.55,1.0,317.61,3.0,0.0,1.0,2020-01-21 09:33:35.800087,317.53,317.57,0
2020-01-21 09:33:36,N,AAPL,317.53,1.0,317.57,2.0,0.0,-1.0,2020-01-21 09:33:36.251795,317.6,317.64,1
2020-01-21 09:33:37,N,AAPL,317.6,2.0,317.64,2.0,1.0,-1.0,2020-01-21 09:33:37.670809,317.62,317.69,0
2020-01-21 09:33:38,N,AAPL,317.62,1.0,317.69,2.0,-1.0,0.0,2020-01-21 09:33:38.863547,317.62,317.68,0
2020-01-21 09:33:40,N,AAPL,317.62,1.0,317.68,5.0,0.0,3.0,2020-01-21 09:33:40.601715,317.64,317.69,0
2020-01-21 09:33:41,N,AAPL,317.64,3.0,317.69,2.0,2.0,-3.0,2020-01-21 09:33:41.386397,317.73,317.79,1
2020-01-21 09:33:42,N,AAPL,317.73,1.0,317.79,2.0,0.0,0.0,2020-01-21 09:33:42.021681,317.78,317.81,0
2020-01-21 09:33:50,N,AAPL,317.78,1.0,317.81,1.0,-1.0,0.0,2020-01-21 09:33:50.145440,317.83,317.88,1
2020-01-21 09:33:51,N,AAPL,317.83,5.0,317.88,2.0,-1.0,0.0,2020-01-21 09:33:51.207800,317.8,317.86,0
2020-01-21 09:33:52,N,AAPL,317.8,13.0,317.86,5.0,10.0,3.0,2020-01-21 09:33:52.529236,317.82,317.88,0
2020-01-21 09:33:53,N,AAPL,317.82,3.0,317.88,2.0,-9.0,1.0,2020-01-21 09:33:53.208383,317.8,317.83,0
2020-01-21 09:33:55,N,AAPL,317.8,7.0,317.83,2.0,5.0,0.0,2020-01-21 09:33:55.082492,317.7,317.74,-1
2020-01-21 09:33:56,N,AAPL,317.7,4.0,317.74,1.0,2.0,0.0,2020-01-21 09:33:56.109501,317.7,317.78,0
2020-01-21 09:33:57,N,AAPL,317.7,3.0,317.78,3.0,-1.0,2.0,2020-01-21 09:33:57.664694,317.7,317.77,0
2020-01-21 09:33:58,N,AAPL,317.7,2.0,317.77,2.0,-1.0,-1.0,2020-01-21 09:33:58.018531,317.7,317.78,0
2020-01-21 09:33:59,N,AAPL,317.7,2.0,317.78,2.0,0.0,0.0,2020-01-21 09:33:59.347541,317.7,317.78,0
2020-01-21 09:34:00,N,AAPL,317.7,2.0,317.78,2.0,0.0,0.0,2020-01-21 09:34:00.021123,317.79,317.86,1
2020-01-21 09:34:01,N,AAPL,317.79,2.0,317.86,4.0,0.0,0.0,2020-01-21 09:34:01.082577,317.75,317.82,0
2020-01-21 09:34:04,N,AAPL,317.75,1.0,317.82,5.0,-1.0,3.0,2020-01-21 09:34:04.896658,317.75,317.79,0
2020-01-21 09:34:05,N,AAPL,317.75,2.0,317.79,2.0,1.0,-3.0,2020-01-21 09:34:05.208176,317.8,317.87,1
2020-01-21 09:34:06,N,AAPL,317.8,4.0,317.87,1.0,2.0,0.0,2020-01-21 09:34:06.304456,317.83,317.85,0
2020-01-21 09:34:07,N,AAPL,317.83,2.0,317.85,1.0,0.0,-1.0,2020-01-21 09:34:07.150076,317.8,317.85,0
2020-01-21 09:34:08,N,AAPL,317.8,1.0,317.85,4.0,0.0,0.0,2020-01-21 09:34:08.357001,317.82,317.87,0
2020-01-21 09:34:09,N,AAPL,317.82,4.0,317.87,1.0,3.0,-3.0,2020-01-21 09:34:09.294572,317.81,317.87,0
2020-01-21 09:34:10,N,AAPL,317.81,4.0,317.87,2.0,3.0,0.0,2020-01-21 09:34:10.402074,317.85,317.88,0
2020-01-21 09:34:11,N,AAPL,317.85,4.0,317.88,2.0,2.0,0.0,2020-01-21 09:34:11.663887,317.83,317.86,0
2020-01-21 09:34:12,N,AAPL,317.83,1.0,317.86,3.0,-2.0,1.0,2020-01-21 09:34:12.228732,317.84,317.9,0
2020-01-21 09:34:13,N,AAPL,317.84,1.0,317.9,1.0,-1.0,-1.0,2020-01-21 09:34:13.475677,317.82,317.89,0
2020-01-21 09:34:14,N,AAPL,317.82,2.0,317.89,2.0,-1.0,0.0,2020-01-21 09:34:14.032412,317.82,317.87,0
2020-01-21 09:34:15,N,AAPL,317.82,1.0,317.87,1.0,-1.0,-3.0,2020-01-21 09:34:15.533339,317.82,317.87,0
2020-01-21 09:34:16,N,AAPL,317.82,2.0,317.87,1.0,1.0,-1.0,2020-01-21 09:34:16.103221,317.76,317.81,-1
2020-01-21 09:34:17,N,AAPL,317.76,3.0,317.81,4.0,0.0,2.0,2020-01-21 09:34:17.051601,317.76,317.81,0
2020-01-21 09:34:18,N,AAPL,317.76,5.0,317.81,2.0,3.0,0.0,2020-01-21 09:34:18.250432,317.72,317.77,0
2020-01-21 09:34:19,N,AAPL,317.72,1.0,317.77,4.0,-1.0,2.0,2020-01-21 09:34:19.211956,317.72,317.76,0
2020-01-21 09:34:20,N,AAPL,317.72,1.0,317.76,1.0,0.0,-3.0,2020-01-21 09:34:20.289803,317.76,317.85,0
2020-01-21 09:34:22,N,AAPL,317.76,2.0,317.85,2.0,-2.0,0.0,2020-01-21 09:34:22.451040,317.77,317.81,0
2020-01-21 09:34:23,N,AAPL,317.77,2.0,317.81,2.0,0.0,0.0,2020-01-21 09:34:23.342112,317.78,317.85,0
2020-01-21 09:34:24,N,AAPL,317.78,2.0,317.85,4.0,0.0,1.0,2020-01-21 09:34:24.197295,317.79,317.82,0
2020-01-21 09:34:25,N,AAPL,317.79,1.0,317.82,2.0,-1.0,-2.0,2020-01-21 09:34:25.445526,317.81,317.85,0
2020-01-21 09:34:26,N,AAPL,317.81,9.0,317.85,1.0,7.0,0.0,2020-01-21 09:34:26.240681,317.73,317.76,-1
2020-01-21 09:34:27,N,AAPL,317.73,2.0,317.76,4.0,1.0,3.0,2020-01-21 09:34:27.086177,317.67,317.72,-1
2020-01-21 09:34:28,N,AAPL,317.67,4.0,317.72,2.0,-8.0,-2.0,2020-01-21 09:34:28.309254,317.69,317.75,0
2020-01-21 09:34:29,N,AAPL,317.69,2.0,317.75,2.0,-1.0,0.0,2020-01-21 09:34:29.089226,317.68,317.75,0
2020-01-21 09:34:30,N,AAPL,317.68,2.0,317.75,2.0,0.0,0.0,2020-01-21 09:34:30.133131,317.68,317.73,0
2020-01-21 09:34:31,N,AAPL,317.68,22.0,317.73,1.0,19.0,-1.0,2020-01-21 09:34:31.015352,317.73,317.81,0
2020-01-21 09:34:32,N,AAPL,317.73,2.0,317.81,2.0,1.0,1.0,2020-01-21 09:34:32.157987,317.75,317.83,0
2020-01-21 09:34:33,N,AAPL,317.75,1.0,317.83,2.0,-3.0,1.0,2020-01-21 09:34:33.077666,317.69,317.75,0
2020-01-21 09:34:34,N,AAPL,317.69,2.0,317.75,1.0,0.0,-1.0,2020-01-21 09:34:34.479191,317.65,317.68,-1
2020-01-21 09:34:35,N,AAPL,317.65,57.0,317.68,4.0,56.0,2.0,2020-01-21 09:34:35.561406,317.63,317.72,0
2020-01-21 09:34:36,N,AAPL,317.63,1.0,317.72,3.0,-1.0,1.0,2020-01-21 09:34:36.001261,317.64,317.68,0
2020-01-21 09:34:41,N,AAPL,317.64,2.0,317.68,4.0,1.0,1.0,2020-01-21 09:34:41.622322,317.7,317.79,1
2020-01-21 09:34:42,N,AAPL,317.7,2.0,317.79,2.0,-2.0,0.0,2020-01-21 09:34:42.231204,317.79,317.86,0
2020-01-21 09:34:43,N,AAPL,317.79,1.0,317.86,2.0,-4.0,0.0,2020-01-21 09:34:43.173014,317.83,317.88,0
2020-01-21 09:34:44,N,AAPL,317.83,2.0,317.88,1.0,1.0,-1.0,2020-01-21 09:34:44.132336,317.89,317.96,1
2020-01-21 09:34:45,N,AAPL,317.89,2.0,317.96,2.0,0.0,1.0,2020-01-21 09:34:45.124228,317.81,317.89,0
2020-01-21 09:34:46,N,AAPL,317.81,7.0,317.89,1.0,0.0,-1.0,2020-01-21 09:34:46.782017,317.81,317.87,0
2020-01-21 09:34:47,N,AAPL,317.81,7.0,317.87,2.0,0.0,1.0,2020-01-21 09:34:47.094666,317.78,317.87,0
2020-01-21 09:34:48,N,AAPL,317.78,2.0,317.87,4.0,0.0,3.0,2020-01-21 09:34:48.292389,317.77,317.86,0
2020-01-21 09:34:49,N,AAPL,317.77,4.0,317.86,2.0,0.0,0.0,2020-01-21 09:34:49.137613,317.77,317.83,0
2020-01-21 09:34:51,N,AAPL,317.77,2.0,317.83,1.0,-5.0,0.0,2020-01-21 09:34:51.382191,317.72,317.78,0
2020-01-21 09:34:52,N,AAPL,317.72,5.0,317.78,1.0,3.0,0.0,2020-01-21 09:34:52.451845,317.73,317.78,0
2020-01-21 09:34:54,N,AAPL,317.73,4.0,317.78,4.0,-1.0,2.0,2020-01-21 09:34:54.505416,317.73,317.77,0
2020-01-21 09:34:55,N,AAPL,317.73,2.0,317.77,4.0,-2.0,2.0,2020-01-21 09:34:55.662498,317.72,317.77,0
2020-01-21 09:34:57,N,AAPL,317.72,3.0,317.77,1.0,-1.0,-3.0,2020-01-21 09:34:57.598652,317.77,317.83,0
2020-01-21 09:34:58,N,AAPL,317.77,2.0,317.83,2.0,0.0,0.0,2020-01-21 09:34:58.436394,317.8,317.83,0
2020-01-21 09:35:00,N,AAPL,317.8,2.0,317.83,2.0,1.0,0.0,2020-01-21 09:35:00.108537,317.78,317.81,0
2020-01-21 09:35:01,N,AAPL,317.78,2.0,317.81,2.0,0.0,1.0,2020-01-21 09:35:01.245901,317.77,317.78,0
2020-01-21 09:35:02,N,AAPL,317.77,2.0,317.78,2.0,1.0,0.0,2020-01-21 09:35:02.237232,317.71,317.75,-1
2020-01-21 09:35:03,N,AAPL,317.71,4.0,317.75,1.0,1.0,0.0,2020-01-21 09:35:03.441457,317.71,317.78,0
2020-01-21 09:35:04,N,AAPL,317.71,4.0,317.78,4.0,3.0,2.0,2020-01-21 09:35:04.222837,317.71,317.77,0
2020-01-21 09:35:06,N,AAPL,317.71,1.0,317.77,2.0,0.0,1.0,2020-01-21 09:35:06.538949,317.7,317.73,0
2020-01-21 09:35:08,N,AAPL,317.7,2.0,317.73,2.0,1.0,0.0,2020-01-21 09:35:08.129115,317.64,317.67,-1
2020-01-21 09:35:10,N,AAPL,317.64,3.0,317.67,1.0,2.0,-2.0,2020-01-21 09:35:10.455643,317.64,317.68,0
2020-01-21 09:35:11,N,AAPL,317.64,2.0,317.68,1.0,1.0,0.0,2020-01-21 09:35:11.145308,317.74,317.79,1
2020-01-21 09:35:13,N,AAPL,317.74,5.0,317.79,2.0,3.0,0.0,2020-01-21 09:35:13.704190,317.77,317.8,0
2020-01-21 09:35:14,N,AAPL,317.77,2.0,317.8,1.0,-1.0,0.0,2020-01-21 09:35:14.507851,317.78,317.83,0
2020-01-21 09:35:15,N,AAPL,317.78,1.0,317.83,1.0,0.0,-1.0,2020-01-21 09:35:15.022850,317.84,317.89,1
2020-01-21 09:35:16,N,AAPL,317.84,2.0,317.89,2.0,1.0,1.0,2020-01-21 09:35:16.730447,317.88,317.93,0
2020-01-21 09:35:17,N,AAPL,317.88,2.0,317.93,2.0,0.0,0.0,2020-01-21 09:35:17.391633,317.91,317.96,0
2020-01-21 09:35:18,N,AAPL,317.91,2.0,317.96,4.0,0.0,1.0,2020-01-21 09:35:18.048068,317.85,317.93,0
2020-01-21 09:35:19,N,AAPL,317.85,3.0,317.93,1.0,1.0,-1.0,2020-01-21 09:35:19.177719,317.85,317.92,0
2020-01-21 09:35:21,N,AAPL,317.85,3.0,317.92,2.0,1.0,-1.0,2020-01-21 09:35:21.095940,317.86,317.91,0
2020-01-21 09:35:22,N,AAPL,317.86,2.0,317.91,4.0,-1.0,3.0,2020-01-21 09:35:22.592045,317.85,317.9,0
2020-01-21 09:35:23,N,AAPL,317.85,3.0,317.9,1.0,1.0,-1.0,2020-01-21 09:35:23.258917,317.87,317.91,0
2020-01-21 09:35:25,N,AAPL,317.87,4.0,317.91,4.0,2.0,3.0,2020-01-21 09:35:25.138907,317.86,317.88,0
2020-01-21 09:35:29,N,AAPL,317.86,2.0,317.88,4.0,-2.0,0.0,2020-01-21 09:35:29.974480,317.79,317.83,-1
2020-01-21 09:35:30,N,AAPL,317.79,1.0,317.83,2.0,-1.0,0.0,2020-01-21 09:35:30.008992,317.74,317.79,0
2020-01-21 09:35:31,N,AAPL,317.74,4.0,317.79,2.0,3.0,0.0,2020-01-21 09:35:31.688675,317.73,317.8,0
2020-01-21 09:35:32,N,AAPL,317.73,2.0,317.8,3.0,0.0,1.0,2020-01-21 09:35:32.104122,317.79,317.84,0
2020-01-21 09:35:33,N,AAPL,317.79,2.0,317.84,1.0,-1.0,-1.0,2020-01-21 09:35:33.694384,317.78,317.82,0
2020-01-21 09:35:35,N,AAPL,317.78,1.0,317.82,2.0,-1.0,1.0,2020-01-21 09:35:35.268263,317.73,317.76,-1
2020-01-21 09:35:36,N,AAPL,317.73,2.0,317.76,1.0,1.0,-3.0,2020-01-21 09:35:36.361701,317.57,317.6,-1
2020-01-21 09:35:40,N,AAPL,317.57,5.0,317.6,2.0,4.0,1.0,2020-01-21 09:35:40.278678,317.54,317.55,-1
2020-01-21 09:35:42,N,AAPL,317.54,8.0,317.55,2.0,3.0,0.0,2020-01-21 09:35:42.091379,317.6,317.65,1
2020-01-21 09:35:43,N,AAPL,317.6,2.0,317.65,2.0,0.0,0.0,2020-01-21 09:35:43.248363,317.53,317.58,-1
2020-01-21 09:35:44,N,AAPL,317.53,1.0,317.58,2.0,-1.0,0.0,2020-01-21 09:35:44.243418,317.53,317.57,0
2020-01-21 09:35:45,N,AAPL,317.53,1.0,317.57,4.0,0.0,2.0,2020-01-21 09:35:45.268700,317.52,317.57,0
2020-01-21 09:35:46,N,AAPL,317.52,2.0,317.57,2.0,0.0,-2.0,2020-01-21 09:35:46.669719,317.52,317.57,0
2020-01-21 09:35:47,N,AAPL,317.52,2.0,317.57,1.0,0.0,-1.0,2020-01-21 09:35:47.060148,317.45,317.49,-1
2020-01-21 09:35:48,N,AAPL,317.45,2.0,317.49,1.0,-1.0,-1.0,2020-01-21 09:35:48.477572,317.49,317.52,0
2020-01-21 09:35:49,N,AAPL,317.49,2.0,317.52,2.0,1.0,1.0,2020-01-21 09:35:49.299176,317.52,317.57,0
2020-01-21 09:35:50,N,AAPL,317.52,4.0,317.57,2.0,2.0,1.0,2020-01-21 09:35:50.005398,317.55,317.59,0
2020-01-21 09:35:51,N,AAPL,317.55,2.0,317.59,2.0,0.0,0.0,2020-01-21 09:35:51.230121,317.54,317.59,0
2020-01-21 09:35:52,N,AAPL,317.54,2.0,317.59,2.0,0.0,0.0,2020-01-21 09:35:52.008920,317.48,317.52,-1
2020-01-21 09:35:53,N,AAPL,317.48,1.0,317.52,2.0,0.0,-1.0,2020-01-21 09:35:53.075097,317.5,317.58,0
2020-01-21 09:35:54,N,AAPL,317.5,4.0,317.58,2.0,3.0,0.0,2020-01-21 09:35:54.423558,317.45,317.5,0
2020-01-21 09:35:55,N,AAPL,317.45,1.0,317.5,4.0,0.0,2.0,2020-01-21 09:35:55.280173,317.45,317.48,0
2020-01-21 09:35:56,N,AAPL,317.45,3.0,317.48,4.0,2.0,2.0,2020-01-21 09:35:56.514396,317.47,317.53,0
2020-01-21 09:35:57,N,AAPL,317.47,2.0,317.53,1.0,0.0,0.0,2020-01-21 09:35:57.205265,317.48,317.52,0
2020-01-21 09:35:58,N,AAPL,317.48,1.0,317.52,2.0,-5.0,0.0,2020-01-21 09:35:58.333190,317.48,317.53,0
2020-01-21 09:35:59,N,AAPL,317.48,4.0,317.53,2.0,1.0,1.0,2020-01-21 09:35:59.250744,317.5,317.57,0
2020-01-21 09:36:00,N,AAPL,317.5,3.0,317.57,2.0,2.0,0.0,2020-01-21 09:36:00.024749,317.51,317.59,0
2020-01-21 09:36:01,N,AAPL,317.51,3.0,317.59,1.0,1.0,-1.0,2020-01-21 09:36:01.084226,317.61,317.67,1
2020-01-21 09:36:02,N,AAPL,317.61,2.0,317.67,1.0,1.0,-1.0,2020-01-21 09:36:02.104435,317.57,317.63,0
2020-01-21 09:36:03,N,AAPL,317.57,2.0,317.63,1.0,1.0,0.0,2020-01-21 09:36:03.101084,317.53,317.57,0
2020-01-21 09:36:04,N,AAPL,317.53,1.0,317.57,4.0,-1.0,2.0,2020-01-21 09:36:04.046500,317.55,317.6,0
2020-01-21 09:36:05,N,AAPL,317.55,1.0,317.6,3.0,-1.0,1.0,2020-01-21 09:36:05.033237,317.48,317.53,-1
2020-01-21 09:36:06,N,AAPL,317.48,2.0,317.53,4.0,0.0,2.0,2020-01-21 09:36:06.060232,317.48,317.55,0
2020-01-21 09:36:07,N,AAPL,317.48,1.0,317.55,3.0,0.0,-1.0,2020-01-21 09:36:07.009718,317.45,317.51,0
2020-01-21 09:36:08,N,AAPL,317.45,1.0,317.51,4.0,-1.0,2.0,2020-01-21 09:36:08.105276,317.51,317.57,0
2020-01-21 09:36:09,N,AAPL,317.51,1.0,317.57,2.0,0.0,-2.0,2020-01-21 09:36:09.183224,317.51,317.61,0
2020-01-21 09:36:10,N,AAPL,317.51,2.0,317.61,1.0,0.0,0.0,2020-01-21 09:36:10.936361,317.55,317.6,0
2020-01-21 09:36:11,N,AAPL,317.55,1.0,317.6,4.0,-1.0,2.0,2020-01-21 09:36:11.062173,317.51,317.54,-1
2020-01-21 09:36:12,N,AAPL,317.51,1.0,317.54,2.0,-1.0,1.0,2020-01-21 09:36:12.861754,317.52,317.55,0
2020-01-21 09:36:14,N,AAPL,317.52,1.0,317.55,1.0,-2.0,-1.0,2020-01-21 09:36:14.196369,317.5,317.52,0
2020-01-21 09:36:15,N,AAPL,317.5,3.0,317.52,4.0,2.0,3.0,2020-01-21 09:36:15.180503,317.47,317.54,0
2020-01-21 09:36:16,N,AAPL,317.47,2.0,317.54,2.0,1.0,0.0,2020-01-21 09:36:16.192092,317.5,317.54,0
2020-01-21 09:36:17,N,AAPL,317.5,1.0,317.54,4.0,0.0,1.0,2020-01-21 09:36:17.021479,317.56,317.61,1
2020-01-21 09:36:18,N,AAPL,317.56,2.0,317.61,1.0,0.0,-1.0,2020-01-21 09:36:18.195514,317.5,317.57,0
2020-01-21 09:36:19,N,AAPL,317.5,2.0,317.57,2.0,0.0,-2.0,2020-01-21 09:36:19.019998,317.47,317.53,0
2020-01-21 09:36:20,N,AAPL,317.47,3.0,317.53,4.0,1.0,3.0,2020-01-21 09:36:20.326892,317.47,317.5,0
2020-01-21 09:36:21,N,AAPL,317.47,3.0,317.5,4.0,0.0,2.0,2020-01-21 09:36:21.116335,317.5,317.55,0
2020-01-21 09:36:23,N,AAPL,317.5,2.0,317.55,2.0,-1.0,-2.0,2020-01-21 09:36:23.469796,317.45,317.48,-1
2020-01-21 09:36:24,N,AAPL,317.45,18.0,317.48,4.0,16.0,2.0,2020-01-21 09:36:24.956377,317.45,317.5,0
2020-01-21 09:36:25,N,AAPL,317.45,18.0,317.5,4.0,0.0,0.0,2020-01-21 09:36:25.965540,317.45,317.5,0
2020-01-21 09:36:26,N,AAPL,317.45,18.0,317.5,3.0,0.0,-1.0,2020-01-21 09:36:26.031501,317.41,317.47,0
2020-01-21 09:36:27,N,AAPL,317.41,1.0,317.47,2.0,-3.0,0.0,2020-01-21 09:36:27.385070,317.47,317.52,0
2020-01-21 09:36:28,N,AAPL,317.47,2.0,317.52,2.0,1.0,0.0,2020-01-21 09:36:28.180391,317.43,317.48,0
2020-01-21 09:36:30,N,AAPL,317.43,2.0,317.48,5.0,1.0,3.0,2020-01-21 09:36:30.078250,317.42,317.47,0
2020-01-21 09:36:31,N,AAPL,317.42,1.0,317.47,4.0,0.0,3.0,2020-01-21 09:36:31.370632,317.36,317.39,-1
2020-01-21 09:36:37,N,AAPL,317.36,1.0,317.39,3.0,-2.0,1.0,2020-01-21 09:36:37.274297,317.3,317.34,-1
2020-01-21 09:36:38,N,AAPL,317.3,3.0,317.34,3.0,1.0,1.0,2020-01-21 09:36:38.279832,317.22,317.27,-1
2020-01-21 09:36:39,N,AAPL,317.22,2.0,317.27,2.0,-2.0,0.0,2020-01-21 09:36:39.346246,317.22,317.29,0
2020-01-21 09:36:40,N,AAPL,317.22,4.0,317.29,2.0,2.0,-2.0,2020-01-21 09:36:40.075072,317.25,317.33,0
2020-01-21 09:36:41,N,AAPL,317.25,1.0,317.33,4.0,0.0,0.0,2020-01-21 09:36:41.052430,317.26,317.34,0
2020-01-21 09:36:42,N,AAPL,317.26,2.0,317.34,1.0,0.0,0.0,2020-01-21 09:36:42.780096,317.27,317.33,0
2020-01-21 09:36:43,N,AAPL,317.27,2.0,317.33,4.0,0.0,3.0,2020-01-21 09:36:43.033527,317.29,317.33,0
2020-01-21 09:36:44,N,AAPL,317.29,1.0,317.33,4.0,0.0,-2.0,2020-01-21 09:36:44.042789,317.31,317.37,0
2020-01-21 09:36:45,N,AAPL,317.31,4.0,317.37,2.0,2.0,1.0,2020-01-21 09:36:45.573315,317.3,317.36,0
2020-01-21 09:36:46,N,AAPL,317.3,3.0,317.36,2.0,0.0,-1.0,2020-01-21 09:36:46.003157,317.3,317.34,0
2020-01-21 09:36:47,N,AAPL,317.3,4.0,317.34,2.0,2.0,0.0,2020-01-21 09:36:47.177071,317.31,317.39,0
2020-01-21 09:36:48,N,AAPL,317.31,2.0,317.39,3.0,0.0,1.0,2020-01-21 09:36:48.004412,317.31,317.4,0
2020-01-21 09:36:49,N,AAPL,317.31,2.0,317.4,1.0,0.0,-2.0,2020-01-21 09:36:49.413134,317.31,317.36,0
2020-01-21 09:36:50,N,AAPL,317.31,2.0,317.36,1.0,0.0,0.0,2020-01-21 09:36:50.001192,317.34,317.39,0
2020-01-21 09:36:52,N,AAPL,317.34,2.0,317.39,2.0,1.0,1.0,2020-01-21 09:36:52.542883,317.34,317.38,0
2020-01-21 09:36:56,N,AAPL,317.34,2.0,317.38,2.0,0.0,0.0,2020-01-21 09:36:56.283440,317.34,317.37,0
2020-01-21 09:36:57,N,AAPL,317.34,1.0,317.37,4.0,-1.0,3.0,2020-01-21 09:36:57.471954,317.3,317.35,0
2020-01-21 09:36:58,N,AAPL,317.3,1.0,317.35,4.0,0.0,2.0,2020-01-21 09:36:58.861197,317.34,317.38,0
2020-01-21 09:37:00,N,AAPL,317.34,2.0,317.38,2.0,1.0,0.0,2020-01-21 09:37:00.063101,317.31,317.36,0
2020-01-21 09:37:02,N,AAPL,317.31,5.0,317.36,1.0,4.0,-2.0,2020-01-21 09:37:02.404533,317.31,317.35,0
2020-01-21 09:37:03,N,AAPL,317.31,4.0,317.35,3.0,0.0,0.0,2020-01-21 09:37:03.065122,317.27,317.31,0
2020-01-21 09:37:04,N,AAPL,317.27,2.0,317.31,2.0,1.0,0.0,2020-01-21 09:37:04.082300,317.35,317.38,1
2020-01-21 09:37:06,N,AAPL,317.35,2.0,317.38,3.0,1.0,1.0,2020-01-21 09:37:06.795320,317.39,317.43,1
2020-01-21 09:37:07,N,AAPL,317.39,2.0,317.43,2.0,0.0,0.0,2020-01-21 09:37:07.035601,317.41,317.48,0
2020-01-21 09:37:08,N,AAPL,317.41,2.0,317.48,2.0,-1.0,1.0,2020-01-21 09:37:08.930981,317.41,317.44,0
2020-01-21 09:37:10,N,AAPL,317.41,1.0,317.44,1.0,-1.0,-1.0,2020-01-21 09:37:10.091015,317.39,317.43,0
2020-01-21 09:37:11,N,AAPL,317.39,1.0,317.43,5.0,0.0,4.0,2020-01-21 09:37:11.222866,317.4,317.44,0
2020-01-21 09:37:13,N,AAPL,317.4,1.0,317.44,2.0,-1.0,1.0,2020-01-21 09:37:13.225917,317.39,317.42,0
2020-01-21 09:37:14,N,AAPL,317.39,4.0,317.42,4.0,3.0,2.0,2020-01-21 09:37:14.974660,317.38,317.39,0
2020-01-21 09:37:15,N,AAPL,317.38,1.0,317.39,5.0,-3.0,1.0,2020-01-21 09:37:15.033472,317.34,317.4,0
2020-01-21 09:37:16,N,AAPL,317.34,1.0,317.4,2.0,-1.0,1.0,2020-01-21 09:37:16.259405,317.34,317.39,0
2020-01-21 09:37:17,N,AAPL,317.34,2.0,317.39,1.0,1.0,0.0,2020-01-21 09:37:17.109856,317.33,317.38,0
2020-01-21 09:37:18,N,AAPL,317.33,2.0,317.38,3.0,1.0,1.0,2020-01-21 09:37:18.243783,317.3,317.34,0
2020-01-21 09:37:19,N,AAPL,317.3,3.0,317.34,2.0,1.0,1.0,2020-01-21 09:37:19.030902,317.28,317.34,0
2020-01-21 09:37:20,N,AAPL,317.28,2.0,317.34,2.0,0.0,-1.0,2020-01-21 09:37:20.003223,317.29,317.34,0
2020-01-21 09:37:21,N,AAPL,317.29,1.0,317.34,2.0,-1.0,0.0,2020-01-21 09:37:21.086688,317.3,317.33,0
2020-01-21 09:37:22,N,AAPL,317.3,1.0,317.33,2.0,0.0,1.0,2020-01-21 09:37:22.291838,317.28,317.3,0
2020-01-21 09:37:23,N,AAPL,317.28,1.0,317.3,3.0,0.0,1.0,2020-01-21 09:37:23.147466,317.28,317.33,0
2020-01-21 09:37:26,N,AAPL,317.28,3.0,317.33,2.0,2.0,0.0,2020-01-21 09:37:26.138477,317.26,317.28,0
2020-01-21 09:37:28,N,AAPL,317.26,1.0,317.28,4.0,-2.0,2.0,2020-01-21 09:37:28.404502,317.25,317.29,0
2020-01-21 09:37:29,N,AAPL,317.25,1.0,317.29,2.0,-3.0,0.0,2020-01-21 09:37:29.706474,317.32,317.34,1
2020-01-21 09:37:31,N,AAPL,317.32,2.0,317.34,1.0,1.0,-1.0,2020-01-21 09:37:31.022791,317.3,317.37,0
2020-01-21 09:37:32,N,AAPL,317.3,2.0,317.37,2.0,0.0,1.0,2020-01-21 09:37:32.117567,317.3,317.35,0
2020-01-21 09:37:33,N,AAPL,317.3,2.0,317.35,1.0,0.0,-1.0,2020-01-21 09:37:33.811298,317.3,317.34,0
2020-01-21 09:37:34,N,AAPL,317.3,2.0,317.34,4.0,0.0,3.0,2020-01-21 09:37:34.076827,317.25,317.3,0
2020-01-21 09:37:35,N,AAPL,317.25,2.0,317.3,3.0,-1.0,-1.0,2020-01-21 09:37:35.519101,317.25,317.28,0
2020-01-21 09:37:38,N,AAPL,317.25,1.0,317.28,1.0,-1.0,-2.0,2020-01-21 09:37:38.951513,317.2,317.23,-1
2020-01-21 09:37:39,N,AAPL,317.2,6.0,317.23,1.0,2.0,-1.0,2020-01-21 09:37:39.839134,317.21,317.27,0
2020-01-21 09:37:40,N,AAPL,317.21,1.0,317.27,3.0,0.0,1.0,2020-01-21 09:37:40.328998,317.25,317.27,0
2020-01-21 09:37:43,N,AAPL,317.25,4.0,317.27,5.0,3.0,3.0,2020-01-21 09:37:43.173736,317.18,317.21,-1
2020-01-21 09:37:44,N,AAPL,317.18,1.0,317.21,1.0,0.0,-1.0,2020-01-21 09:37:44.006619,317.19,317.24,0
2020-01-21 09:37:45,N,AAPL,317.19,3.0,317.24,3.0,2.0,0.0,2020-01-21 09:37:45.077280,317.21,317.26,0
2020-01-21 09:37:46,N,AAPL,317.21,3.0,317.26,1.0,2.0,0.0,2020-01-21 09:37:46.024413,317.22,317.27,0
2020-01-21 09:37:47,N,AAPL,317.22,1.0,317.27,3.0,0.0,2.0,2020-01-21 09:37:47.118365,317.22,317.25,0
2020-01-21 09:37:50,N,AAPL,317.22,2.0,317.25,3.0,1.0,2.0,2020-01-21 09:37:50.041965,317.18,317.21,-1
2020-01-21 09:37:52,N,AAPL,317.18,1.0,317.21,2.0,0.0,1.0,2020-01-21 09:37:52.499151,317.17,317.22,0
2020-01-21 09:37:53,N,AAPL,317.17,1.0,317.22,2.0,0.0,-3.0,2020-01-21 09:37:53.240456,317.17,317.22,0
2020-01-21 09:37:54,N,AAPL,317.17,2.0,317.22,3.0,1.0,1.0,2020-01-21 09:37:54.694440,317.18,317.22,0
2020-01-21 09:37:55,N,AAPL,317.18,2.0,317.22,3.0,0.0,1.0,2020-01-21 09:37:55.014534,317.13,317.17,-1
2020-01-21 09:37:56,N,AAPL,317.13,1.0,317.17,2.0,-1.0,-1.0,2020-01-21 09:37:56.487513,317.14,317.19,0
2020-01-21 09:37:57,N,AAPL,317.14,5.0,317.19,2.0,4.0,0.0,2020-01-21 09:37:57.084974,317.16,317.18,0
2020-01-21 09:37:58,N,AAPL,317.16,1.0,317.18,4.0,-3.0,3.0,2020-01-21 09:37:58.086088,317.14,317.19,0
2020-01-21 09:37:59,N,AAPL,317.14,1.0,317.19,3.0,0.0,1.0,2020-01-21 09:37:59.325783,317.15,317.19,0
2020-01-21 09:38:00,N,AAPL,317.15,1.0,317.19,2.0,-1.0,-2.0,2020-01-21 09:38:00.002956,317.17,317.2,0
2020-01-21 09:38:01,N,AAPL,317.17,1.0,317.2,2.0,-1.0,0.0,2020-01-21 09:38:01.192148,317.16,317.19,0
2020-01-21 09:38:02,N,AAPL,317.16,1.0,317.19,1.0,-1.0,-1.0,2020-01-21 09:38:02.063702,317.17,317.22,0
2020-01-21 09:38:03,N,AAPL,317.17,2.0,317.22,2.0,1.0,1.0,2020-01-21 09:38:03.023648,317.14,317.19,0
2020-01-21 09:38:04,N,AAPL,317.14,1.0,317.19,1.0,0.0,-4.0,2020-01-21 09:38:04.104258,317.15,317.18,0
2020-01-21 09:38:06,N,AAPL,317.15,1.0,317.18,5.0,0.0,4.0,2020-01-21 09:38:06.257568,317.15,317.17,0
2020-01-21 09:38:08,N,AAPL,317.15,1.0,317.17,2.0,0.0,-1.0,2020-01-21 09:38:08.020519,317.03,317.07,-1
2020-01-21 09:38:09,N,AAPL,317.03,2.0,317.07,1.0,1.0,-1.0,2020-01-21 09:38:09.064838,317.04,317.08,0
2020-01-21 09:38:10,N,AAPL,317.04,1.0,317.08,2.0,-1.0,1.0,2020-01-21 09:38:10.038804,317.08,317.11,0
2020-01-21 09:38:12,N,AAPL,317.08,2.0,317.11,2.0,1.0,0.0,2020-01-21 09:38:12.265100,317.13,317.15,1
2020-01-21 09:38:13,N,AAPL,317.13,4.0,317.15,2.0,3.0,1.0,2020-01-21 09:38:13.351994,317.08,317.14,0
2020-01-21 09:38:14,N,AAPL,317.08,8.0,317.14,3.0,7.0,1.0,2020-01-21 09:38:14.411627,317.08,317.1,0
2020-01-21 09:38:15,N,AAPL,317.08,7.0,317.1,1.0,-1.0,-2.0,2020-01-21 09:38:15.081917,317.06,317.08,0
2020-01-21 09:38:16,N,AAPL,317.06,1.0,317.08,8.0,-6.0,7.0,2020-01-21 09:38:16.415498,317.04,317.08,0
2020-01-21 09:38:17,N,AAPL,317.04,1.0,317.08,2.0,0.0,0.0,2020-01-21 09:38:17.368174,317.04,317.09,0
2020-01-21 09:38:18,N,AAPL,317.04,4.0,317.09,2.0,-1.0,-3.0,2020-01-21 09:38:18.589210,317.03,317.06,0
2020-01-21 09:38:19,N,AAPL,317.03,1.0,317.06,2.0,0.0,0.0,2020-01-21 09:38:19.179297,317.01,317.04,0
2020-01-21 09:38:20,N,AAPL,317.01,3.0,317.04,1.0,0.0,0.0,2020-01-21 09:38:20.016172,317.05,317.08,1
2020-01-21 09:38:21,N,AAPL,317.05,1.0,317.08,1.0,0.0,-1.0,2020-01-21 09:38:21.385736,317.04,317.08,0
2020-01-21 09:38:22,N,AAPL,317.04,2.0,317.08,1.0,1.0,0.0,2020-01-21 09:38:22.206264,316.96,317.0,-1
2020-01-21 09:38:23,N,AAPL,316.96,1.0,317.0,3.0,-1.0,2.0,2020-01-21 09:38:23.004517,317.02,317.08,1
2020-01-21 09:38:24,N,AAPL,317.02,2.0,317.08,1.0,0.0,0.0,2020-01-21 09:38:24.036537,317.04,317.08,0
2020-01-21 09:38:25,N,AAPL,317.04,2.0,317.08,1.0,0.0,-1.0,2020-01-21 09:38:25.001079,317.02,317.05,0
2020-01-21 09:38:26,N,AAPL,317.02,1.0,317.05,4.0,-1.0,1.0,2020-01-21 09:38:26.002551,316.98,317.03,0
2020-01-21 09:38:27,N,AAPL,316.98,2.0,317.03,1.0,1.0,-4.0,2020-01-21 09:38:27.544034,316.98,317.03,0
2020-01-21 09:38:28,N,AAPL,316.98,2.0,317.03,4.0,0.0,3.0,2020-01-21 09:38:28.651546,316.98,317.02,0
2020-01-21 09:38:29,N,AAPL,316.98,1.0,317.02,2.0,-1.0,-2.0,2020-01-21 09:38:29.682005,316.97,317.03,0
2020-01-21 09:38:30,N,AAPL,316.97,3.0,317.03,2.0,0.0,-1.0,2020-01-21 09:38:30.058205,317.01,317.04,0
2020-01-21 09:38:31,N,AAPL,317.01,1.0,317.04,3.0,-2.0,1.0,2020-01-21 09:38:31.756455,317.09,317.12,1
2020-01-21 09:38:32,N,AAPL,317.09,2.0,317.12,2.0,1.0,-1.0,2020-01-21 09:38:32.265171,317.03,317.07,-1
2020-01-21 09:38:33,N,AAPL,317.03,1.0,317.07,1.0,0.0,-4.0,2020-01-21 09:38:33.163189,317.08,317.12,1
2020-01-21 09:38:34,N,AAPL,317.08,1.0,317.12,1.0,-1.0,-1.0,2020-01-21 09:38:34.418613,317.09,317.14,0
2020-01-21 09:38:35,N,AAPL,317.09,2.0,317.14,1.0,1.0,0.0,2020-01-21 09:38:35.169027,317.09,317.14,0
2020-01-21 09:38:36,N,AAPL,317.09,1.0,317.14,3.0,-1.0,2.0,2020-01-21 09:38:36.373664,317.09,317.13,0
2020-01-21 09:38:37,N,AAPL,317.09,1.0,317.13,1.0,0.0,-1.0,2020-01-21 09:38:37.177408,317.08,317.13,0
2020-01-21 09:38:38,N,AAPL,317.08,2.0,317.13,1.0,0.0,0.0,2020-01-21 09:38:38.424311,317.1,317.14,0
2020-01-21 09:38:39,N,AAPL,317.1,2.0,317.14,1.0,0.0,0.0,2020-01-21 09:38:39.157550,317.19,317.23,1
2020-01-21 09:38:40,N,AAPL,317.19,2.0,317.23,2.0,0.0,-1.0,2020-01-21 09:38:40.107034,317.2,317.24,0
2020-01-21 09:38:41,N,AAPL,317.2,2.0,317.24,2.0,0.0,1.0,2020-01-21 09:38:41.133660,317.13,317.19,-1
2020-01-21 09:38:42,N,AAPL,317.13,2.0,317.19,5.0,0.0,1.0,2020-01-21 09:38:42.008074,317.15,317.21,0
2020-01-21 09:38:43,N,AAPL,317.15,2.0,317.21,1.0,0.0,-1.0,2020-01-21 09:38:43.031093,317.2,317.25,0
2020-01-21 09:38:44,N,AAPL,317.2,2.0,317.25,3.0,-1.0,2.0,2020-01-21 09:38:44.016064,317.2,317.25,0
2020-01-21 09:38:45,N,AAPL,317.2,4.0,317.25,3.0,2.0,0.0,2020-01-21 09:38:45.872366,317.19,317.24,0
2020-01-21 09:38:47,N,AAPL,317.19,3.0,317.24,2.0,2.0,0.0,2020-01-21 09:38:47.030302,317.25,317.27,1
2020-01-21 09:38:48,N,AAPL,317.25,1.0,317.27,2.0,0.0,1.0,2020-01-21 09:38:48.128310,317.31,317.33,1
2020-01-21 09:38:49,N,AAPL,317.31,2.0,317.33,2.0,0.0,1.0,2020-01-21 09:38:49.011174,317.3,317.31,0
2020-01-21 09:38:50,N,AAPL,317.3,8.0,317.31,2.0,6.0,1.0,2020-01-21 09:38:50.077638,317.27,317.31,0
2020-01-21 09:38:51,N,AAPL,317.27,2.0,317.31,1.0,1.0,0.0,2020-01-21 09:38:51.026037,317.25,317.29,0
2020-01-21 09:38:52,N,AAPL,317.25,1.0,317.29,4.0,-1.0,3.0,2020-01-21 09:38:52.951269,317.26,317.3,0
2020-01-21 09:38:53,N,AAPL,317.26,4.0,317.3,36.0,3.0,34.0,2020-01-21 09:38:53.418631,317.26,317.3,0
2020-01-21 09:38:56,N,AAPL,317.26,3.0,317.3,34.0,2.0,0.0,2020-01-21 09:38:56.279249,317.25,317.29,0
2020-01-21 09:38:57,N,AAPL,317.25,1.0,317.29,4.0,-2.0,-30.0,2020-01-21 09:38:57.235722,317.22,317.25,0
2020-01-21 09:38:58,N,AAPL,317.22,1.0,317.25,1.0,0.0,0.0,2020-01-21 09:38:58.281206,317.22,317.26,0
2020-01-21 09:38:59,N,AAPL,317.22,1.0,317.26,3.0,0.0,0.0,2020-01-21 09:38:59.127648,317.24,317.28,0
2020-01-21 09:39:00,N,AAPL,317.24,1.0,317.28,2.0,-4.0,-1.0,2020-01-21 09:39:00.579867,317.25,317.29,0
2020-01-21 09:39:01,N,AAPL,317.25,4.0,317.29,1.0,2.0,0.0,2020-01-21 09:39:01.388005,317.29,317.3,0
2020-01-21 09:39:02,N,AAPL,317.29,4.0,317.3,28.0,3.0,27.0,2020-01-21 09:39:02.713799,317.25,317.29,0
2020-01-21 09:39:04,N,AAPL,317.25,2.0,317.29,1.0,1.0,-21.0,2020-01-21 09:39:04.151681,317.27,317.3,0
2020-01-21 09:39:07,N,AAPL,317.27,4.0,317.3,15.0,2.0,14.0,2020-01-21 09:39:07.770492,317.3,317.34,0
2020-01-21 09:39:09,N,AAPL,317.3,1.0,317.34,2.0,0.0,-12.0,2020-01-21 09:39:09.138716,317.31,317.34,0
2020-01-21 09:39:10,N,AAPL,317.31,2.0,317.34,2.0,-1.0,0.0,2020-01-21 09:39:10.297437,317.27,317.3,-1
2020-01-21 09:39:11,N,AAPL,317.27,1.0,317.3,4.0,-1.0,3.0,2020-01-21 09:39:11.647136,317.27,317.32,0
2020-01-21 09:39:12,N,AAPL,317.27,2.0,317.32,2.0,1.0,1.0,2020-01-21 09:39:12.508700,317.26,317.3,0
2020-01-21 09:39:14,N,AAPL,317.26,4.0,317.3,1.0,-2.0,-1.0,2020-01-21 09:39:14.991018,317.25,317.3,0
2020-01-21 09:39:15,N,AAPL,317.25,7.0,317.3,2.0,3.0,0.0,2020-01-21 09:39:15.027842,317.26,317.3,0
2020-01-21 09:39:16,N,AAPL,317.26,2.0,317.3,1.0,-4.0,0.0,2020-01-21 09:39:16.519578,317.26,317.3,0
2020-01-21 09:39:17,N,AAPL,317.26,2.0,317.3,2.0,-5.0,0.0,2020-01-21 09:39:17.669898,317.26,317.3,0
2020-01-21 09:39:18,N,AAPL,317.26,1.0,317.3,2.0,-1.0,0.0,2020-01-21 09:39:18.028367,317.34,317.39,1
2020-01-21 09:39:19,N,AAPL,317.34,2.0,317.39,1.0,-1.0,0.0,2020-01-21 09:39:19.137503,317.39,317.43,0
2020-01-21 09:39:20,N,AAPL,317.39,2.0,317.43,2.0,1.0,1.0,2020-01-21 09:39:20.488556,317.37,317.42,0
2020-01-21 09:39:21,N,AAPL,317.37,1.0,317.42,2.0,0.0,0.0,2020-01-21 09:39:21.143714,317.37,317.41,0
2020-01-21 09:39:22,N,AAPL,317.37,2.0,317.41,1.0,1.0,-1.0,2020-01-21 09:39:22.075864,317.32,317.38,0
2020-01-21 09:39:23,N,AAPL,317.32,2.0,317.38,2.0,1.0,0.0,2020-01-21 09:39:23.236791,317.31,317.35,0
2020-01-21 09:39:24,N,AAPL,317.31,2.0,317.35,4.0,0.0,3.0,2020-01-21 09:39:24.159302,317.31,317.35,0
2020-01-21 09:39:28,N,AAPL,317.31,3.0,317.35,1.0,2.0,0.0,2020-01-21 09:39:28.153892,317.34,317.37,0
2020-01-21 09:39:31,N,AAPL,317.34,4.0,317.37,2.0,3.0,0.0,2020-01-21 09:39:31.624026,317.35,317.38,0
2020-01-21 09:39:32,N,AAPL,317.35,1.0,317.38,1.0,-1.0,0.0,2020-01-21 09:39:32.203218,317.33,317.36,0
2020-01-21 09:39:33,N,AAPL,317.33,4.0,317.36,1.0,-1.0,-1.0,2020-01-21 09:39:33.696706,317.35,317.39,0
2020-01-21 09:39:34,N,AAPL,317.35,2.0,317.39,2.0,1.0,0.0,2020-01-21 09:39:34.245735,317.35,317.39,0
2020-01-21 09:39:35,N,AAPL,317.35,2.0,317.39,2.0,0.0,-10.0,2020-01-21 09:39:35.053255,317.36,317.39,0
2020-01-21 09:39:36,N,AAPL,317.36,4.0,317.39,1.0,2.0,0.0,2020-01-21 09:39:36.034268,317.43,317.46,1
2020-01-21 09:39:37,N,AAPL,317.43,1.0,317.46,4.0,-3.0,1.0,2020-01-21 09:39:37.245665,317.41,317.43,0
2020-01-21 09:39:38,N,AAPL,317.41,2.0,317.43,1.0,0.0,-4.0,2020-01-21 09:39:38.006984,317.41,317.44,0
2020-01-21 09:39:39,N,AAPL,317.41,2.0,317.44,2.0,0.0,1.0,2020-01-21 09:39:39.010431,317.41,317.43,0
2020-01-21 09:39:40,N,AAPL,317.41,2.0,317.43,5.0,0.0,3.0,2020-01-21 09:39:40.118249,317.39,317.43,0
2020-01-21 09:39:41,N,AAPL,317.39,1.0,317.43,1.0,-1.0,0.0,2020-01-21 09:39:41.579665,317.39,317.43,0
2020-01-21 09:39:42,N,AAPL,317.39,1.0,317.43,1.0,-1.0,0.0,2020-01-21 09:39:42.117695,317.38,317.41,0
2020-01-21 09:39:44,N,AAPL,317.38,2.0,317.41,1.0,0.0,0.0,2020-01-21 09:39:44.227467,317.39,317.42,0
2020-01-21 09:39:46,N,AAPL,317.39,1.0,317.42,1.0,0.0,0.0,2020-01-21 09:39:46.278226,317.47,317.5,1
2020-01-21 09:39:47,N,AAPL,317.47,1.0,317.5,8.0,0.0,0.0,2020-01-21 09:39:47.023680,317.44,317.47,0
2020-01-21 09:39:48,N,AAPL,317.44,1.0,317.47,1.0,0.0,-3.0,2020-01-21 09:39:48.013802,317.51,317.55,1
2020-01-21 09:39:49,N,AAPL,317.51,2.0,317.55,2.0,0.0,-1.0,2020-01-21 09:39:49.070308,317.51,317.53,0
2020-01-21 09:39:51,N,AAPL,317.51,1.0,317.53,5.0,-1.0,3.0,2020-01-21 09:39:51.349152,317.49,317.5,-1
2020-01-21 09:39:53,N,AAPL,317.49,1.0,317.5,4.0,-2.0,3.0,2020-01-21 09:39:53.277533,317.46,317.5,0
2020-01-21 09:39:54,N,AAPL,317.46,2.0,317.5,2.0,1.0,0.0,2020-01-21 09:39:54.304238,317.47,317.5,0
2020-01-21 09:39:55,N,AAPL,317.47,1.0,317.5,1.0,-1.0,-1.0,2020-01-21 09:39:55.546436,317.46,317.5,0
2020-01-21 09:39:56,N,AAPL,317.46,3.0,317.5,1.0,2.0,0.0,2020-01-21 09:39:56.563506,317.45,317.48,0
2020-01-21 09:39:57,N,AAPL,317.45,2.0,317.48,3.0,0.0,2.0,2020-01-21 09:39:57.814191,317.42,317.46,0
2020-01-21 09:39:58,N,AAPL,317.42,3.0,317.46,5.0,-1.0,4.0,2020-01-21 09:39:58.669010,317.41,317.44,0
2020-01-21 09:39:59,N,AAPL,317.41,3.0,317.44,2.0,0.0,-3.0,2020-01-21 09:39:59.455668,317.46,317.5,1
2020-01-21 09:40:00,N,AAPL,317.46,2.0,317.5,1.0,0.0,0.0,2020-01-21 09:40:00.165957,317.46,317.51,0
2020-01-21 09:40:01,N,AAPL,317.46,3.0,317.51,1.0,-1.0,-3.0,2020-01-21 09:40:01.016320,317.43,317.48,0
2020-01-21 09:40:02,N,AAPL,317.43,2.0,317.48,2.0,1.0,0.0,2020-01-21 09:40:02.119893,317.43,317.48,0
2020-01-21 09:40:03,N,AAPL,317.43,2.0,317.48,2.0,0.0,0.0,2020-01-21 09:40:03.103561,317.45,317.49,0
2020-01-21 09:40:04,N,AAPL,317.45,2.0,317.49,1.0,0.0,0.0,2020-01-21 09:40:04.363896,317.45,317.47,0
2020-01-21 09:40:05,N,AAPL,317.45,2.0,317.47,1.0,1.0,0.0,2020-01-21 09:40:05.627291,317.46,317.5,0
2020-01-21 09:40:06,N,AAPL,317.46,4.0,317.5,2.0,3.0,0.0,2020-01-21 09:40:06.452092,317.46,317.5,0
2020-01-21 09:40:07,N,AAPL,317.46,3.0,317.5,1.0,0.0,0.0,2020-01-21 09:40:07.250163,317.45,317.47,0
2020-01-21 09:40:08,N,AAPL,317.45,1.0,317.47,3.0,0.0,1.0,2020-01-21 09:40:08.486076,317.36,317.4,-1
2020-01-21 09:40:09,N,AAPL,317.36,2.0,317.4,2.0,0.0,0.0,2020-01-21 09:40:09.544244,317.34,317.37,0
2020-01-21 09:40:10,N,AAPL,317.34,2.0,317.37,2.0,1.0,0.0,2020-01-21 09:40:10.040008,317.39,317.43,1
2020-01-21 09:40:11,N,AAPL,317.39,1.0,317.43,2.0,-2.0,1.0,2020-01-21 09:40:11.163749,317.42,317.45,0
2020-01-21 09:40:12,N,AAPL,317.42,1.0,317.45,2.0,0.0,0.0,2020-01-21 09:40:12.172478,317.4,317.44,0
2020-01-21 09:40:13,N,AAPL,317.4,1.0,317.44,2.0,0.0,1.0,2020-01-21 09:40:13.894244,317.38,317.43,0
2020-01-21 09:40:14,N,AAPL,317.38,3.0,317.43,1.0,1.0,0.0,2020-01-21 09:40:14.038817,317.4,317.44,0
2020-01-21 09:40:15,N,AAPL,317.4,5.0,317.44,2.0,2.0,0.0,2020-01-21 09:40:15.355266,317.4,317.44,0
2020-01-21 09:40:16,N,AAPL,317.4,3.0,317.44,2.0,0.0,0.0,2020-01-21 09:40:16.721774,317.42,317.46,0
2020-01-21 09:40:17,N,AAPL,317.42,2.0,317.46,2.0,0.0,0.0,2020-01-21 09:40:17.653056,317.43,317.46,0
2020-01-21 09:40:18,N,AAPL,317.43,1.0,317.46,3.0,-1.0,2.0,2020-01-21 09:40:18.180474,317.48,317.5,1
2020-01-21 09:40:19,N,AAPL,317.48,1.0,317.5,5.0,-2.0,4.0,2020-01-21 09:40:19.881662,317.5,317.52,0
2020-01-21 09:40:21,N,AAPL,317.5,1.0,317.52,4.0,0.0,0.0,2020-01-21 09:40:21.936020,317.48,317.52,0
2020-01-21 09:40:22,N,AAPL,317.48,2.0,317.52,4.0,1.0,0.0,2020-01-21 09:40:22.059458,317.51,317.53,0
2020-01-21 09:40:23,N,AAPL,317.51,1.0,317.53,1.0,0.0,-2.0,2020-01-21 09:40:23.775436,317.53,317.55,0
2020-01-21 09:40:25,N,AAPL,317.53,1.0,317.55,1.0,0.0,0.0,2020-01-21 09:40:25.764749,317.58,317.61,1
2020-01-21 09:40:26,N,AAPL,317.58,3.0,317.61,2.0,1.0,0.0,2020-01-21 09:40:26.049729,317.6,317.62,0
2020-01-21 09:40:27,N,AAPL,317.6,2.0,317.62,4.0,0.0,3.0,2020-01-21 09:40:27.155934,317.59,317.6,0
2020-01-21 09:40:28,N,AAPL,317.59,3.0,317.6,4.0,2.0,0.0,2020-01-21 09:40:28.022841,317.61,317.65,1
2020-01-21 09:40:29,N,AAPL,317.61,1.0,317.65,2.0,-1.0,0.0,2020-01-21 09:40:29.101041,317.64,317.66,0
2020-01-21 09:40:32,N,AAPL,317.64,4.0,317.66,10.0,3.0,0.0,2020-01-21 09:40:32.841061,317.64,317.66,0
2020-01-21 09:40:36,N,AAPL,317.64,3.0,317.66,10.0,-1.0,0.0,2020-01-21 09:40:36.457354,317.64,317.68,0
2020-01-21 09:40:37,N,AAPL,317.64,4.0,317.68,1.0,1.0,0.0,2020-01-21 09:40:37.379609,317.65,317.69,0
2020-01-21 09:40:40,N,AAPL,317.65,3.0,317.69,4.0,-2.0,-2.0,2020-01-21 09:40:40.019653,317.65,317.66,0
2020-01-21 09:40:42,N,AAPL,317.65,1.0,317.66,5.0,-2.0,3.0,2020-01-21 09:40:42.128124,317.65,317.69,0
2020-01-21 09:40:43,N,AAPL,317.65,2.0,317.69,2.0,-2.0,1.0,2020-01-21 09:40:43.397523,317.64,317.66,0
2020-01-21 09:40:44,N,AAPL,317.64,2.0,317.66,5.0,0.0,3.0,2020-01-21 09:40:44.640269,317.64,317.68,0
2020-01-21 09:40:45,N,AAPL,317.64,2.0,317.68,8.0,1.0,7.0,2020-01-21 09:40:45.045264,317.67,317.69,0
2020-01-21 09:40:46,N,AAPL,317.67,1.0,317.69,4.0,-1.0,-4.0,2020-01-21 09:40:46.519141,317.66,317.7,0
2020-01-21 09:40:47,N,AAPL,317.66,1.0,317.7,8.0,0.0,5.0,2020-01-21 09:40:47.549135,317.64,317.66,0
2020-01-21 09:40:49,N,AAPL,317.64,2.0,317.66,5.0,0.0,-3.0,2020-01-21 09:40:49.523817,317.63,317.67,0
2020-01-21 09:40:50,N,AAPL,317.63,2.0,317.67,3.0,0.0,1.0,2020-01-21 09:40:50.050863,317.6,317.64,0
2020-01-21 09:40:51,N,AAPL,317.6,1.0,317.64,2.0,0.0,0.0,2020-01-21 09:40:51.208238,317.59,317.62,0
2020-01-21 09:40:52,N,AAPL,317.59,10.0,317.62,2.0,9.0,1.0,2020-01-21 09:40:52.025349,317.51,317.56,-1
2020-01-21 09:40:53,N,AAPL,317.51,2.0,317.56,5.0,1.0,0.0,2020-01-21 09:40:53.434834,317.55,317.59,0
2020-01-21 09:40:54,N,AAPL,317.55,4.0,317.59,1.0,-1.0,0.0,2020-01-21 09:40:54.004114,317.56,317.58,0
2020-01-21 09:40:58,N,AAPL,317.56,1.0,317.58,1.0,-1.0,0.0,2020-01-21 09:40:58.779844,317.52,317.55,-1
2020-01-21 09:40:59,N,AAPL,317.52,2.0,317.55,4.0,-1.0,2.0,2020-01-21 09:40:59.482766,317.51,317.55,0
2020-01-21 09:41:00,N,AAPL,317.51,1.0,317.55,4.0,-1.0,3.0,2020-01-21 09:41:00.052989,317.51,317.55,0
2020-01-21 09:41:01,N,AAPL,317.51,2.0,317.55,1.0,0.0,-1.0,2020-01-21 09:41:01.104132,317.58,317.59,1
2020-01-21 09:41:02,N,AAPL,317.58,2.0,317.59,2.0,0.0,0.0,2020-01-21 09:41:02.678235,317.58,317.6,0
2020-01-21 09:41:03,N,AAPL,317.58,1.0,317.6,1.0,-1.0,-1.0,2020-01-21 09:41:03.318772,317.56,317.6,0
2020-01-21 09:41:04,N,AAPL,317.56,3.0,317.6,1.0,2.0,0.0,2020-01-21 09:41:04.408288,317.56,317.6,0
2020-01-21 09:41:05,N,AAPL,317.56,2.0,317.6,2.0,0.0,-3.0,2020-01-21 09:41:05.066681,317.56,317.59,0
2020-01-21 09:41:06,N,AAPL,317.56,3.0,317.59,1.0,0.0,-2.0,2020-01-21 09:41:06.025267,317.55,317.57,0
2020-01-21 09:41:07,N,AAPL,317.55,1.0,317.57,6.0,0.0,3.0,2020-01-21 09:41:07.827444,317.55,317.57,0
2020-01-21 09:41:08,N,AAPL,317.55,1.0,317.57,6.0,-1.0,0.0,2020-01-21 09:41:08.667122,317.56,317.57,0
2020-01-21 09:41:09,N,AAPL,317.56,4.0,317.57,1.0,3.0,-5.0,2020-01-21 09:41:09.012820,317.61,317.63,1
2020-01-21 09:41:10,N,AAPL,317.61,4.0,317.63,4.0,0.0,0.0,2020-01-21 09:41:10.572659,317.62,317.65,0
2020-01-21 09:41:11,N,AAPL,317.62,3.0,317.65,2.0,1.0,1.0,2020-01-21 09:41:11.481395,317.62,317.65,0
2020-01-21 09:41:12,N,AAPL,317.62,4.0,317.65,4.0,0.0,2.0,2020-01-21 09:41:12.532894,317.52,317.54,-1
2020-01-21 09:41:16,N,AAPL,317.52,2.0,317.54,1.0,0.0,0.0,2020-01-21 09:41:16.509679,317.51,317.54,0
2020-01-21 09:41:17,N,AAPL,317.51,1.0,317.54,1.0,0.0,0.0,2020-01-21 09:41:17.221309,317.49,317.51,0
2020-01-21 09:41:18,N,AAPL,317.49,2.0,317.51,4.0,1.0,3.0,2020-01-21 09:41:18.730961,317.46,317.49,0
2020-01-21 09:41:19,N,AAPL,317.46,2.0,317.49,2.0,-2.0,1.0,2020-01-21 09:41:19.806280,317.48,317.52,0
2020-01-21 09:41:20,N,AAPL,317.48,3.0,317.52,1.0,2.0,0.0,2020-01-21 09:41:20.833845,317.46,317.5,0
2020-01-21 09:41:21,N,AAPL,317.46,2.0,317.5,2.0,0.0,1.0,2020-01-21 09:41:21.495048,317.49,317.53,0
2020-01-21 09:41:22,N,AAPL,317.49,2.0,317.53,3.0,-2.0,-2.0,2020-01-21 09:41:22.009723,317.47,317.51,0
2020-01-21 09:41:23,N,AAPL,317.47,4.0,317.51,1.0,3.0,0.0,2020-01-21 09:41:23.388201,317.47,317.5,0
2020-01-21 09:41:24,N,AAPL,317.47,2.0,317.5,2.0,-2.0,1.0,2020-01-21 09:41:24.108900,317.46,317.48,0
2020-01-21 09:41:25,N,AAPL,317.46,1.0,317.48,4.0,0.0,0.0,2020-01-21 09:41:25.624183,317.47,317.51,0
2020-01-21 09:41:26,N,AAPL,317.47,3.0,317.51,1.0,0.0,0.0,2020-01-21 09:41:26.540874,317.47,317.51,0
2020-01-21 09:41:27,N,AAPL,317.47,3.0,317.51,2.0,0.0,1.0,2020-01-21 09:41:27.296120,317.53,317.56,1
2020-01-21 09:41:28,N,AAPL,317.53,4.0,317.56,10.0,2.0,-2.0,2020-01-21 09:41:28.023032,317.52,317.55,0
2020-01-21 09:41:30,N,AAPL,317.52,2.0,317.55,2.0,0.0,-4.0,2020-01-21 09:41:30.582263,317.51,317.54,0
2020-01-21 09:41:31,N,AAPL,317.51,2.0,317.54,1.0,1.0,-3.0,2020-01-21 09:41:31.258612,317.48,317.52,0
2020-01-21 09:41:34,N,AAPL,317.48,2.0,317.52,4.0,-2.0,1.0,2020-01-21 09:41:34.145276,317.51,317.54,0
2020-01-21 09:41:35,N,AAPL,317.51,2.0,317.54,1.0,0.0,0.0,2020-01-21 09:41:35.116946,317.5,317.54,0
2020-01-21 09:41:36,N,AAPL,317.5,1.0,317.54,1.0,0.0,0.0,2020-01-21 09:41:36.368021,317.55,317.58,1
2020-01-21 09:41:38,N,AAPL,317.55,100.0,317.58,4.0,99.0,2.0,2020-01-21 09:41:38.183454,317.58,317.59,0
2020-01-21 09:41:40,N,AAPL,317.58,4.0,317.59,1.0,2.0,0.0,2020-01-21 09:41:40.526644,317.61,317.62,1
2020-01-21 09:41:41,N,AAPL,317.61,4.0,317.62,2.0,2.0,1.0,2020-01-21 09:41:41.568171,317.56,317.6,-1
2020-01-21 09:41:42,N,AAPL,317.56,3.0,317.6,5.0,-10.0,3.0,2020-01-21 09:41:42.925771,317.56,317.59,0
2020-01-21 09:41:43,N,AAPL,317.56,1.0,317.59,1.0,0.0,0.0,2020-01-21 09:41:43.031257,317.49,317.53,-1
2020-01-21 09:41:45,N,AAPL,317.49,4.0,317.53,4.0,2.0,3.0,2020-01-21 09:41:45.204003,317.45,317.49,0
2020-01-21 09:41:46,N,AAPL,317.45,2.0,317.49,1.0,1.0,-2.0,2020-01-21 09:41:46.545030,317.44,317.47,0
2020-01-21 09:41:47,N,AAPL,317.44,1.0,317.47,2.0,0.0,1.0,2020-01-21 09:41:47.234149,317.44,317.47,0
2020-01-21 09:41:48,N,AAPL,317.44,4.0,317.47,2.0,0.0,-1.0,2020-01-21 09:41:48.427838,317.44,317.48,0
2020-01-21 09:41:49,N,AAPL,317.44,4.0,317.48,3.0,-6.0,1.0,2020-01-21 09:41:49.312955,317.44,317.48,0
2020-01-21 09:41:50,N,AAPL,317.44,2.0,317.48,3.0,0.0,0.0,2020-01-21 09:41:50.060501,317.44,317.46,0
2020-01-21 09:41:51,N,AAPL,317.44,1.0,317.46,5.0,-1.0,2.0,2020-01-21 09:41:51.155731,317.48,317.52,1
2020-01-21 09:41:52,N,AAPL,317.48,4.0,317.52,2.0,1.0,1.0,2020-01-21 09:41:52.627895,317.45,317.48,0
2020-01-21 09:41:53,N,AAPL,317.45,2.0,317.48,1.0,1.0,-1.0,2020-01-21 09:41:53.706743,317.46,317.5,0
2020-01-21 09:41:54,N,AAPL,317.46,1.0,317.5,1.0,0.0,-1.0,2020-01-21 09:41:54.006219,317.46,317.5,0
2020-01-21 09:41:55,N,AAPL,317.46,3.0,317.5,1.0,2.0,0.0,2020-01-21 09:41:55.349102,317.52,317.55,1
2020-01-21 09:41:56,N,AAPL,317.52,1.0,317.55,1.0,0.0,-1.0,2020-01-21 09:41:56.055418,317.48,317.52,0
2020-01-21 09:41:57,N,AAPL,317.48,3.0,317.52,1.0,1.0,-2.0,2020-01-21 09:41:57.126395,317.52,317.55,0
2020-01-21 09:41:58,N,AAPL,317.52,1.0,317.55,1.0,-2.0,0.0,2020-01-21 09:41:58.029359,317.51,317.55,0
2020-01-21 09:41:59,N,AAPL,317.51,3.0,317.55,1.0,0.0,0.0,2020-01-21 09:41:59.145736,317.52,317.55,0
2020-01-21 09:42:00,N,AAPL,317.52,1.0,317.55,1.0,-2.0,0.0,2020-01-21 09:42:00.091569,317.53,317.56,0
2020-01-21 09:42:01,N,AAPL,317.53,1.0,317.56,1.0,0.0,0.0,2020-01-21 09:42:01.102227,317.56,317.59,0
2020-01-21 09:42:02,N,AAPL,317.56,1.0,317.59,4.0,0.0,0.0,2020-01-21 09:42:02.242668,317.58,317.61,0
2020-01-21 09:42:03,N,AAPL,317.58,2.0,317.61,2.0,1.0,-2.0,2020-01-21 09:42:03.126014,317.64,317.67,1
2020-01-21 09:42:04,N,AAPL,317.64,1.0,317.67,1.0,-2.0,-2.0,2020-01-21 09:42:04.269969,317.62,317.64,0
2020-01-21 09:42:05,N,AAPL,317.62,3.0,317.64,4.0,1.0,3.0,2020-01-21 09:42:05.113392,317.63,317.65,0
2020-01-21 09:42:06,N,AAPL,317.63,4.0,317.65,1.0,1.0,0.0,2020-01-21 09:42:06.965452,317.61,317.63,0
2020-01-21 09:42:07,N,AAPL,317.61,2.0,317.63,2.0,-1.0,0.0,2020-01-21 09:42:07.139824,317.59,317.61,0
2020-01-21 09:42:08,N,AAPL,317.59,2.0,317.61,1.0,0.0,0.0,2020-01-21 09:42:08.398744,317.56,317.59,0
2020-01-21 09:42:09,N,AAPL,317.56,1.0,317.59,5.0,0.0,4.0,2020-01-21 09:42:09.396569,317.53,317.56,0
2020-01-21 09:42:10,N,AAPL,317.53,2.0,317.56,1.0,1.0,-2.0,2020-01-21 09:42:10.055152,317.49,317.53,0
2020-01-21 09:42:11,N,AAPL,317.49,2.0,317.53,1.0,0.0,0.0,2020-01-21 09:42:11.732962,317.46,317.49,0
2020-01-21 09:42:12,N,AAPL,317.46,1.0,317.49,3.0,-2.0,-1.0,2020-01-21 09:42:12.055294,317.45,317.46,0
2020-01-21 09:42:13,N,AAPL,317.45,3.0,317.46,4.0,-1.0,3.0,2020-01-21 09:42:13.128027,317.45,317.49,0
2020-01-21 09:42:14,N,AAPL,317.45,2.0,317.49,3.0,1.0,-97.0,2020-01-21 09:42:14.304992,317.44,317.47,0
2020-01-21 09:42:15,N,AAPL,317.44,2.0,317.47,1.0,-1.0,0.0,2020-01-21 09:42:15.013923,317.46,317.49,0
2020-01-21 09:42:16,N,AAPL,317.46,2.0,317.49,3.0,-1.0,-97.0,2020-01-21 09:42:16.013615,317.44,317.48,0
2020-01-21 09:42:17,N,AAPL,317.44,3.0,317.48,2.0,1.0,1.0,2020-01-21 09:42:17.102720,317.38,317.42,-1
2020-01-21 09:42:19,N,AAPL,317.38,2.0,317.42,3.0,-2.0,0.0,2020-01-21 09:42:19.059953,317.44,317.47,1
2020-01-21 09:42:20,N,AAPL,317.44,4.0,317.47,2.0,3.0,1.0,2020-01-21 09:42:20.093479,317.45,317.48,0
2020-01-21 09:42:21,N,AAPL,317.45,1.0,317.48,1.0,0.0,-1.0,2020-01-21 09:42:21.029545,317.45,317.48,0
2020-01-21 09:42:22,N,AAPL,317.45,2.0,317.48,1.0,-1.0,0.0,2020-01-21 09:42:22.523797,317.47,317.5,0
2020-01-21 09:42:23,N,AAPL,317.47,1.0,317.5,70.0,-1.0,69.0,2020-01-21 09:42:23.125682,317.46,317.49,0
2020-01-21 09:42:24,N,AAPL,317.46,2.0,317.49,4.0,1.0,-66.0,2020-01-21 09:42:24.319520,317.47,317.48,0
2020-01-21 09:42:27,N,AAPL,317.47,1.0,317.48,1.0,-3.0,-1.0,2020-01-21 09:42:27.050423,317.45,317.48,0
2020-01-21 09:42:28,N,AAPL,317.45,2.0,317.48,2.0,-1.0,0.0,2020-01-21 09:42:28.376383,317.47,317.5,0
2020-01-21 09:42:29,N,AAPL,317.47,1.0,317.5,55.0,0.0,54.0,2020-01-21 09:42:29.047863,317.46,317.5,0
2020-01-21 09:42:30,N,AAPL,317.46,5.0,317.5,55.0,0.0,0.0,2020-01-21 09:42:30.111897,317.46,317.5,0
2020-01-21 09:42:31,N,AAPL,317.46,3.0,317.5,55.0,-2.0,0.0,2020-01-21 09:42:31.538872,317.47,317.5,0
2020-01-21 09:42:33,N,AAPL,317.47,3.0,317.5,55.0,0.0,0.0,2020-01-21 09:42:33.629530,317.42,317.45,-1
2020-01-21 09:42:34,N,AAPL,317.42,2.0,317.45,3.0,-1.0,-52.0,2020-01-21 09:42:34.381356,317.42,317.45,0
2020-01-21 09:42:35,N,AAPL,317.42,1.0,317.45,2.0,0.0,0.0,2020-01-21 09:42:35.209567,317.49,317.53,1
2020-01-21 09:42:37,N,AAPL,317.49,4.0,317.53,1.0,3.0,-3.0,2020-01-21 09:42:37.235321,317.59,317.61,1
2020-01-21 09:42:39,N,AAPL,317.59,1.0,317.61,2.0,0.0,-1.0,2020-01-21 09:42:39.164065,317.57,317.61,0
2020-01-21 09:42:40,N,AAPL,317.57,3.0,317.61,2.0,0.0,-1.0,2020-01-21 09:42:40.062518,317.52,317.54,-1
2020-01-21 09:42:42,N,AAPL,317.52,1.0,317.54,4.0,0.0,1.0,2020-01-21 09:42:42.005634,317.5,317.53,0
2020-01-21 09:42:43,N,AAPL,317.5,1.0,317.53,3.0,0.0,0.0,2020-01-21 09:42:43.025461,317.49,317.52,0
2020-01-21 09:42:44,N,AAPL,317.49,2.0,317.52,1.0,1.0,0.0,2020-01-21 09:42:44.124741,317.45,317.49,0
2020-01-21 09:42:45,N,AAPL,317.45,4.0,317.49,3.0,3.0,0.0,2020-01-21 09:42:45.243813,317.46,317.5,0
2020-01-21 09:42:46,N,AAPL,317.46,1.0,317.5,3.0,0.0,0.0,2020-01-21 09:42:46.381114,317.51,317.55,1
2020-01-21 09:42:47,N,AAPL,317.51,1.0,317.55,3.0,-2.0,1.0,2020-01-21 09:42:47.115884,317.52,317.56,0
2020-01-21 09:42:48,N,AAPL,317.52,1.0,317.56,1.0,0.0,0.0,2020-01-21 09:42:48.161313,317.52,317.53,0
2020-01-21 09:42:53,N,AAPL,317.52,1.0,317.53,4.0,0.0,2.0,2020-01-21 09:42:53.765681,317.5,317.52,0
2020-01-21 09:42:54,N,AAPL,317.5,1.0,317.52,4.0,-3.0,-1.0,2020-01-21 09:42:54.114996,317.52,317.54,0
2020-01-21 09:42:55,N,AAPL,317.52,2.0,317.54,1.0,0.0,-2.0,2020-01-21 09:42:55.874722,317.52,317.55,0
2020-01-21 09:42:56,N,AAPL,317.52,1.0,317.55,2.0,-1.0,-3.0,2020-01-21 09:42:56.524169,317.5,317.54,0
2020-01-21 09:42:57,N,AAPL,317.5,5.0,317.54,2.0,3.0,-2.0,2020-01-21 09:42:57.018931,317.5,317.54,0
2020-01-21 09:42:58,N,AAPL,317.5,4.0,317.54,2.0,0.0,-1.0,2020-01-21 09:42:58.116753,317.52,317.55,0
2020-01-21 09:42:59,N,AAPL,317.52,1.0,317.55,4.0,0.0,3.0,2020-01-21 09:42:59.171248,317.53,317.55,0
2020-01-21 09:43:01,N,AAPL,317.53,1.0,317.55,2.0,0.0,1.0,2020-01-21 09:43:01.698085,317.52,317.55,0
2020-01-21 09:43:02,N,AAPL,317.52,1.0,317.55,3.0,0.0,0.0,2020-01-21 09:43:02.006493,317.5,317.52,0
2020-01-21 09:43:03,N,AAPL,317.5,4.0,317.52,4.0,3.0,1.0,2020-01-21 09:43:03.118083,317.49,317.51,0
2020-01-21 09:43:04,N,AAPL,317.49,1.0,317.51,3.0,0.0,1.0,2020-01-21 09:43:04.335990,317.46,317.48,-1
2020-01-21 09:43:05,N,AAPL,317.46,2.0,317.48,2.0,1.0,-1.0,2020-01-21 09:43:05.785783,317.47,317.49,0
2020-01-21 09:43:06,N,AAPL,317.47,1.0,317.49,2.0,-1.0,0.0,2020-01-21 09:43:06.538143,317.48,317.5,0
2020-01-21 09:43:07,N,AAPL,317.48,1.0,317.5,1.0,-2.0,0.0,2020-01-21 09:43:07.111733,317.43,317.45,-1
2020-01-21 09:43:10,N,AAPL,317.43,1.0,317.45,1.0,0.0,-2.0,2020-01-21 09:43:10.187073,317.4,317.43,0
2020-01-21 09:43:11,N,AAPL,317.4,2.0,317.43,1.0,0.0,-1.0,2020-01-21 09:43:11.282825,317.43,317.47,0
2020-01-21 09:43:13,N,AAPL,317.43,3.0,317.47,3.0,-2.0,2.0,2020-01-21 09:43:13.006135,317.43,317.47,0
2020-01-21 09:43:14,N,AAPL,317.43,2.0,317.47,3.0,-1.0,0.0,2020-01-21 09:43:14.282970,317.44,317.47,0
2020-01-21 09:43:15,N,AAPL,317.44,2.0,317.47,1.0,0.0,0.0,2020-01-21 09:43:15.144599,317.44,317.47,0
2020-01-21 09:43:16,N,AAPL,317.44,3.0,317.47,1.0,1.0,0.0,2020-01-21 09:43:16.017517,317.41,317.44,0
2020-01-21 09:43:17,N,AAPL,317.41,1.0,317.44,5.0,-2.0,4.0,2020-01-21 09:43:17.105412,317.38,317.41,0
2020-01-21 09:43:18,N,AAPL,317.38,16.0,317.41,5.0,13.0,4.0,2020-01-21 09:43:18.346321,317.38,317.41,0
2020-01-21 09:43:19,N,AAPL,317.38,1.0,317.41,1.0,-2.0,0.0,2020-01-21 09:43:19.258655,317.38,317.39,0
2020-01-21 09:43:20,N,AAPL,317.38,1.0,317.39,2.0,-2.0,1.0,2020-01-21 09:43:20.733204,317.37,317.41,0
2020-01-21 09:43:21,N,AAPL,317.37,3.0,317.41,1.0,-1.0,0.0,2020-01-21 09:43:21.174526,317.35,317.39,0
2020-01-21 09:43:22,N,AAPL,317.35,3.0,317.39,2.0,2.0,-1.0,2020-01-21 09:43:22.152096,317.35,317.37,0
2020-01-21 09:43:23,N,AAPL,317.35,4.0,317.37,1.0,1.0,-2.0,2020-01-21 09:43:23.394172,317.29,317.31,-1
2020-01-21 09:43:24,N,AAPL,317.29,3.0,317.31,4.0,-6.0,1.0,2020-01-21 09:43:24.012298,317.33,317.36,1
2020-01-21 09:43:25,N,AAPL,317.33,1.0,317.36,1.0,0.0,-2.0,2020-01-21 09:43:25.112170,317.38,317.41,1
2020-01-21 09:43:26,N,AAPL,317.38,1.0,317.41,2.0,-3.0,1.0,2020-01-21 09:43:26.004451,317.46,317.49,1
2020-01-21 09:43:27,N,AAPL,317.46,1.0,317.49,2.0,-2.0,0.0,2020-01-21 09:43:27.298799,317.46,317.49,0
2020-01-21 09:43:29,N,AAPL,317.46,1.0,317.49,2.0,-45.0,0.0,2020-01-21 09:43:29.901537,317.48,317.51,0
2020-01-21 09:43:30,N,AAPL,317.48,2.0,317.51,2.0,1.0,0.0,2020-01-21 09:43:30.205844,317.53,317.56,1
2020-01-21 09:43:31,N,AAPL,317.53,3.0,317.56,2.0,1.0,1.0,2020-01-21 09:43:31.098621,317.55,317.57,0
2020-01-21 09:43:32,N,AAPL,317.55,2.0,317.57,1.0,1.0,0.0,2020-01-21 09:43:32.529225,317.55,317.59,0
2020-01-21 09:43:33,N,AAPL,317.55,2.0,317.59,2.0,1.0,0.0,2020-01-21 09:43:33.003813,317.46,317.5,-1
2020-01-21 09:43:34,N,AAPL,317.46,2.0,317.5,1.0,0.0,-2.0,2020-01-21 09:43:34.261523,317.44,317.47,0
2020-01-21 09:43:35,N,AAPL,317.44,44.0,317.47,1.0,0.0,0.0,2020-01-21 09:43:35.186594,317.39,317.41,-1
2020-01-21 09:43:36,N,AAPL,317.39,2.0,317.41,4.0,0.0,3.0,2020-01-21 09:43:36.186950,317.39,317.41,0
2020-01-21 09:43:38,N,AAPL,317.39,2.0,317.41,2.0,0.0,1.0,2020-01-21 09:43:38.373319,317.41,317.44,0
2020-01-21 09:43:40,N,AAPL,317.41,2.0,317.44,1.0,0.0,-2.0,2020-01-21 09:43:40.233829,317.41,317.44,0
2020-01-21 09:43:41,N,AAPL,317.41,2.0,317.44,1.0,0.0,0.0,2020-01-21 09:43:41.840182,317.42,317.46,0
2020-01-21 09:43:42,N,AAPL,317.42,1.0,317.46,1.0,-1.0,-2.0,2020-01-21 09:43:42.068659,317.43,317.48,0
2020-01-21 09:43:43,N,AAPL,317.43,3.0,317.48,3.0,0.0,2.0,2020-01-21 09:43:43.152418,317.42,317.45,0
2020-01-21 09:43:44,N,AAPL,317.42,2.0,317.45,4.0,1.0,2.0,2020-01-21 09:43:44.263686,317.44,317.47,0
2020-01-21 09:43:45,N,AAPL,317.44,3.0,317.47,1.0,1.0,-1.0,2020-01-21 09:43:45.957579,317.45,317.47,0
2020-01-21 09:43:46,N,AAPL,317.45,3.0,317.47,1.0,0.0,0.0,2020-01-21 09:43:46.769161,317.44,317.48,0
2020-01-21 09:43:48,N,AAPL,317.44,3.0,317.48,1.0,0.0,0.0,2020-01-21 09:43:48.569419,317.44,317.48,0
2020-01-21 09:43:49,N,AAPL,317.44,3.0,317.48,1.0,0.0,0.0,2020-01-21 09:43:49.259321,317.49,317.51,1
2020-01-21 09:43:50,N,AAPL,317.49,3.0,317.51,2.0,2.0,1.0,2020-01-21 09:43:50.416431,317.57,317.59,1
2020-01-21 09:43:51,N,AAPL,317.57,1.0,317.59,2.0,-1.0,0.0,2020-01-21 09:43:51.129486,317.64,317.65,1
2020-01-21 09:43:54,N,AAPL,317.64,1.0,317.65,4.0,0.0,1.0,2020-01-21 09:43:54.627171,317.64,317.66,0
2020-01-21 09:43:55,N,AAPL,317.64,1.0,317.66,1.0,0.0,-3.0,2020-01-21 09:43:55.157840,317.65,317.68,0
2020-01-21 09:43:58,N,AAPL,317.65,3.0,317.68,9.0,1.0,-1.0,2020-01-21 09:43:58.049718,317.76,317.8,1
2020-01-21 09:43:59,N,AAPL,317.76,5.0,317.8,3.0,2.0,0.0,2020-01-21 09:43:59.078315,317.76,317.8,0
2020-01-21 09:44:00,N,AAPL,317.76,6.0,317.8,3.0,1.0,0.0,2020-01-21 09:44:00.000393,317.78,317.8,0
2020-01-21 09:44:01,N,AAPL,317.78,2.0,317.8,3.0,-2.0,0.0,2020-01-21 09:44:01.000188,317.77,317.8,0
2020-01-21 09:44:03,N,AAPL,317.77,2.0,317.8,3.0,0.0,0.0,2020-01-21 09:44:03.183771,317.79,317.8,0
2020-01-21 09:44:04,N,AAPL,317.79,6.0,317.8,1.0,4.0,-2.0,2020-01-21 09:44:04.687834,317.85,317.87,1
2020-01-21 09:44:05,N,AAPL,317.85,4.0,317.87,1.0,0.0,0.0,2020-01-21 09:44:05.324952,317.92,317.94,1
2020-01-21 09:44:08,N,AAPL,317.92,2.0,317.94,1.0,-2.0,0.0,2020-01-21 09:44:08.616602,317.91,317.95,0
2020-01-21 09:44:10,N,AAPL,317.91,1.0,317.95,7.0,-1.0,6.0,2020-01-21 09:44:10.084805,317.82,317.84,-1
2020-01-21 09:44:12,N,AAPL,317.82,1.0,317.84,10.0,0.0,4.0,2020-01-21 09:44:12.868917,317.86,317.89,1
2020-01-21 09:44:13,N,AAPL,317.86,4.0,317.89,4.0,3.0,-6.0,2020-01-21 09:44:13.383488,317.86,317.88,0
2020-01-21 09:44:14,N,AAPL,317.86,1.0,317.88,2.0,-2.0,-2.0,2020-01-21 09:44:14.596297,317.86,317.89,0
2020-01-21 09:44:15,N,AAPL,317.86,2.0,317.89,1.0,1.0,-1.0,2020-01-21 09:44:15.498917,317.87,317.92,0
2020-01-21 09:44:16,N,AAPL,317.87,4.0,317.92,1.0,2.0,0.0,2020-01-21 09:44:16.224619,317.9,317.93,0
2020-01-21 09:44:19,N,AAPL,317.9,2.0,317.93,2.0,-1.0,0.0,2020-01-21 09:44:19.237088,317.91,317.94,0
2020-01-21 09:44:20,N,AAPL,317.91,3.0,317.94,9.0,1.0,-1.0,2020-01-21 09:44:20.166689,317.96,317.98,1
2020-01-21 09:44:22,N,AAPL,317.96,4.0,317.98,4.0,3.0,-5.0,2020-01-21 09:44:22.551539,317.97,317.99,0
2020-01-21 09:44:23,N,AAPL,317.97,4.0,317.99,2.0,0.0,-2.0,2020-01-21 09:44:23.143991,318.04,318.06,1
2020-01-21 09:44:24,N,AAPL,318.04,1.0,318.06,2.0,-1.0,1.0,2020-01-21 09:44:24.540779,318.0,318.02,-1
2020-01-21 09:44:25,N,AAPL,318.0,2.0,318.02,4.0,1.0,2.0,2020-01-21 09:44:25.343458,318.07,318.11,1
2020-01-21 09:44:28,N,AAPL,318.07,2.0,318.11,2.0,0.0,-2.0,2020-01-21 09:44:28.573994,318.04,318.07,0
2020-01-21 09:44:29,N,AAPL,318.04,2.0,318.07,5.0,0.0,3.0,2020-01-21 09:44:29.530536,318.05,318.09,0
2020-01-21 09:44:30,N,AAPL,318.05,3.0,318.09,5.0,1.0,0.0,2020-01-21 09:44:30.610729,318.01,318.05,0
2020-01-21 09:44:31,N,AAPL,318.01,1.0,318.05,1.0,-1.0,-2.0,2020-01-21 09:44:31.075704,317.9,317.92,-1
2020-01-21 09:44:32,N,AAPL,317.9,4.0,317.92,2.0,3.0,0.0,2020-01-21 09:44:32.041662,317.91,317.95,0
2020-01-21 09:44:33,N,AAPL,317.91,1.0,317.95,2.0,-3.0,1.0,2020-01-21 09:44:33.064235,317.96,317.98,1
2020-01-21 09:44:34,N,AAPL,317.96,2.0,317.98,4.0,0.0,3.0,2020-01-21 09:44:34.427937,317.92,317.96,0
2020-01-21 09:44:35,N,AAPL,317.92,2.0,317.96,2.0,1.0,-1.0,2020-01-21 09:44:35.035249,317.95,317.98,0
2020-01-21 09:44:36,N,AAPL,317.95,4.0,317.98,2.0,3.0,0.0,2020-01-21 09:44:36.027193,317.97,318.0,0
2020-01-21 09:44:37,N,AAPL,317.97,4.0,318.0,2.0,3.0,0.0,2020-01-21 09:44:37.291262,317.98,318.0,0
2020-01-21 09:44:38,N,AAPL,317.98,1.0,318.0,2.0,-1.0,0.0,2020-01-21 09:44:38.137379,318.0,318.02,0
2020-01-21 09:44:39,N,AAPL,318.0,2.0,318.02,2.0,1.0,0.0,2020-01-21 09:44:39.906921,318.01,318.04,0
2020-01-21 09:44:40,N,AAPL,318.01,3.0,318.04,2.0,2.0,-1.0,2020-01-21 09:44:40.138432,317.96,317.99,-1
2020-01-21 09:44:41,N,AAPL,317.96,2.0,317.99,1.0,1.0,0.0,2020-01-21 09:44:41.030495,317.96,317.99,0
2020-01-21 09:44:42,N,AAPL,317.96,2.0,317.99,2.0,0.0,-1.0,2020-01-21 09:44:42.035188,317.96,317.99,0
2020-01-21 09:44:44,N,AAPL,317.96,2.0,317.99,4.0,0.0,2.0,2020-01-21 09:44:44.847437,317.89,317.91,-1
2020-01-21 09:44:45,N,AAPL,317.89,2.0,317.91,2.0,0.0,-1.0,2020-01-21 09:44:45.003922,317.85,317.88,-1
2020-01-21 09:44:46,N,AAPL,317.85,2.0,317.88,1.0,-1.0,-1.0,2020-01-21 09:44:46.028019,317.81,317.83,-1
2020-01-21 09:44:47,N,AAPL,317.81,4.0,317.83,1.0,0.0,0.0,2020-01-21 09:44:47.674821,317.8,317.83,0
2020-01-21 09:44:50,N,AAPL,317.8,4.0,317.83,2.0,0.0,-1.0,2020-01-21 09:44:50.721176,317.82,317.84,0
2020-01-21 09:44:51,N,AAPL,317.82,2.0,317.84,4.0,-2.0,2.0,2020-01-21 09:44:51.543519,317.84,317.85,0
2020-01-21 09:44:52,N,AAPL,317.84,4.0,317.85,2.0,2.0,-2.0,2020-01-21 09:44:52.613029,317.9,317.94,1
2020-01-21 09:44:53,N,AAPL,317.9,2.0,317.94,2.0,0.0,0.0,2020-01-21 09:44:53.811482,317.91,317.94,0
2020-01-21 09:44:54,N,AAPL,317.91,2.0,317.94,2.0,0.0,1.0,2020-01-21 09:44:54.572350,317.73,317.78,-1
2020-01-21 09:44:55,N,AAPL,317.73,2.0,317.78,2.0,-3.0,1.0,2020-01-21 09:44:55.003140,317.61,317.64,-1
2020-01-21 09:44:56,N,AAPL,317.61,1.0,317.64,2.0,0.0,1.0,2020-01-21 09:44:56.565734,317.8,317.87,1
2020-01-21 09:44:59,N,AAPL,317.8,2.0,317.87,1.0,0.0,0.0,2020-01-21 09:44:59.567955,317.75,317.81,0
2020-01-21 09:45:00,N,AAPL,317.75,2.0,317.81,4.0,0.0,3.0,2020-01-21 09:45:00.113740,317.71,317.72,-1
2020-01-21 09:45:02,N,AAPL,317.71,1.0,317.72,1.0,-1.0,-3.0,2020-01-21 09:45:02.136713,317.64,317.65,-1
2020-01-21 09:45:03,N,AAPL,317.64,3.0,317.65,2.0,1.0,-1.0,2020-01-21 09:45:03.074151,317.72,317.77,1
2020-01-21 09:45:04,N,AAPL,317.72,2.0,317.77,1.0,1.0,-1.0,2020-01-21 09:45:04.223777,317.62,317.66,-1
2020-01-21 09:45:06,N,AAPL,317.62,1.0,317.66,4.0,-1.0,3.0,2020-01-21 09:45:06.625102,317.71,317.72,1
2020-01-21 09:45:09,N,AAPL,317.71,1.0,317.72,2.0,0.0,0.0,2020-01-21 09:45:09.194642,317.83,317.87,1
2020-01-21 09:45:10,N,AAPL,317.83,3.0,317.87,2.0,2.0,0.0,2020-01-21 09:45:10.161386,317.8,317.85,0
2020-01-21 09:45:13,N,AAPL,317.8,3.0,317.85,2.0,0.0,0.0,2020-01-21 09:45:13.088132,317.81,317.85,0
2020-01-21 09:45:14,N,AAPL,317.81,2.0,317.85,2.0,0.0,0.0,2020-01-21 09:45:14.067328,317.8,317.84,0
2020-01-21 09:45:15,N,AAPL,317.8,2.0,317.84,2.0,0.0,1.0,2020-01-21 09:45:15.700741,317.77,317.82,0
2020-01-21 09:45:16,N,AAPL,317.77,3.0,317.82,2.0,1.0,0.0,2020-01-21 09:45:16.259718,317.8,317.82,0
2020-01-21 09:45:17,N,AAPL,317.8,2.0,317.82,4.0,-1.0,0.0,2020-01-21 09:45:17.441504,317.92,317.96,1
2020-01-21 09:45:18,N,AAPL,317.92,1.0,317.96,1.0,0.0,-3.0,2020-01-21 09:45:18.124329,317.95,317.98,0
2020-01-21 09:45:21,N,AAPL,317.95,1.0,317.98,2.0,0.0,1.0,2020-01-21 09:45:21.301007,317.91,317.94,-1
2020-01-21 09:45:22,N,AAPL,317.91,2.0,317.94,4.0,1.0,2.0,2020-01-21 09:45:22.430177,317.81,317.85,-1
2020-01-21 09:45:23,N,AAPL,317.81,2.0,317.85,2.0,1.0,-2.0,2020-01-21 09:45:23.132421,317.79,317.84,0
2020-01-21 09:45:24,N,AAPL,317.79,2.0,317.84,3.0,0.0,0.0,2020-01-21 09:45:24.091914,317.79,317.82,0
2020-01-21 09:45:26,N,AAPL,317.79,2.0,317.82,1.0,-1.0,-3.0,2020-01-21 09:45:26.076080,317.77,317.78,-1
2020-01-21 09:45:27,N,AAPL,317.77,2.0,317.78,1.0,0.0,-1.0,2020-01-21 09:45:27.001741,317.81,317.85,1
2020-01-21 09:45:28,N,AAPL,317.81,6.0,317.85,2.0,4.0,-2.0,2020-01-21 09:45:28.995900,317.81,317.85,0
2020-01-21 09:45:29,N,AAPL,317.81,2.0,317.85,4.0,-3.0,2.0,2020-01-21 09:45:29.914159,317.79,317.82,0
2020-01-21 09:45:30,N,AAPL,317.79,1.0,317.82,3.0,-1.0,-1.0,2020-01-21 09:45:30.016216,317.83,317.86,1
2020-01-21 09:45:31,N,AAPL,317.83,3.0,317.86,4.0,2.0,1.0,2020-01-21 09:45:31.313411,317.92,317.95,1
2020-01-21 09:45:32,N,AAPL,317.92,2.0,317.95,1.0,-2.0,-3.0,2020-01-21 09:45:32.101943,317.89,317.93,0
2020-01-21 09:45:35,N,AAPL,317.89,2.0,317.93,4.0,0.0,3.0,2020-01-21 09:45:35.186920,317.83,317.85,-1
2020-01-21 09:45:37,N,AAPL,317.83,2.0,317.85,2.0,-1.0,0.0,2020-01-21 09:45:37.297605,317.81,317.85,0
2020-01-21 09:45:38,N,AAPL,317.81,2.0,317.85,1.0,-1.0,0.0,2020-01-21 09:45:38.232012,317.89,317.92,1
2020-01-21 09:45:39,N,AAPL,317.89,1.0,317.92,1.0,0.0,-1.0,2020-01-21 09:45:39.292550,317.88,317.91,0
2020-01-21 09:45:40,N,AAPL,317.88,1.0,317.91,2.0,0.0,0.0,2020-01-21 09:45:40.664678,317.9,317.92,0
2020-01-21 09:45:41,N,AAPL,317.9,4.0,317.92,2.0,3.0,0.0,2020-01-21 09:45:41.197125,317.86,317.89,-1
2020-01-21 09:45:43,N,AAPL,317.86,1.0,317.89,2.0,0.0,-1.0,2020-01-21 09:45:43.380834,317.84,317.88,0
2020-01-21 09:45:44,N,AAPL,317.84,1.0,317.88,2.0,0.0,0.0,2020-01-21 09:45:44.334191,317.87,317.91,0
2020-01-21 09:45:46,N,AAPL,317.87,1.0,317.91,2.0,0.0,0.0,2020-01-21 09:45:46.738549,317.88,317.92,0
2020-01-21 09:45:47,N,AAPL,317.88,1.0,317.92,2.0,-2.0,0.0,2020-01-21 09:45:47.626146,317.88,317.9,0
2020-01-21 09:45:48,N,AAPL,317.88,2.0,317.9,2.0,1.0,0.0,2020-01-21 09:45:48.235088,317.9,317.93,0
2020-01-21 09:45:49,N,AAPL,317.9,1.0,317.93,1.0,-2.0,-1.0,2020-01-21 09:45:49.236743,317.89,317.92,0
2020-01-21 09:45:50,N,AAPL,317.89,2.0,317.92,2.0,1.0,1.0,2020-01-21 09:45:50.149915,317.88,317.92,0
2020-01-21 09:45:51,N,AAPL,317.88,3.0,317.92,4.0,1.0,2.0,2020-01-21 09:45:51.293748,317.86,317.89,0
2020-01-21 09:45:52,N,AAPL,317.86,2.0,317.89,1.0,0.0,0.0,2020-01-21 09:45:52.304739,317.83,317.86,0
2020-01-21 09:45:56,N,AAPL,317.83,1.0,317.86,5.0,0.0,2.0,2020-01-21 09:45:56.505776,317.84,317.89,0
2020-01-21 09:45:57,N,AAPL,317.84,5.0,317.89,3.0,4.0,-2.0,2020-01-21 09:45:57.467280,317.84,317.89,0
2020-01-21 09:45:58,N,AAPL,317.84,1.0,317.89,3.0,-2.0,1.0,2020-01-21 09:45:58.041246,317.93,317.95,1
2020-01-21 09:46:00,N,AAPL,317.93,2.0,317.95,2.0,1.0,-10.0,2020-01-21 09:46:00.019297,317.93,317.98,0
2020-01-21 09:46:01,N,AAPL,317.93,3.0,317.98,2.0,2.0,1.0,2020-01-21 09:46:01.258951,317.98,317.99,0
2020-01-21 09:46:02,N,AAPL,317.98,4.0,317.99,1.0,1.0,-1.0,2020-01-21 09:46:02.652478,317.95,317.99,0
2020-01-21 09:46:03,N,AAPL,317.95,2.0,317.99,2.0,1.0,-1.0,2020-01-21 09:46:03.904393,317.97,317.98,0
2020-01-21 09:46:06,N,AAPL,317.97,4.0,317.98,1.0,2.0,-1.0,2020-01-21 09:46:06.529398,317.99,318.0,1
2020-01-21 09:46:09,N,AAPL,317.99,8.0,318.0,3.0,6.0,1.0,2020-01-21 09:46:09.522167,317.99,318.0,0
2020-01-21 09:46:10,N,AAPL,317.99,4.0,318.0,1.0,1.0,-3.0,2020-01-21 09:46:10.047280,318.02,318.04,1
2020-01-21 09:46:11,N,AAPL,318.02,4.0,318.04,3.0,1.0,2.0,2020-01-21 09:46:11.424479,317.97,317.98,-1
2020-01-21 09:46:12,N,AAPL,317.97,2.0,317.98,4.0,1.0,1.0,2020-01-21 09:46:12.568678,318.02,318.05,1
2020-01-21 09:46:13,N,AAPL,318.02,4.0,318.05,8.0,2.0,6.0,2020-01-21 09:46:13.875425,318.0,318.04,0
2020-01-21 09:46:14,N,AAPL,318.0,4.0,318.04,4.0,0.0,-4.0,2020-01-21 09:46:14.693046,318.0,318.05,0
2020-01-21 09:46:15,N,AAPL,318.0,4.0,318.05,8.0,1.0,7.0,2020-01-21 09:46:15.128990,318.02,318.04,0
2020-01-21 09:46:16,N,AAPL,318.02,1.0,318.04,1.0,-1.0,0.0,2020-01-21 09:46:16.772268,318.03,318.04,0
2020-01-21 09:46:22,N,AAPL,318.03,1.0,318.04,4.0,0.0,3.0,2020-01-21 09:46:22.169029,318.0,318.02,-1
2020-01-21 09:46:23,N,AAPL,318.0,1.0,318.02,5.0,-1.0,4.0,2020-01-21 09:46:23.061306,318.01,318.04,0
2020-01-21 09:46:24,N,AAPL,318.01,2.0,318.04,1.0,0.0,-2.0,2020-01-21 09:46:24.070774,318.06,318.07,1
2020-01-21 09:46:25,N,AAPL,318.06,2.0,318.07,2.0,1.0,0.0,2020-01-21 09:46:25.733281,318.05,318.07,0
2020-01-21 09:46:26,N,AAPL,318.05,2.0,318.07,2.0,0.0,0.0,2020-01-21 09:46:26.734030,318.07,318.09,0
2020-01-21 09:46:28,N,AAPL,318.07,4.0,318.09,1.0,3.0,-1.0,2020-01-21 09:46:28.139475,318.05,318.07,0
2020-01-21 09:46:29,N,AAPL,318.05,3.0,318.07,1.0,0.0,-1.0,2020-01-21 09:46:29.316599,318.04,318.08,0
2020-01-21 09:46:30,N,AAPL,318.04,7.0,318.08,2.0,3.0,0.0,2020-01-21 09:46:30.081926,318.06,318.09,0
2020-01-21 09:46:31,N,AAPL,318.06,2.0,318.09,1.0,1.0,-1.0,2020-01-21 09:46:31.194607,318.07,318.09,0
2020-01-21 09:46:33,N,AAPL,318.07,4.0,318.09,1.0,2.0,0.0,2020-01-21 09:46:33.431063,318.06,318.09,0
2020-01-21 09:46:35,N,AAPL,318.06,4.0,318.09,2.0,0.0,1.0,2020-01-21 09:46:35.442420,318.06,318.08,0
2020-01-21 09:46:37,N,AAPL,318.06,1.0,318.08,2.0,-1.0,1.0,2020-01-21 09:46:37.467107,318.09,318.1,1
2020-01-21 09:46:38,N,AAPL,318.09,2.0,318.1,4.0,1.0,2.0,2020-01-21 09:46:38.031061,318.14,318.15,1
2020-01-21 09:46:39,N,AAPL,318.14,4.0,318.15,1.0,-1.0,-1.0,2020-01-21 09:46:39.318283,318.17,318.19,1
2020-01-21 09:46:40,N,AAPL,318.17,1.0,318.19,1.0,-3.0,-1.0,2020-01-21 09:46:40.951345,318.15,318.18,0
2020-01-21 09:46:41,N,AAPL,318.15,2.0,318.18,1.0,1.0,0.0,2020-01-21 09:46:41.018477,318.15,318.17,0
2020-01-21 09:46:43,N,AAPL,318.15,1.0,318.17,1.0,-1.0,0.0,2020-01-21 09:46:43.492748,318.15,318.19,0
2020-01-21 09:46:44,N,AAPL,318.15,1.0,318.19,1.0,-1.0,-1.0,2020-01-21 09:46:44.217251,318.14,318.17,0
2020-01-21 09:46:45,N,AAPL,318.14,1.0,318.17,1.0,0.0,0.0,2020-01-21 09:46:45.119861,318.21,318.24,1
2020-01-21 09:46:47,N,AAPL,318.21,3.0,318.24,13.0,0.0,11.0,2020-01-21 09:46:47.084762,318.3,318.33,1
2020-01-21 09:46:49,N,AAPL,318.3,6.0,318.33,2.0,5.0,0.0,2020-01-21 09:46:49.442301,318.26,318.29,-1
2020-01-21 09:46:50,N,AAPL,318.26,4.0,318.29,1.0,3.0,-1.0,2020-01-21 09:46:50.130052,318.2,318.24,-1
2020-01-21 09:46:51,N,AAPL,318.2,20.0,318.24,2.0,18.0,0.0,2020-01-21 09:46:51.076190,318.26,318.29,1
2020-01-21 09:46:54,N,AAPL,318.26,4.0,318.29,4.0,2.0,3.0,2020-01-21 09:46:54.638684,318.26,318.29,0
2020-01-21 09:46:55,N,AAPL,318.26,2.0,318.29,3.0,0.0,1.0,2020-01-21 09:46:55.118504,318.27,318.3,0
2020-01-21 09:46:56,N,AAPL,318.27,2.0,318.3,1.0,0.0,-3.0,2020-01-21 09:46:56.160536,318.24,318.25,-1
2020-01-21 09:46:57,N,AAPL,318.24,1.0,318.25,4.0,-1.0,2.0,2020-01-21 09:46:57.389427,318.23,318.26,0
2020-01-21 09:46:59,N,AAPL,318.23,2.0,318.26,2.0,0.0,0.0,2020-01-21 09:46:59.995046,318.25,318.27,0
2020-01-21 09:47:00,N,AAPL,318.25,2.0,318.27,2.0,0.0,0.0,2020-01-21 09:47:00.540422,318.25,318.3,0
2020-01-21 09:47:01,N,AAPL,318.25,2.0,318.3,6.0,0.0,1.0,2020-01-21 09:47:01.351527,318.26,318.29,0
2020-01-21 09:47:03,N,AAPL,318.26,2.0,318.29,1.0,0.0,-7.0,2020-01-21 09:47:03.718560,318.27,318.29,0
2020-01-21 09:47:04,N,AAPL,318.27,3.0,318.29,4.0,1.0,3.0,2020-01-21 09:47:04.828264,318.26,318.29,0
2020-01-21 09:47:05,N,AAPL,318.26,2.0,318.29,1.0,-1.0,-3.0,2020-01-21 09:47:05.182373,318.26,318.29,0
2020-01-21 09:47:08,N,AAPL,318.26,2.0,318.29,2.0,0.0,1.0,2020-01-21 09:47:08.307347,318.24,318.26,0
2020-01-21 09:47:09,N,AAPL,318.24,1.0,318.26,2.0,-1.0,0.0,2020-01-21 09:47:09.119569,318.27,318.29,1
2020-01-21 09:47:11,N,AAPL,318.27,2.0,318.29,1.0,1.0,-1.0,2020-01-21 09:47:11.082023,318.26,318.29,0
2020-01-21 09:47:12,N,AAPL,318.26,1.0,318.29,1.0,-1.0,0.0,2020-01-21 09:47:12.466530,318.24,318.28,0
2020-01-21 09:47:13,N,AAPL,318.24,5.0,318.28,2.0,4.0,0.0,2020-01-21 09:47:13.004627,318.27,318.29,0
2020-01-21 09:47:14,N,AAPL,318.27,4.0,318.29,1.0,0.0,0.0,2020-01-21 09:47:14.471653,318.23,318.25,-1
2020-01-21 09:47:15,N,AAPL,318.23,2.0,318.25,5.0,1.0,3.0,2020-01-21 09:47:15.645905,318.24,318.27,0
2020-01-21 09:47:16,N,AAPL,318.24,1.0,318.27,2.0,-1.0,0.0,2020-01-21 09:47:16.010023,318.27,318.29,0
2020-01-21 09:47:17,N,AAPL,318.27,4.0,318.29,2.0,2.0,-1.0,2020-01-21 09:47:17.005234,318.29,318.31,0
2020-01-21 09:47:19,N,AAPL,318.29,4.0,318.31,5.0,2.0,3.0,2020-01-21 09:47:19.044222,318.32,318.35,1
2020-01-21 09:47:20,N,AAPL,318.32,1.0,318.35,1.0,0.0,-1.0,2020-01-21 09:47:20.135657,318.35,318.39,0
2020-01-21 09:47:21,N,AAPL,318.35,2.0,318.39,3.0,1.0,2.0,2020-01-21 09:47:21.170688,318.31,318.35,0
2020-01-21 09:47:22,N,AAPL,318.31,2.0,318.35,1.0,0.0,-1.0,2020-01-21 09:47:22.448875,318.26,318.29,-1
2020-01-21 09:47:23,N,AAPL,318.26,4.0,318.29,1.0,0.0,0.0,2020-01-21 09:47:23.048280,318.23,318.26,0
2020-01-21 09:47:24,N,AAPL,318.23,2.0,318.26,3.0,-1.0,1.0,2020-01-21 09:47:24.568664,318.18,318.22,-1
2020-01-21 09:47:25,N,AAPL,318.18,2.0,318.22,1.0,-6.0,0.0,2020-01-21 09:47:25.288986,318.21,318.26,0
2020-01-21 09:47:26,N,AAPL,318.21,3.0,318.26,2.0,2.0,0.0,2020-01-21 09:47:26.015386,318.19,318.23,0
2020-01-21 09:47:27,N,AAPL,318.19,2.0,318.23,1.0,1.0,-2.0,2020-01-21 09:47:27.089000,318.23,318.27,0
2020-01-21 09:47:29,N,AAPL,318.23,2.0,318.27,6.0,1.0,3.0,2020-01-21 09:47:29.199273,318.23,318.27,0
2020-01-21 09:47:30,N,AAPL,318.23,2.0,318.27,4.0,0.0,1.0,2020-01-21 09:47:30.088015,318.24,318.28,0
2020-01-21 09:47:31,N,AAPL,318.24,2.0,318.28,5.0,-1.0,1.0,2020-01-21 09:47:31.205504,318.26,318.28,0
2020-01-21 09:47:33,N,AAPL,318.26,3.0,318.28,2.0,1.0,-3.0,2020-01-21 09:47:33.963302,318.26,318.28,0
2020-01-21 09:47:34,N,AAPL,318.26,2.0,318.28,2.0,-1.0,0.0,2020-01-21 09:47:34.115405,318.24,318.28,0
2020-01-21 09:47:35,N,AAPL,318.24,2.0,318.28,4.0,1.0,0.0,2020-01-21 09:47:35.071798,318.26,318.28,0
2020-01-21 09:47:38,N,AAPL,318.26,2.0,318.28,4.0,1.0,0.0,2020-01-21 09:47:38.349416,318.25,318.28,0
2020-01-21 09:47:39,N,AAPL,318.25,2.0,318.28,2.0,0.0,-2.0,2020-01-21 09:47:39.283805,318.27,318.3,0
2020-01-21 09:47:40,N,AAPL,318.27,1.0,318.3,1.0,-1.0,-1.0,2020-01-21 09:47:40.255971,318.29,318.31,0
2020-01-21 09:47:43,N,AAPL,318.29,2.0,318.31,1.0,0.0,0.0,2020-01-21 09:47:43.746451,318.3,318.33,0
2020-01-21 09:47:44,N,AAPL,318.3,1.0,318.33,2.0,-1.0,1.0,2020-01-21 09:47:44.668546,318.39,318.41,1
2020-01-21 09:47:45,N,AAPL,318.39,4.0,318.41,2.0,0.0,1.0,2020-01-21 09:47:45.799119,318.45,318.46,1
2020-01-21 09:47:46,N,AAPL,318.45,2.0,318.46,2.0,-2.0,0.0,2020-01-21 09:47:46.857918,318.42,318.44,-1
2020-01-21 09:47:48,N,AAPL,318.42,2.0,318.44,2.0,0.0,0.0,2020-01-21 09:47:48.545123,318.38,318.42,0
2020-01-21 09:47:50,N,AAPL,318.38,2.0,318.42,4.0,0.0,0.0,2020-01-21 09:47:50.397284,318.39,318.42,0
2020-01-21 09:47:51,N,AAPL,318.39,2.0,318.42,2.0,-2.0,0.0,2020-01-21 09:47:51.912267,318.42,318.45,0
2020-01-21 09:47:54,N,AAPL,318.42,1.0,318.45,4.0,-1.0,3.0,2020-01-21 09:47:54.238476,318.37,318.39,-1
2020-01-21 09:47:56,N,AAPL,318.37,4.0,318.39,1.0,3.0,0.0,2020-01-21 09:47:56.801830,318.41,318.44,1
2020-01-21 09:47:57,N,AAPL,318.41,2.0,318.44,1.0,0.0,0.0,2020-01-21 09:47:57.025224,318.4,318.43,0
2020-01-21 09:47:58,N,AAPL,318.4,2.0,318.43,2.0,0.0,1.0,2020-01-21 09:47:58.844753,318.37,318.4,0
2020-01-21 09:47:59,N,AAPL,318.37,2.0,318.4,2.0,0.0,0.0,2020-01-21 09:47:59.020439,318.39,318.42,0
2020-01-21 09:48:00,N,AAPL,318.39,2.0,318.42,1.0,0.0,-3.0,2020-01-21 09:48:00.620588,318.41,318.43,0
2020-01-21 09:48:01,N,AAPL,318.41,4.0,318.43,1.0,2.0,-1.0,2020-01-21 09:48:01.802467,318.47,318.49,1
2020-01-21 09:48:04,N,AAPL,318.47,3.0,318.49,1.0,1.0,0.0,2020-01-21 09:48:04.509992,318.47,318.5,0
2020-01-21 09:48:05,N,AAPL,318.47,4.0,318.5,43.0,3.0,41.0,2020-01-21 09:48:05.645627,318.46,318.49,0
2020-01-21 09:48:06,N,AAPL,318.46,1.0,318.49,1.0,-1.0,0.0,2020-01-21 09:48:06.001288,318.54,318.57,1
2020-01-21 09:48:07,N,AAPL,318.54,2.0,318.57,2.0,0.0,-3.0,2020-01-21 09:48:07.020598,318.52,318.55,0
2020-01-21 09:48:08,N,AAPL,318.52,2.0,318.55,2.0,0.0,0.0,2020-01-21 09:48:08.592480,318.51,318.54,0
2020-01-21 09:48:09,N,AAPL,318.51,2.0,318.54,2.0,1.0,0.0,2020-01-21 09:48:09.209488,318.5,318.53,0
2020-01-21 09:48:10,N,AAPL,318.5,1.0,318.53,2.0,-1.0,0.0,2020-01-21 09:48:10.275647,318.46,318.48,-1
2020-01-21 09:48:11,N,AAPL,318.46,3.0,318.48,1.0,1.0,-3.0,2020-01-21 09:48:11.250570,318.45,318.48,0
2020-01-21 09:48:12,N,AAPL,318.45,1.0,318.48,2.0,0.0,-2.0,2020-01-21 09:48:12.561448,318.48,318.51,0
2020-01-21 09:48:13,N,AAPL,318.48,1.0,318.51,1.0,-2.0,0.0,2020-01-21 09:48:13.647047,318.49,318.53,0
2020-01-21 09:48:14,N,AAPL,318.49,1.0,318.53,1.0,0.0,0.0,2020-01-21 09:48:14.391983,318.52,318.54,0
2020-01-21 09:48:15,N,AAPL,318.52,4.0,318.54,5.0,3.0,4.0,2020-01-21 09:48:15.241158,318.58,318.61,1
2020-01-21 09:48:17,N,AAPL,318.58,2.0,318.61,2.0,0.0,0.0,2020-01-21 09:48:17.993595,318.61,318.64,0
2020-01-21 09:48:18,N,AAPL,318.61,4.0,318.64,16.0,2.0,14.0,2020-01-21 09:48:18.686788,318.72,318.74,1
2020-01-21 09:48:20,N,AAPL,318.72,4.0,318.74,2.0,0.0,-14.0,2020-01-21 09:48:20.343718,318.74,318.77,0
2020-01-21 09:48:21,N,AAPL,318.74,1.0,318.77,2.0,0.0,-2.0,2020-01-21 09:48:21.794368,318.74,318.76,0
2020-01-21 09:48:22,N,AAPL,318.74,1.0,318.76,1.0,-1.0,-1.0,2020-01-21 09:48:22.018621,318.7,318.72,-1
2020-01-21 09:48:24,N,AAPL,318.7,1.0,318.72,4.0,0.0,2.0,2020-01-21 09:48:24.762662,318.65,318.69,-1
2020-01-21 09:48:25,N,AAPL,318.65,1.0,318.69,2.0,0.0,1.0,2020-01-21 09:48:25.130075,318.65,318.68,0
2020-01-21 09:48:26,N,AAPL,318.65,2.0,318.68,2.0,1.0,0.0,2020-01-21 09:48:26.002191,318.66,318.69,0
2020-01-21 09:48:27,N,AAPL,318.66,2.0,318.69,2.0,1.0,1.0,2020-01-21 09:48:27.352316,318.7,318.73,1
2020-01-21 09:48:28,N,AAPL,318.7,2.0,318.73,1.0,0.0,-1.0,2020-01-21 09:48:28.385202,318.75,318.79,1
2020-01-21 09:48:29,N,AAPL,318.75,2.0,318.79,3.0,0.0,1.0,2020-01-21 09:48:29.075837,318.73,318.77,0
2020-01-21 09:48:30,N,AAPL,318.73,1.0,318.77,2.0,0.0,0.0,2020-01-21 09:48:30.199093,318.74,318.79,0
2020-01-21 09:48:31,N,AAPL,318.74,2.0,318.79,3.0,0.0,1.0,2020-01-21 09:48:31.303709,318.75,318.78,0
2020-01-21 09:48:34,N,AAPL,318.75,2.0,318.78,2.0,1.0,0.0,2020-01-21 09:48:34.925660,318.75,318.78,0
2020-01-21 09:48:35,N,AAPL,318.75,1.0,318.78,1.0,0.0,-1.0,2020-01-21 09:48:35.004374,318.74,318.78,0
2020-01-21 09:48:36,N,AAPL,318.74,2.0,318.78,1.0,0.0,-2.0,2020-01-21 09:48:36.406074,318.76,318.78,0
2020-01-21 09:48:37,N,AAPL,318.76,1.0,318.78,2.0,0.0,1.0,2020-01-21 09:48:37.300963,318.73,318.76,0
2020-01-21 09:48:38,N,AAPL,318.73,6.0,318.76,1.0,5.0,0.0,2020-01-21 09:48:38.091826,318.65,318.68,-1
2020-01-21 09:48:39,N,AAPL,318.65,2.0,318.68,1.0,1.0,-2.0,2020-01-21 09:48:39.810963,318.68,318.72,0
2020-01-21 09:48:40,N,AAPL,318.68,4.0,318.72,1.0,2.0,0.0,2020-01-21 09:48:40.320701,318.67,318.69,0
2020-01-21 09:48:41,N,AAPL,318.67,2.0,318.69,1.0,-1.0,-3.0,2020-01-21 09:48:41.259102,318.68,318.7,0
2020-01-21 09:48:43,N,AAPL,318.68,3.0,318.7,2.0,2.0,1.0,2020-01-21 09:48:43.331304,318.7,318.72,0
2020-01-21 09:48:44,N,AAPL,318.7,1.0,318.72,4.0,-4.0,2.0,2020-01-21 09:48:44.834511,318.67,318.7,0
2020-01-21 09:48:45,N,AAPL,318.67,2.0,318.7,4.0,0.0,-2.0,2020-01-21 09:48:45.012628,318.67,318.69,0
2020-01-21 09:48:46,N,AAPL,318.67,2.0,318.69,2.0,-1.0,-1.0,2020-01-21 09:48:46.729396,318.64,318.66,-1
2020-01-21 09:48:48,N,AAPL,318.64,1.0,318.66,3.0,-1.0,1.0,2020-01-21 09:48:48.339183,318.65,318.67,0
2020-01-21 09:48:49,N,AAPL,318.65,2.0,318.67,1.0,1.0,-2.0,2020-01-21 09:48:49.314328,318.65,318.68,0
2020-01-21 09:48:50,N,AAPL,318.65,1.0,318.68,1.0,-2.0,-1.0,2020-01-21 09:48:50.099713,318.65,318.68,0
2020-01-21 09:48:53,N,AAPL,318.65,2.0,318.68,1.0,1.0,0.0,2020-01-21 09:48:53.631940,318.66,318.68,0
2020-01-21 09:48:55,N,AAPL,318.66,1.0,318.68,3.0,-1.0,2.0,2020-01-21 09:48:55.110577,318.73,318.75,1
2020-01-21 09:48:56,N,AAPL,318.73,1.0,318.75,2.0,0.0,1.0,2020-01-21 09:48:56.985253,318.73,318.76,0
2020-01-21 09:48:57,N,AAPL,318.73,3.0,318.76,2.0,2.0,0.0,2020-01-21 09:48:57.406322,318.81,318.83,1
2020-01-21 09:49:00,N,AAPL,318.81,3.0,318.83,2.0,0.0,0.0,2020-01-21 09:49:00.222273,318.83,318.86,0
2020-01-21 09:49:01,N,AAPL,318.83,5.0,318.86,2.0,2.0,0.0,2020-01-21 09:49:01.648503,318.81,318.84,0
2020-01-21 09:49:02,N,AAPL,318.81,1.0,318.84,4.0,0.0,3.0,2020-01-21 09:49:02.499198,318.81,318.84,0
2020-01-21 09:49:04,N,AAPL,318.81,3.0,318.84,1.0,2.0,0.0,2020-01-21 09:49:04.214724,318.82,318.83,0
2020-01-21 09:49:07,N,AAPL,318.82,1.0,318.83,4.0,-2.0,3.0,2020-01-21 09:49:07.020334,318.75,318.77,-1
2020-01-21 09:49:08,N,AAPL,318.75,7.0,318.77,3.0,6.0,2.0,2020-01-21 09:49:08.115140,318.71,318.74,-1
2020-01-21 09:49:09,N,AAPL,318.71,2.0,318.74,2.0,-5.0,-1.0,2020-01-21 09:49:09.713652,318.67,318.7,-1
2020-01-21 09:49:10,N,AAPL,318.67,2.0,318.7,2.0,-2.0,0.0,2020-01-21 09:49:10.292775,318.63,318.65,-1
2020-01-21 09:49:11,N,AAPL,318.63,1.0,318.65,3.0,0.0,2.0,2020-01-21 09:49:11.268106,318.63,318.65,0
2020-01-21 09:49:12,N,AAPL,318.63,1.0,318.65,2.0,-2.0,0.0,2020-01-21 09:49:12.385568,318.66,318.69,1
2020-01-21 09:49:13,N,AAPL,318.66,2.0,318.69,2.0,0.0,1.0,2020-01-21 09:49:13.404150,318.61,318.64,-1
2020-01-21 09:49:15,N,AAPL,318.61,1.0,318.64,5.0,-1.0,0.0,2020-01-21 09:49:15.661535,318.6,318.61,0
2020-01-21 09:49:16,N,AAPL,318.6,1.0,318.61,1.0,-1.0,-3.0,2020-01-21 09:49:16.655439,318.6,318.62,0
2020-01-21 09:49:17,N,AAPL,318.6,2.0,318.62,4.0,0.0,2.0,2020-01-21 09:49:17.387543,318.6,318.62,0
2020-01-21 09:49:18,N,AAPL,318.6,1.0,318.62,2.0,-2.0,-1.0,2020-01-21 09:49:18.211821,318.55,318.58,-1
2020-01-21 09:49:20,N,AAPL,318.55,10.0,318.58,2.0,9.0,0.0,2020-01-21 09:49:20.193582,318.58,318.61,0
2020-01-21 09:49:22,N,AAPL,318.58,4.0,318.61,2.0,2.0,-4.0,2020-01-21 09:49:22.844960,318.6,318.62,0
2020-01-21 09:49:23,N,AAPL,318.6,2.0,318.62,24.0,0.0,22.0,2020-01-21 09:49:23.399018,318.6,318.62,0
2020-01-21 09:49:26,N,AAPL,318.6,2.0,318.62,17.0,0.0,15.0,2020-01-21 09:49:26.727214,318.59,318.62,0
2020-01-21 09:49:27,N,AAPL,318.59,2.0,318.62,17.0,0.0,0.0,2020-01-21 09:49:27.025485,318.61,318.63,0
2020-01-21 09:49:28,N,AAPL,318.61,3.0,318.63,2.0,1.0,-15.0,2020-01-21 09:49:28.993157,318.61,318.64,0
2020-01-21 09:49:29,N,AAPL,318.61,3.0,318.64,2.0,0.0,0.0,2020-01-21 09:49:29.944966,318.58,318.6,-1
2020-01-21 09:49:31,N,AAPL,318.58,7.0,318.6,1.0,4.0,-1.0,2020-01-21 09:49:31.340011,318.59,318.61,0
2020-01-21 09:49:32,N,AAPL,318.59,2.0,318.61,1.0,0.0,0.0,2020-01-21 09:49:32.155420,318.55,318.57,-1
2020-01-21 09:49:33,N,AAPL,318.55,10.0,318.57,2.0,8.0,1.0,2020-01-21 09:49:33.822243,318.58,318.62,1
2020-01-21 09:49:35,N,AAPL,318.58,2.0,318.62,7.0,-14.0,6.0,2020-01-21 09:49:35.412398,318.57,318.62,0
2020-01-21 09:49:36,N,AAPL,318.57,2.0,318.62,7.0,0.0,0.0,2020-01-21 09:49:36.096992,318.52,318.55,-1
2020-01-21 09:49:38,N,AAPL,318.52,1.0,318.55,3.0,-1.0,1.0,2020-01-21 09:49:38.141969,318.54,318.57,0
2020-01-21 09:49:42,N,AAPL,318.54,1.0,318.57,2.0,0.0,-1.0,2020-01-21 09:49:42.146320,318.62,318.65,1
2020-01-21 09:49:44,N,AAPL,318.62,1.0,318.65,3.0,-1.0,1.0,2020-01-21 09:49:44.643469,318.62,318.64,0
2020-01-21 09:49:45,N,AAPL,318.62,4.0,318.64,3.0,2.0,-3.0,2020-01-21 09:49:45.067313,318.59,318.62,0
2020-01-21 09:49:46,N,AAPL,318.59,1.0,318.62,4.0,-2.0,2.0,2020-01-21 09:49:46.547066,318.54,318.58,-1
2020-01-21 09:49:47,N,AAPL,318.54,2.0,318.58,2.0,-2.0,0.0,2020-01-21 09:49:47.120509,318.59,318.61,1
2020-01-21 09:49:49,N,AAPL,318.59,1.0,318.61,1.0,0.0,0.0,2020-01-21 09:49:49.458310,318.57,318.61,0
2020-01-21 09:49:50,N,AAPL,318.57,5.0,318.61,2.0,1.0,1.0,2020-01-21 09:49:50.304389,318.59,318.63,0
2020-01-21 09:49:51,N,AAPL,318.59,4.0,318.63,27.0,0.0,26.0,2020-01-21 09:49:51.665617,318.57,318.62,0
2020-01-21 09:49:52,N,AAPL,318.57,3.0,318.62,2.0,1.0,-25.0,2020-01-21 09:49:52.623799,318.63,318.64,1
2020-01-21 09:49:55,N,AAPL,318.63,4.0,318.64,2.0,1.0,0.0,2020-01-21 09:49:55.911730,318.64,318.66,0
2020-01-21 09:49:56,N,AAPL,318.64,3.0,318.66,2.0,-1.0,0.0,2020-01-21 09:49:56.188268,318.62,318.64,0
2020-01-21 09:49:57,N,AAPL,318.62,2.0,318.64,4.0,0.0,1.0,2020-01-21 09:49:57.462598,318.59,318.62,0
2020-01-21 09:49:59,N,AAPL,318.59,2.0,318.62,3.0,0.0,-1.0,2020-01-21 09:49:59.018490,318.61,318.64,0
2020-01-21 09:50:00,N,AAPL,318.61,2.0,318.64,1.0,0.0,-1.0,2020-01-21 09:50:00.031915,318.61,318.64,0
2020-01-21 09:50:01,N,AAPL,318.61,1.0,318.64,1.0,-3.0,0.0,2020-01-21 09:50:01.694486,318.61,318.65,0
2020-01-21 09:50:02,N,AAPL,318.61,1.0,318.65,4.0,0.0,3.0,2020-01-21 09:50:02.153362,318.59,318.62,0
2020-01-21 09:50:03,N,AAPL,318.59,3.0,318.62,1.0,0.0,0.0,2020-01-21 09:50:03.805581,318.58,318.59,0
2020-01-21 09:50:05,N,AAPL,318.58,2.0,318.59,2.0,-1.0,1.0,2020-01-21 09:50:05.217599,318.56,318.59,0
2020-01-21 09:50:06,N,AAPL,318.56,5.0,318.59,2.0,4.0,-6.0,2020-01-21 09:50:06.539782,318.52,318.55,-1
2020-01-21 09:50:07,N,AAPL,318.52,1.0,318.55,1.0,0.0,0.0,2020-01-21 09:50:07.038859,318.55,318.58,0
2020-01-21 09:50:08,N,AAPL,318.55,1.0,318.58,1.0,-1.0,-1.0,2020-01-21 09:50:08.250396,318.53,318.57,0
2020-01-21 09:50:09,N,AAPL,318.53,1.0,318.57,2.0,-1.0,-1.0,2020-01-21 09:50:09.078712,318.51,318.53,0
2020-01-21 09:50:10,N,AAPL,318.51,4.0,318.53,1.0,-7.0,-3.0,2020-01-21 09:50:10.964273,318.5,318.53,0
2020-01-21 09:50:13,N,AAPL,318.5,6.0,318.53,4.0,4.0,2.0,2020-01-21 09:50:13.259306,318.53,318.56,0
2020-01-21 09:50:16,N,AAPL,318.53,5.0,318.56,1.0,-1.0,-2.0,2020-01-21 09:50:16.190950,318.52,318.53,0
2020-01-21 09:50:18,N,AAPL,318.52,2.0,318.53,3.0,0.0,2.0,2020-01-21 09:50:18.089381,318.51,318.55,0
2020-01-21 09:50:19,N,AAPL,318.51,1.0,318.55,2.0,0.0,1.0,2020-01-21 09:50:19.061201,318.54,318.58,0
2020-01-21 09:50:20,N,AAPL,318.54,3.0,318.58,1.0,2.0,-1.0,2020-01-21 09:50:20.622460,318.58,318.6,0
2020-01-21 09:50:21,N,AAPL,318.58,3.0,318.6,2.0,1.0,1.0,2020-01-21 09:50:21.889840,318.52,318.56,-1
2020-01-21 09:50:22,N,AAPL,318.52,3.0,318.56,2.0,0.0,0.0,2020-01-21 09:50:22.022038,318.5,318.54,0
2020-01-21 09:50:24,N,AAPL,318.5,3.0,318.54,2.0,0.0,0.0,2020-01-21 09:50:24.113938,318.46,318.5,0
2020-01-21 09:50:25,N,AAPL,318.46,3.0,318.5,2.0,1.0,0.0,2020-01-21 09:50:25.031638,318.44,318.46,0
2020-01-21 09:50:26,N,AAPL,318.44,2.0,318.46,4.0,1.0,2.0,2020-01-21 09:50:26.637517,318.39,318.43,-1
2020-01-21 09:50:27,N,AAPL,318.39,3.0,318.43,1.0,1.0,0.0,2020-01-21 09:50:27.188791,318.44,318.47,1
2020-01-21 09:50:29,N,AAPL,318.44,4.0,318.47,2.0,2.0,-1.0,2020-01-21 09:50:29.322875,318.38,318.41,-1
2020-01-21 09:50:31,N,AAPL,318.38,2.0,318.41,1.0,1.0,-1.0,2020-01-21 09:50:31.331860,318.38,318.39,0
2020-01-21 09:50:33,N,AAPL,318.38,2.0,318.39,2.0,0.0,1.0,2020-01-21 09:50:33.543383,318.39,318.42,0
2020-01-21 09:50:34,N,AAPL,318.39,4.0,318.42,2.0,2.0,0.0,2020-01-21 09:50:34.230453,318.43,318.47,1
2020-01-21 09:50:36,N,AAPL,318.43,3.0,318.47,1.0,1.0,-2.0,2020-01-21 09:50:36.098338,318.48,318.51,1
2020-01-21 09:50:37,N,AAPL,318.48,4.0,318.51,1.0,-1.0,0.0,2020-01-21 09:50:37.917937,318.46,318.49,0
2020-01-21 09:50:38,N,AAPL,318.46,2.0,318.49,1.0,-2.0,0.0,2020-01-21 09:50:38.438848,318.46,318.5,0
2020-01-21 09:50:39,N,AAPL,318.46,2.0,318.5,2.0,0.0,-2.0,2020-01-21 09:50:39.932792,318.46,318.49,0
2020-01-21 09:50:40,N,AAPL,318.46,2.0,318.49,2.0,0.0,0.0,2020-01-21 09:50:40.106688,318.49,318.52,0
2020-01-21 09:50:43,N,AAPL,318.49,4.0,318.52,2.0,3.0,-1.0,2020-01-21 09:50:43.683106,318.44,318.48,-1
2020-01-21 09:50:45,N,AAPL,318.44,2.0,318.48,3.0,-2.0,1.0,2020-01-21 09:50:45.513068,318.47,318.49,0
2020-01-21 09:50:46,N,AAPL,318.47,2.0,318.49,2.0,0.0,-1.0,2020-01-21 09:50:46.584952,318.49,318.52,0
2020-01-21 09:50:48,N,AAPL,318.49,2.0,318.52,2.0,0.0,0.0,2020-01-21 09:50:48.300411,318.46,318.48,-1
2020-01-21 09:50:50,N,AAPL,318.46,1.0,318.48,8.0,-1.0,6.0,2020-01-21 09:50:50.038730,318.5,318.53,1
2020-01-21 09:50:54,N,AAPL,318.5,4.0,318.53,10.0,-2.0,8.0,2020-01-21 09:50:54.187170,318.5,318.52,0
2020-01-21 09:50:55,N,AAPL,318.5,8.0,318.52,1.0,4.0,-3.0,2020-01-21 09:50:55.169227,318.51,318.54,0
2020-01-21 09:50:56,N,AAPL,318.51,3.0,318.54,1.0,-5.0,0.0,2020-01-21 09:50:56.675648,318.5,318.53,0
2020-01-21 09:50:57,N,AAPL,318.5,1.0,318.53,3.0,-2.0,2.0,2020-01-21 09:50:57.433251,318.49,318.53,0
2020-01-21 09:50:59,N,AAPL,318.49,2.0,318.53,2.0,1.0,1.0,2020-01-21 09:50:59.258912,318.52,318.55,0
2020-01-21 09:51:01,N,AAPL,318.52,1.0,318.55,2.0,-1.0,0.0,2020-01-21 09:51:01.360963,318.5,318.53,0
2020-01-21 09:51:04,N,AAPL,318.5,2.0,318.53,2.0,-1.0,-2.0,2020-01-21 09:51:04.777126,318.5,318.54,0
2020-01-21 09:51:06,N,AAPL,318.5,2.0,318.54,4.0,0.0,3.0,2020-01-21 09:51:06.062032,318.56,318.59,1
2020-01-21 09:51:07,N,AAPL,318.56,2.0,318.59,4.0,-1.0,3.0,2020-01-21 09:51:07.123254,318.55,318.58,0
2020-01-21 09:51:08,N,AAPL,318.55,1.0,318.58,4.0,-1.0,3.0,2020-01-21 09:51:08.350705,318.55,318.58,0
2020-01-21 09:51:09,N,AAPL,318.55,1.0,318.58,2.0,-1.0,1.0,2020-01-21 09:51:09.254452,318.62,318.64,1
2020-01-21 09:51:10,N,AAPL,318.62,2.0,318.64,2.0,0.0,0.0,2020-01-21 09:51:10.438204,318.63,318.65,0
2020-01-21 09:51:11,N,AAPL,318.63,2.0,318.65,18.0,0.0,16.0,2020-01-21 09:51:11.158118,318.62,318.64,0
2020-01-21 09:51:13,N,AAPL,318.62,3.0,318.64,2.0,1.0,0.0,2020-01-21 09:51:13.384798,318.63,318.65,0
2020-01-21 09:51:14,N,AAPL,318.63,2.0,318.65,9.0,1.0,8.0,2020-01-21 09:51:14.141018,318.6,318.62,-1
2020-01-21 09:51:15,N,AAPL,318.6,1.0,318.62,4.0,-2.0,2.0,2020-01-21 09:51:15.235420,318.63,318.65,1
2020-01-21 09:51:16,N,AAPL,318.63,3.0,318.65,2.0,2.0,-2.0,2020-01-21 09:51:16.097660,318.58,318.62,-1
2020-01-21 09:51:17,N,AAPL,318.58,4.0,318.62,1.0,2.0,-1.0,2020-01-21 09:51:17.347404,318.63,318.65,1
2020-01-21 09:51:20,N,AAPL,318.63,4.0,318.65,2.0,0.0,0.0,2020-01-21 09:51:20.095387,318.68,318.7,1
2020-01-21 09:51:21,N,AAPL,318.68,4.0,318.7,4.0,1.0,2.0,2020-01-21 09:51:21.713241,318.68,318.7,0
2020-01-21 09:51:22,N,AAPL,318.68,1.0,318.7,4.0,-3.0,0.0,2020-01-21 09:51:22.844299,318.7,318.71,0
2020-01-21 09:51:24,N,AAPL,318.7,2.0,318.71,1.0,0.0,0.0,2020-01-21 09:51:24.113804,318.67,318.7,0
2020-01-21 09:51:27,N,AAPL,318.67,2.0,318.7,2.0,-1.0,-3.0,2020-01-21 09:51:27.502937,318.61,318.64,-1
2020-01-21 09:51:28,N,AAPL,318.61,2.0,318.64,2.0,0.0,0.0,2020-01-21 09:51:28.107530,318.6,318.62,0
2020-01-21 09:51:29,N,AAPL,318.6,2.0,318.62,2.0,1.0,0.0,2020-01-21 09:51:29.323763,318.65,318.69,1
2020-01-21 09:51:31,N,AAPL,318.65,2.0,318.69,2.0,0.0,0.0,2020-01-21 09:51:31.284223,318.62,318.65,0
2020-01-21 09:51:33,N,AAPL,318.62,3.0,318.65,8.0,1.0,6.0,2020-01-21 09:51:33.059391,318.59,318.61,-1
2020-01-21 09:51:34,N,AAPL,318.59,2.0,318.61,2.0,0.0,0.0,2020-01-21 09:51:34.880616,318.61,318.64,0
2020-01-21 09:51:37,N,AAPL,318.61,2.0,318.64,1.0,0.0,-1.0,2020-01-21 09:51:37.146971,318.64,318.68,0
2020-01-21 09:51:40,N,AAPL,318.64,2.0,318.68,27.0,0.0,26.0,2020-01-21 09:51:40.828902,318.64,318.67,0
2020-01-21 09:51:42,N,AAPL,318.64,2.0,318.67,1.0,0.0,-26.0,2020-01-21 09:51:42.626719,318.64,318.67,0
2020-01-21 09:51:43,N,AAPL,318.64,1.0,318.67,2.0,-1.0,-2.0,2020-01-21 09:51:43.609271,318.63,318.66,0
2020-01-21 09:51:44,N,AAPL,318.63,4.0,318.66,2.0,0.0,-2.0,2020-01-21 09:51:44.004182,318.62,318.64,0
2020-01-21 09:51:45,N,AAPL,318.62,2.0,318.64,4.0,1.0,0.0,2020-01-21 09:51:45.836692,318.62,318.65,0
2020-01-21 09:51:48,N,AAPL,318.62,1.0,318.65,1.0,-1.0,-1.0,2020-01-21 09:51:48.026083,318.63,318.66,0
2020-01-21 09:51:49,N,AAPL,318.63,2.0,318.66,2.0,-1.0,-24.0,2020-01-21 09:51:49.305989,318.62,318.64,0
2020-01-21 09:51:50,N,AAPL,318.62,1.0,318.64,2.0,-1.0,1.0,2020-01-21 09:51:50.939587,318.62,318.65,0
2020-01-21 09:51:51,N,AAPL,318.62,1.0,318.65,1.0,0.0,-1.0,2020-01-21 09:51:51.051851,318.61,318.63,0
2020-01-21 09:51:52,N,AAPL,318.61,4.0,318.63,4.0,3.0,3.0,2020-01-21 09:51:52.368847,318.51,318.54,-1
2020-01-21 09:51:53,N,AAPL,318.51,4.0,318.54,2.0,3.0,-1.0,2020-01-21 09:51:53.016687,318.49,318.53,0
2020-01-21 09:51:54,N,AAPL,318.49,3.0,318.53,2.0,0.0,1.0,2020-01-21 09:51:54.294238,318.56,318.59,1
2020-01-21 09:51:55,N,AAPL,318.56,2.0,318.59,2.0,1.0,0.0,2020-01-21 09:51:55.003517,318.56,318.59,0
2020-01-21 09:51:58,N,AAPL,318.56,2.0,318.59,4.0,0.0,2.0,2020-01-21 09:51:58.592109,318.53,318.56,0
2020-01-21 09:51:59,N,AAPL,318.53,1.0,318.56,2.0,0.0,-2.0,2020-01-21 09:51:59.003395,318.5,318.53,0
2020-01-21 09:52:00,N,AAPL,318.5,2.0,318.53,2.0,1.0,0.0,2020-01-21 09:52:00.000916,318.46,318.5,0
2020-01-21 09:52:01,N,AAPL,318.46,1.0,318.5,1.0,0.0,-1.0,2020-01-21 09:52:01.201995,318.45,318.48,0
2020-01-21 09:52:02,N,AAPL,318.45,3.0,318.48,3.0,2.0,1.0,2020-01-21 09:52:02.975112,318.44,318.45,0
2020-01-21 09:52:05,N,AAPL,318.44,1.0,318.45,4.0,-2.0,1.0,2020-01-21 09:52:05.436165,318.42,318.45,0
2020-01-21 09:52:07,N,AAPL,318.42,2.0,318.45,2.0,0.0,1.0,2020-01-21 09:52:07.040889,318.44,318.49,0
2020-01-21 09:52:08,N,AAPL,318.44,4.0,318.49,2.0,1.0,1.0,2020-01-21 09:52:08.052493,318.43,318.48,0
2020-01-21 09:52:09,N,AAPL,318.43,3.0,318.48,1.0,2.0,-1.0,2020-01-21 09:52:09.706014,318.45,318.49,0
2020-01-21 09:52:10,N,AAPL,318.45,2.0,318.49,1.0,0.0,-1.0,2020-01-21 09:52:10.225593,318.42,318.45,0
2020-01-21 09:52:11,N,AAPL,318.42,1.0,318.45,2.0,-2.0,-3.0,2020-01-21 09:52:11.100649,318.42,318.45,0
2020-01-21 09:52:12,N,AAPL,318.42,2.0,318.45,1.0,0.0,0.0,2020-01-21 09:52:12.063671,318.42,318.45,0
2020-01-21 09:52:13,N,AAPL,318.42,4.0,318.45,2.0,2.0,1.0,2020-01-21 09:52:13.800605,318.41,318.43,0
