last_interval,Exchange,Symbol,Best_Bid_Price,FB0,Best_Offer_Price,FA0,FB2,FA2,p_time,Next_Best_Bid,Next_Best_Offer,outcome
2020-01-27 09:30:03,N,AAPL,309.6,1.0,309.73,1.0,-36.0,0.0,2020-01-27 09:30:03.135154,309.83,309.85,1
2020-01-27 09:30:04,N,AAPL,309.83,1.0,309.85,1.0,0.0,-2.0,2020-01-27 09:30:04.016527,309.0,309.33,-1
2020-01-27 09:30:05,N,AAPL,309.0,224.0,309.33,1.0,223.0,0.0,2020-01-27 09:30:05.811180,309.0,309.32,0
2020-01-27 09:30:06,N,AAPL,309.0,135.0,309.32,2.0,-89.0,1.0,2020-01-27 09:30:06.623526,309.0,309.28,0
2020-01-27 09:30:07,N,AAPL,309.0,42.0,309.28,1.0,41.0,0.0,2020-01-27 09:30:07.131806,309.1,309.31,0
2020-01-27 09:30:08,N,AAPL,309.1,1.0,309.31,1.0,-4.0,0.0,2020-01-27 09:30:08.023166,309.0,309.12,0
2020-01-27 09:30:09,N,AAPL,309.0,5.0,309.12,2.0,4.0,1.0,2020-01-27 09:30:09.849361,308.7,308.86,-1
2020-01-27 09:30:13,N,AAPL,308.7,2.0,308.86,1.0,-3.0,-1.0,2020-01-27 09:30:13.804076,308.6,308.81,0
2020-01-27 09:30:15,N,AAPL,308.6,1.0,308.81,1.0,-1.0,0.0,2020-01-27 09:30:15.864208,308.77,308.87,0
2020-01-27 09:30:17,N,AAPL,308.77,1.0,308.87,2.0,0.0,1.0,2020-01-27 09:30:17.173423,308.82,308.92,0
2020-01-27 09:30:19,N,AAPL,308.82,1.0,308.92,1.0,0.0,-1.0,2020-01-27 09:30:19.096568,308.86,308.88,0
2020-01-27 09:30:20,N,AAPL,308.86,4.0,308.88,1.0,3.0,0.0,2020-01-27 09:30:20.413436,309.11,309.17,1
2020-01-27 09:30:21,N,AAPL,309.11,2.0,309.17,3.0,1.0,2.0,2020-01-27 09:30:21.021675,309.03,309.13,0
2020-01-27 09:30:22,N,AAPL,309.03,2.0,309.13,1.0,0.0,0.0,2020-01-27 09:30:22.061415,308.96,309.1,0
2020-01-27 09:30:23,N,AAPL,308.96,4.0,309.1,2.0,1.0,0.0,2020-01-27 09:30:23.005265,308.95,309.04,0
2020-01-27 09:30:24,N,AAPL,308.95,1.0,309.04,2.0,-1.0,1.0,2020-01-27 09:30:24.138459,309.03,309.14,0
2020-01-27 09:30:25,N,AAPL,309.03,2.0,309.14,3.0,-2.0,0.0,2020-01-27 09:30:25.112246,309.13,309.16,0
2020-01-27 09:30:26,N,AAPL,309.13,1.0,309.16,2.0,-3.0,-1.0,2020-01-27 09:30:26.631810,308.76,308.92,-1
2020-01-27 09:30:27,N,AAPL,308.76,4.0,308.92,2.0,2.0,0.0,2020-01-27 09:30:27.217906,308.83,309.01,0
2020-01-27 09:30:28,N,AAPL,308.83,2.0,309.01,4.0,0.0,0.0,2020-01-27 09:30:28.071098,308.76,308.92,0
2020-01-27 09:30:29,N,AAPL,308.76,2.0,308.92,2.0,0.0,0.0,2020-01-27 09:30:29.053646,308.91,308.97,0
2020-01-27 09:30:30,N,AAPL,308.91,1.0,308.97,2.0,-1.0,1.0,2020-01-27 09:30:30.168239,308.91,309.05,0
2020-01-27 09:30:31,N,AAPL,308.91,3.0,309.05,1.0,-1.0,-1.0,2020-01-27 09:30:31.117932,308.94,309.07,0
2020-01-27 09:30:32,N,AAPL,308.94,2.0,309.07,1.0,1.0,0.0,2020-01-27 09:30:32.008897,308.51,308.59,-1
2020-01-27 09:30:33,N,AAPL,308.51,1.0,308.59,4.0,0.0,3.0,2020-01-27 09:30:33.037806,308.24,308.41,-1
2020-01-27 09:30:34,N,AAPL,308.24,1.0,308.41,1.0,-33.0,0.0,2020-01-27 09:30:34.167463,308.1,308.18,-1
2020-01-27 09:30:35,N,AAPL,308.1,4.0,308.18,2.0,-6.0,0.0,2020-01-27 09:30:35.033637,308.04,308.16,0
2020-01-27 09:30:36,N,AAPL,308.04,2.0,308.16,2.0,-9.0,0.0,2020-01-27 09:30:36.656654,308.24,308.35,1
2020-01-27 09:30:37,N,AAPL,308.24,2.0,308.35,2.0,1.0,0.0,2020-01-27 09:30:37.079815,308.3,308.43,0
2020-01-27 09:30:38,N,AAPL,308.3,1.0,308.43,4.0,0.0,3.0,2020-01-27 09:30:38.132425,308.23,308.3,0
2020-01-27 09:30:39,N,AAPL,308.23,1.0,308.3,2.0,-2.0,0.0,2020-01-27 09:30:39.010246,308.21,308.29,0
2020-01-27 09:30:40,N,AAPL,308.21,4.0,308.29,2.0,2.0,-2.0,2020-01-27 09:30:40.025966,308.08,308.19,-1
2020-01-27 09:30:41,N,AAPL,308.08,4.0,308.19,2.0,2.0,-3.0,2020-01-27 09:30:41.247995,308.04,308.14,0
2020-01-27 09:30:42,N,AAPL,308.04,2.0,308.14,3.0,0.0,2.0,2020-01-27 09:30:42.003251,308.01,308.05,0
2020-01-27 09:30:43,N,AAPL,308.01,3.0,308.05,4.0,0.0,2.0,2020-01-27 09:30:43.015719,307.56,307.67,-1
2020-01-27 09:30:44,N,AAPL,307.56,6.0,307.67,2.0,-80.0,-1.0,2020-01-27 09:30:44.544800,307.68,307.82,1
2020-01-27 09:30:45,N,AAPL,307.68,1.0,307.82,2.0,-1.0,0.0,2020-01-27 09:30:45.234067,307.66,307.79,0
2020-01-27 09:30:46,N,AAPL,307.66,10.0,307.79,4.0,9.0,2.0,2020-01-27 09:30:46.034025,307.8,307.93,1
2020-01-27 09:30:47,N,AAPL,307.8,4.0,307.93,2.0,-6.0,0.0,2020-01-27 09:30:47.172785,307.7,307.76,-1
2020-01-27 09:30:48,N,AAPL,307.7,2.0,307.76,1.0,-2.0,-1.0,2020-01-27 09:30:48.065353,307.66,307.77,0
2020-01-27 09:30:49,N,AAPL,307.66,12.0,307.77,3.0,0.0,-1.0,2020-01-27 09:30:49.030511,307.59,307.64,-1
2020-01-27 09:30:50,N,AAPL,307.59,2.0,307.64,2.0,0.0,1.0,2020-01-27 09:30:50.113481,307.51,307.74,0
2020-01-27 09:30:51,N,AAPL,307.51,2.0,307.74,2.0,0.0,0.0,2020-01-27 09:30:51.022008,307.77,307.91,1
2020-01-27 09:30:52,N,AAPL,307.77,2.0,307.91,3.0,0.0,0.0,2020-01-27 09:30:52.018903,307.7,307.84,0
2020-01-27 09:30:53,N,AAPL,307.7,4.0,307.84,2.0,0.0,0.0,2020-01-27 09:30:53.019195,307.52,307.62,-1
2020-01-27 09:30:54,N,AAPL,307.52,2.0,307.62,1.0,1.0,0.0,2020-01-27 09:30:54.291368,307.61,307.67,0
2020-01-27 09:30:55,N,AAPL,307.61,4.0,307.67,1.0,3.0,-3.0,2020-01-27 09:30:55.093355,307.81,307.93,1
2020-01-27 09:30:56,N,AAPL,307.81,2.0,307.93,2.0,0.0,1.0,2020-01-27 09:30:56.165939,307.85,308.0,0
2020-01-27 09:30:57,N,AAPL,307.85,2.0,308.0,48.0,0.0,-24.0,2020-01-27 09:30:57.154285,307.86,307.92,0
2020-01-27 09:30:58,N,AAPL,307.86,2.0,307.92,1.0,1.0,-3.0,2020-01-27 09:30:58.489313,307.8,308.0,0
2020-01-27 09:30:59,N,AAPL,307.8,2.0,308.0,12.0,0.0,0.0,2020-01-27 09:30:59.082218,307.84,307.95,0
2020-01-27 09:31:00,N,AAPL,307.84,1.0,307.95,2.0,-6.0,0.0,2020-01-27 09:31:00.512591,308.0,308.04,1
2020-01-27 09:31:01,N,AAPL,308.0,1.0,308.04,1.0,-1.0,0.0,2020-01-27 09:31:01.139384,308.28,308.37,1
2020-01-27 09:31:02,N,AAPL,308.28,4.0,308.37,1.0,2.0,-6.0,2020-01-27 09:31:02.299570,308.57,308.67,1
2020-01-27 09:31:03,N,AAPL,308.57,2.0,308.67,5.0,1.0,3.0,2020-01-27 09:31:03.040217,308.36,308.45,-1
2020-01-27 09:31:04,N,AAPL,308.36,1.0,308.45,3.0,-1.0,2.0,2020-01-27 09:31:04.020373,308.6,308.78,1
2020-01-27 09:31:05,N,AAPL,308.6,1.0,308.78,4.0,-1.0,0.0,2020-01-27 09:31:05.121330,308.75,308.91,0
2020-01-27 09:31:06,N,AAPL,308.75,1.0,308.91,1.0,-1.0,0.0,2020-01-27 09:31:06.011292,308.73,308.83,0
2020-01-27 09:31:07,N,AAPL,308.73,2.0,308.83,1.0,1.0,0.0,2020-01-27 09:31:07.034776,308.74,308.89,0
2020-01-27 09:31:08,N,AAPL,308.74,4.0,308.89,2.0,3.0,-2.0,2020-01-27 09:31:08.593443,308.71,308.77,0
2020-01-27 09:31:09,N,AAPL,308.71,2.0,308.77,1.0,-2.0,-1.0,2020-01-27 09:31:09.027015,308.34,308.51,-1
2020-01-27 09:31:10,N,AAPL,308.34,2.0,308.51,2.0,-8.0,1.0,2020-01-27 09:31:10.492354,308.39,308.53,0
2020-01-27 09:31:11,N,AAPL,308.39,2.0,308.53,1.0,0.0,-3.0,2020-01-27 09:31:11.229924,308.3,308.36,-1
2020-01-27 09:31:12,N,AAPL,308.3,1.0,308.36,1.0,-1.0,-3.0,2020-01-27 09:31:12.005861,308.19,308.3,0
2020-01-27 09:31:13,N,AAPL,308.19,2.0,308.3,2.0,0.0,1.0,2020-01-27 09:31:13.210950,308.25,308.37,0
2020-01-27 09:31:14,N,AAPL,308.25,2.0,308.37,4.0,0.0,1.0,2020-01-27 09:31:14.017849,308.29,308.45,0
2020-01-27 09:31:15,N,AAPL,308.29,4.0,308.45,2.0,0.0,0.0,2020-01-27 09:31:15.023914,308.21,308.31,0
2020-01-27 09:31:16,N,AAPL,308.21,3.0,308.31,2.0,1.0,1.0,2020-01-27 09:31:16.078895,308.33,308.46,1
2020-01-27 09:31:17,N,AAPL,308.33,3.0,308.46,1.0,1.0,-3.0,2020-01-27 09:31:17.207343,308.51,308.6,1
2020-01-27 09:31:18,N,AAPL,308.51,7.0,308.6,1.0,6.0,-3.0,2020-01-27 09:31:18.039924,308.5,308.54,0
2020-01-27 09:31:19,N,AAPL,308.5,1.0,308.54,2.0,-6.0,1.0,2020-01-27 09:31:19.066969,308.38,308.47,-1
2020-01-27 09:31:20,N,AAPL,308.38,1.0,308.47,1.0,-2.0,0.0,2020-01-27 09:31:20.300123,308.32,308.41,0
2020-01-27 09:31:21,N,AAPL,308.32,1.0,308.41,2.0,0.0,0.0,2020-01-27 09:31:21.100278,308.31,308.38,0
2020-01-27 09:31:22,N,AAPL,308.31,1.0,308.38,2.0,0.0,1.0,2020-01-27 09:31:22.150552,308.34,308.46,0
2020-01-27 09:31:23,N,AAPL,308.34,4.0,308.46,2.0,0.0,0.0,2020-01-27 09:31:23.012668,308.21,308.32,-1
2020-01-27 09:31:24,N,AAPL,308.21,1.0,308.32,1.0,0.0,-1.0,2020-01-27 09:31:24.055085,307.92,308.0,-1
2020-01-27 09:31:25,N,AAPL,307.92,1.0,308.0,2.0,-1.0,0.0,2020-01-27 09:31:25.079787,307.64,307.75,-1
2020-01-27 09:31:26,N,AAPL,307.64,1.0,307.75,2.0,-1.0,-1.0,2020-01-27 09:31:26.162013,307.45,307.52,-1
2020-01-27 09:31:27,N,AAPL,307.45,19.0,307.52,2.0,-25.0,0.0,2020-01-27 09:31:27.494147,307.25,307.35,-1
2020-01-27 09:31:28,N,AAPL,307.25,9.0,307.35,2.0,8.0,0.0,2020-01-27 09:31:28.116498,307.31,307.42,0
2020-01-27 09:31:29,N,AAPL,307.31,2.0,307.42,5.0,0.0,2.0,2020-01-27 09:31:29.064848,307.24,307.3,-1
2020-01-27 09:31:30,N,AAPL,307.24,1.0,307.3,2.0,-2.0,1.0,2020-01-27 09:31:30.009332,307.0,307.07,-1
2020-01-27 09:31:31,N,AAPL,307.0,21.0,307.07,1.0,-13.0,-3.0,2020-01-27 09:31:31.005083,306.0,306.22,-1
2020-01-27 09:31:32,N,AAPL,306.0,56.0,306.22,2.0,55.0,1.0,2020-01-27 09:31:32.055706,306.81,306.94,1
2020-01-27 09:31:33,N,AAPL,306.81,2.0,306.94,1.0,1.0,-1.0,2020-01-27 09:31:33.249513,306.18,306.42,-1
2020-01-27 09:31:35,N,AAPL,306.18,4.0,306.42,1.0,3.0,-1.0,2020-01-27 09:31:35.318295,306.37,306.49,0
2020-01-27 09:31:37,N,AAPL,306.37,1.0,306.49,2.0,0.0,0.0,2020-01-27 09:31:37.223313,306.86,306.91,1
2020-01-27 09:31:40,N,AAPL,306.86,2.0,306.91,1.0,1.0,0.0,2020-01-27 09:31:40.482792,307.22,307.43,1
2020-01-27 09:31:42,N,AAPL,307.22,4.0,307.43,1.0,2.0,0.0,2020-01-27 09:31:42.657161,307.32,307.45,0
2020-01-27 09:31:43,N,AAPL,307.32,2.0,307.45,1.0,-2.0,-2.0,2020-01-27 09:31:43.109269,307.31,307.52,0
2020-01-27 09:31:45,N,AAPL,307.31,1.0,307.52,1.0,-1.0,0.0,2020-01-27 09:31:45.111855,307.36,307.53,0
2020-01-27 09:31:47,N,AAPL,307.36,1.0,307.53,1.0,0.0,0.0,2020-01-27 09:31:47.115168,307.41,307.58,0
2020-01-27 09:31:48,N,AAPL,307.41,4.0,307.58,1.0,3.0,0.0,2020-01-27 09:31:48.444061,307.29,307.48,0
2020-01-27 09:31:57,N,AAPL,307.29,10.0,307.48,1.0,9.0,-1.0,2020-01-27 09:31:57.029516,307.84,308.03,1
2020-01-27 09:32:03,N,AAPL,307.84,1.0,308.03,2.0,-9.0,1.0,2020-01-27 09:32:03.203206,308.25,308.32,1
2020-01-27 09:32:09,N,AAPL,308.25,1.0,308.32,3.0,0.0,1.0,2020-01-27 09:32:09.206709,308.5,308.57,1
2020-01-27 09:32:25,N,AAPL,308.5,1.0,308.57,1.0,0.0,0.0,2020-01-27 09:32:25.081418,308.2,308.39,-1
2020-01-27 09:32:31,N,AAPL,308.2,2.0,308.39,1.0,1.0,0.0,2020-01-27 09:32:31.647297,308.34,308.43,0
2020-01-27 09:32:34,N,AAPL,308.34,1.0,308.43,2.0,0.0,0.0,2020-01-27 09:32:34.118717,307.1,307.27,-1
2020-01-27 09:32:47,N,AAPL,307.1,1.0,307.27,10.0,0.0,8.0,2020-01-27 09:32:47.980918,307.1,307.23,0
2020-01-27 09:32:48,N,AAPL,307.1,2.0,307.23,1.0,1.0,-9.0,2020-01-27 09:32:48.130513,307.94,308.0,1
2020-01-27 09:32:56,N,AAPL,307.94,1.0,308.0,1.0,-1.0,0.0,2020-01-27 09:32:56.958985,308.13,308.33,1
2020-01-27 09:33:00,N,AAPL,308.13,1.0,308.33,1.0,0.0,0.0,2020-01-27 09:33:00.239928,308.09,308.29,0
2020-01-27 09:33:01,N,AAPL,308.09,1.0,308.29,2.0,-3.0,0.0,2020-01-27 09:33:01.108783,308.5,308.53,1
2020-01-27 09:33:17,N,AAPL,308.5,1.0,308.53,1.0,0.0,-1.0,2020-01-27 09:33:17.389753,308.67,308.75,1
2020-01-27 09:33:35,N,AAPL,308.67,1.0,308.75,3.0,0.0,2.0,2020-01-27 09:33:35.013699,308.79,308.85,1
2020-01-27 09:34:09,N,AAPL,308.79,2.0,308.85,2.0,0.0,-1.0,2020-01-27 09:34:09.367433,308.9,308.92,1
2020-01-27 09:34:31,N,AAPL,308.9,1.0,308.92,4.0,-1.0,2.0,2020-01-27 09:34:31.778651,309.03,309.09,1
2020-01-27 09:34:46,N,AAPL,309.03,1.0,309.09,1.0,-2.0,0.0,2020-01-27 09:34:46.930475,309.11,309.22,1
2020-01-27 09:34:59,N,AAPL,309.11,1.0,309.22,2.0,0.0,1.0,2020-01-27 09:34:59.298554,308.98,309.02,-1
2020-01-27 09:35:07,N,AAPL,308.98,2.0,309.02,2.0,-18.0,0.0,2020-01-27 09:35:07.850059,308.24,308.37,-1
2020-01-27 09:35:25,N,AAPL,308.24,5.0,308.37,4.0,3.0,2.0,2020-01-27 09:35:25.993643,308.5,308.52,1
2020-01-27 09:35:29,N,AAPL,308.5,1.0,308.52,2.0,-4.0,-2.0,2020-01-27 09:35:29.497619,308.25,308.34,-1
2020-01-27 09:35:33,N,AAPL,308.25,1.0,308.34,2.0,0.0,-2.0,2020-01-27 09:35:33.302367,308.1,308.23,-1
2020-01-27 09:35:42,N,AAPL,308.1,1.0,308.23,1.0,0.0,-1.0,2020-01-27 09:35:42.800494,308.44,308.64,1
2020-01-27 09:35:51,N,AAPL,308.44,1.0,308.64,1.0,0.0,0.0,2020-01-27 09:35:51.658916,308.36,308.5,0
2020-01-27 09:35:54,N,AAPL,308.36,1.0,308.5,3.0,-3.0,2.0,2020-01-27 09:35:54.239221,308.47,308.63,0
2020-01-27 09:36:02,N,AAPL,308.47,1.0,308.63,2.0,0.0,1.0,2020-01-27 09:36:02.752551,309.0,309.13,1
2020-01-27 09:36:14,N,AAPL,309.0,2.0,309.13,1.0,1.0,-1.0,2020-01-27 09:36:14.071683,309.08,309.13,0
2020-01-27 09:36:20,N,AAPL,309.08,1.0,309.13,2.0,-1.0,1.0,2020-01-27 09:36:20.255968,309.51,309.6,1
2020-01-27 09:36:23,N,AAPL,309.51,1.0,309.6,4.0,-1.0,2.0,2020-01-27 09:36:23.100786,308.83,309.04,-1
2020-01-27 09:36:43,N,AAPL,308.83,1.0,309.04,2.0,0.0,-2.0,2020-01-27 09:36:43.036556,308.63,308.72,-1
2020-01-27 09:37:04,N,AAPL,308.63,1.0,308.72,1.0,0.0,-1.0,2020-01-27 09:37:04.723520,308.63,308.73,0
2020-01-27 09:37:05,N,AAPL,308.63,3.0,308.73,1.0,2.0,0.0,2020-01-27 09:37:05.002293,308.6,308.63,0
2020-01-27 09:37:06,N,AAPL,308.6,3.0,308.63,1.0,0.0,0.0,2020-01-27 09:37:06.913501,308.6,308.72,0
2020-01-27 09:37:07,N,AAPL,308.6,4.0,308.72,2.0,0.0,1.0,2020-01-27 09:37:07.548657,308.45,308.52,-1
2020-01-27 09:37:08,N,AAPL,308.45,1.0,308.52,1.0,-1.0,0.0,2020-01-27 09:37:08.683683,308.49,308.6,0
2020-01-27 09:37:09,N,AAPL,308.49,1.0,308.6,1.0,-2.0,0.0,2020-01-27 09:37:09.018305,308.49,308.64,0
2020-01-27 09:37:10,N,AAPL,308.49,2.0,308.64,1.0,1.0,0.0,2020-01-27 09:37:10.765625,308.49,308.57,0
2020-01-27 09:37:11,N,AAPL,308.49,2.0,308.57,1.0,0.0,0.0,2020-01-27 09:37:11.133184,308.37,308.42,-1
2020-01-27 09:37:12,N,AAPL,308.37,1.0,308.42,1.0,0.0,0.0,2020-01-27 09:37:12.373490,308.39,308.46,0
2020-01-27 09:37:13,N,AAPL,308.39,1.0,308.46,1.0,0.0,-3.0,2020-01-27 09:37:13.327498,308.38,308.56,0
2020-01-27 09:37:14,N,AAPL,308.38,1.0,308.56,4.0,0.0,2.0,2020-01-27 09:37:14.377880,308.38,308.53,0
2020-01-27 09:37:15,N,AAPL,308.38,1.0,308.53,1.0,0.0,0.0,2020-01-27 09:37:15.228296,308.32,308.48,0
2020-01-27 09:37:16,N,AAPL,308.32,1.0,308.48,2.0,0.0,0.0,2020-01-27 09:37:16.671105,308.32,308.46,0
2020-01-27 09:37:17,N,AAPL,308.32,2.0,308.46,1.0,1.0,-1.0,2020-01-27 09:37:17.033758,308.07,308.17,-1
2020-01-27 09:37:18,N,AAPL,308.07,2.0,308.17,1.0,1.0,0.0,2020-01-27 09:37:18.202744,308.14,308.25,0
2020-01-27 09:37:19,N,AAPL,308.14,1.0,308.25,4.0,-1.0,3.0,2020-01-27 09:37:19.017894,308.18,308.23,0
2020-01-27 09:37:20,N,AAPL,308.18,1.0,308.23,1.0,0.0,-1.0,2020-01-27 09:37:20.315580,308.28,308.41,1
2020-01-27 09:37:21,N,AAPL,308.28,2.0,308.41,1.0,1.0,0.0,2020-01-27 09:37:21.059073,308.41,308.5,0
2020-01-27 09:37:22,N,AAPL,308.41,1.0,308.5,51.0,0.0,50.0,2020-01-27 09:37:22.078082,308.36,308.46,0
2020-01-27 09:37:23,N,AAPL,308.36,2.0,308.46,2.0,1.0,1.0,2020-01-27 09:37:23.074169,308.38,308.47,0
2020-01-27 09:37:24,N,AAPL,308.38,2.0,308.47,2.0,1.0,1.0,2020-01-27 09:37:24.995074,308.5,308.61,1
2020-01-27 09:37:25,N,AAPL,308.5,1.0,308.61,2.0,-1.0,0.0,2020-01-27 09:37:25.670942,308.5,308.62,0
2020-01-27 09:37:26,N,AAPL,308.5,2.0,308.62,1.0,1.0,-1.0,2020-01-27 09:37:26.032624,308.6,308.75,0
2020-01-27 09:37:27,N,AAPL,308.6,2.0,308.75,1.0,-2.0,-4.0,2020-01-27 09:37:27.019597,308.69,308.79,0
2020-01-27 09:37:30,N,AAPL,308.69,1.0,308.79,2.0,0.0,1.0,2020-01-27 09:37:30.988804,308.68,308.79,0
2020-01-27 09:37:31,N,AAPL,308.68,2.0,308.79,4.0,1.0,2.0,2020-01-27 09:37:31.079983,308.7,308.79,0
2020-01-27 09:37:33,N,AAPL,308.7,1.0,308.79,1.0,-1.0,-3.0,2020-01-27 09:37:33.147640,308.81,308.85,1
2020-01-27 09:37:35,N,AAPL,308.81,1.0,308.85,1.0,0.0,0.0,2020-01-27 09:37:35.107586,308.77,308.9,0
2020-01-27 09:37:36,N,AAPL,308.77,2.0,308.9,1.0,0.0,0.0,2020-01-27 09:37:36.101620,308.73,308.86,0
2020-01-27 09:37:37,N,AAPL,308.73,4.0,308.86,2.0,2.0,0.0,2020-01-27 09:37:37.443727,308.73,308.77,0
2020-01-27 09:37:38,N,AAPL,308.73,1.0,308.77,1.0,-2.0,-1.0,2020-01-27 09:37:38.227844,308.79,308.84,1
2020-01-27 09:37:39,N,AAPL,308.79,16.0,308.84,1.0,14.0,0.0,2020-01-27 09:37:39.093363,308.8,308.88,0
2020-01-27 09:37:40,N,AAPL,308.8,2.0,308.88,1.0,-13.0,0.0,2020-01-27 09:37:40.707971,308.8,308.89,0
2020-01-27 09:37:41,N,AAPL,308.8,3.0,308.89,2.0,1.0,1.0,2020-01-27 09:37:41.166967,308.85,308.89,0
2020-01-27 09:37:42,N,AAPL,308.85,2.0,308.89,1.0,-1.0,0.0,2020-01-27 09:37:42.551695,308.97,309.1,1
2020-01-27 09:37:43,N,AAPL,308.97,2.0,309.1,4.0,0.0,3.0,2020-01-27 09:37:43.342424,308.99,309.09,0
2020-01-27 09:37:46,N,AAPL,308.99,1.0,309.09,1.0,-3.0,0.0,2020-01-27 09:37:46.138688,308.91,308.99,0
2020-01-27 09:37:48,N,AAPL,308.91,1.0,308.99,1.0,0.0,0.0,2020-01-27 09:37:48.418915,308.81,308.9,-1
2020-01-27 09:37:49,N,AAPL,308.81,2.0,308.9,1.0,1.0,0.0,2020-01-27 09:37:49.703178,308.8,308.87,0
2020-01-27 09:37:50,N,AAPL,308.8,4.0,308.87,1.0,0.0,0.0,2020-01-27 09:37:50.465733,308.92,308.97,1
2020-01-27 09:37:51,N,AAPL,308.92,1.0,308.97,1.0,-3.0,0.0,2020-01-27 09:37:51.125401,308.98,309.08,1
2020-01-27 09:37:52,N,AAPL,308.98,1.0,309.08,1.0,0.0,0.0,2020-01-27 09:37:52.245302,308.95,309.07,0
2020-01-27 09:37:56,N,AAPL,308.95,2.0,309.07,2.0,1.0,0.0,2020-01-27 09:37:56.145604,308.87,308.92,-1
2020-01-27 09:37:57,N,AAPL,308.87,2.0,308.92,1.0,0.0,-1.0,2020-01-27 09:37:57.923182,308.86,308.96,0
2020-01-27 09:37:58,N,AAPL,308.86,2.0,308.96,2.0,0.0,1.0,2020-01-27 09:37:58.029843,308.86,308.97,0
2020-01-27 09:38:00,N,AAPL,308.86,2.0,308.97,1.0,0.0,-1.0,2020-01-27 09:38:00.348795,308.92,308.99,0
2020-01-27 09:38:01,N,AAPL,308.92,1.0,308.99,1.0,0.0,-15.0,2020-01-27 09:38:01.389416,308.91,309.0,0
2020-01-27 09:38:02,N,AAPL,308.91,1.0,309.0,13.0,0.0,0.0,2020-01-27 09:38:02.226055,308.91,309.02,0
2020-01-27 09:38:03,N,AAPL,308.91,1.0,309.02,1.0,0.0,0.0,2020-01-27 09:38:03.083517,308.97,309.08,0
2020-01-27 09:38:06,N,AAPL,308.97,4.0,309.08,1.0,2.0,0.0,2020-01-27 09:38:06.435200,309.0,309.15,0
2020-01-27 09:38:07,N,AAPL,309.0,1.0,309.15,3.0,-1.0,2.0,2020-01-27 09:38:07.084429,309.02,309.13,0
2020-01-27 09:38:08,N,AAPL,309.02,1.0,309.13,1.0,-1.0,0.0,2020-01-27 09:38:08.505196,309.02,309.1,0
2020-01-27 09:38:09,N,AAPL,309.02,1.0,309.1,1.0,-3.0,0.0,2020-01-27 09:38:09.052781,309.02,309.08,0
2020-01-27 09:38:10,N,AAPL,309.02,1.0,309.08,2.0,0.0,1.0,2020-01-27 09:38:10.608094,309.05,309.2,0
2020-01-27 09:38:11,N,AAPL,309.05,3.0,309.2,6.0,2.0,4.0,2020-01-27 09:38:11.713385,309.22,309.33,1
2020-01-27 09:38:12,N,AAPL,309.22,1.0,309.33,2.0,0.0,0.0,2020-01-27 09:38:12.277028,309.26,309.36,0
2020-01-27 09:38:13,N,AAPL,309.26,2.0,309.36,1.0,1.0,0.0,2020-01-27 09:38:13.029707,309.26,309.3,0
2020-01-27 09:38:14,N,AAPL,309.26,2.0,309.3,1.0,0.0,0.0,2020-01-27 09:38:14.212807,309.23,309.29,0
2020-01-27 09:38:15,N,AAPL,309.23,4.0,309.29,1.0,2.0,0.0,2020-01-27 09:38:15.005395,309.22,309.29,0
2020-01-27 09:38:16,N,AAPL,309.22,1.0,309.29,2.0,-1.0,0.0,2020-01-27 09:38:16.001225,309.09,309.16,-1
2020-01-27 09:38:17,N,AAPL,309.09,1.0,309.16,1.0,0.0,0.0,2020-01-27 09:38:17.025786,309.11,309.18,0
2020-01-27 09:38:18,N,AAPL,309.11,1.0,309.18,1.0,0.0,0.0,2020-01-27 09:38:18.127641,309.2,309.27,1
2020-01-27 09:38:19,N,AAPL,309.2,1.0,309.27,1.0,0.0,-3.0,2020-01-27 09:38:19.534331,309.23,309.29,0
2020-01-27 09:38:20,N,AAPL,309.23,1.0,309.29,1.0,0.0,0.0,2020-01-27 09:38:20.284946,309.26,309.34,0
2020-01-27 09:38:21,N,AAPL,309.26,1.0,309.34,1.0,-3.0,0.0,2020-01-27 09:38:21.202178,309.32,309.4,0
2020-01-27 09:38:22,N,AAPL,309.32,2.0,309.4,1.0,0.0,-1.0,2020-01-27 09:38:22.068250,309.44,309.55,1
2020-01-27 09:38:23,N,AAPL,309.44,2.0,309.55,1.0,1.0,0.0,2020-01-27 09:38:23.009693,309.41,309.53,0
2020-01-27 09:38:24,N,AAPL,309.41,1.0,309.53,2.0,-1.0,1.0,2020-01-27 09:38:24.530868,309.45,309.5,0
2020-01-27 09:38:25,N,AAPL,309.45,1.0,309.5,1.0,0.0,0.0,2020-01-27 09:38:25.921704,309.42,309.52,0
2020-01-27 09:38:26,N,AAPL,309.42,1.0,309.52,2.0,0.0,0.0,2020-01-27 09:38:26.420317,309.4,309.49,0
2020-01-27 09:38:27,N,AAPL,309.4,2.0,309.49,2.0,1.0,1.0,2020-01-27 09:38:27.012349,309.39,309.48,0
2020-01-27 09:38:29,N,AAPL,309.39,3.0,309.48,1.0,-1.0,-1.0,2020-01-27 09:38:29.836020,309.39,309.5,0
2020-01-27 09:38:30,N,AAPL,309.39,3.0,309.5,2.0,0.0,1.0,2020-01-27 09:38:30.119176,309.51,309.57,1
2020-01-27 09:38:31,N,AAPL,309.51,1.0,309.57,1.0,0.0,-1.0,2020-01-27 09:38:31.209632,309.76,309.83,1
2020-01-27 09:38:32,N,AAPL,309.76,1.0,309.83,2.0,-19.0,-1.0,2020-01-27 09:38:32.107197,309.79,309.86,0
2020-01-27 09:38:33,N,AAPL,309.79,1.0,309.86,1.0,-4.0,0.0,2020-01-27 09:38:33.436229,309.78,309.8,0
2020-01-27 09:38:34,N,AAPL,309.78,3.0,309.8,1.0,-2.0,0.0,2020-01-27 09:38:34.248714,309.81,309.87,1
2020-01-27 09:38:35,N,AAPL,309.81,2.0,309.87,1.0,0.0,-1.0,2020-01-27 09:38:35.144503,309.8,309.92,0
2020-01-27 09:38:36,N,AAPL,309.8,1.0,309.92,3.0,-1.0,2.0,2020-01-27 09:38:36.117279,309.83,309.85,0
2020-01-27 09:38:38,N,AAPL,309.83,9.0,309.85,2.0,8.0,1.0,2020-01-27 09:38:38.125735,309.81,309.86,0
2020-01-27 09:38:39,N,AAPL,309.81,2.0,309.86,1.0,-2.0,0.0,2020-01-27 09:38:39.268127,309.78,309.86,0
2020-01-27 09:38:43,N,AAPL,309.78,2.0,309.86,6.0,0.0,5.0,2020-01-27 09:38:43.458073,309.78,309.86,0
2020-01-27 09:38:44,N,AAPL,309.78,1.0,309.86,6.0,-1.0,0.0,2020-01-27 09:38:44.933538,309.78,309.86,0
2020-01-27 09:38:45,N,AAPL,309.78,1.0,309.86,6.0,0.0,5.0,2020-01-27 09:38:45.053769,309.72,309.82,0
2020-01-27 09:38:46,N,AAPL,309.72,2.0,309.82,2.0,1.0,0.0,2020-01-27 09:38:46.009408,309.75,309.81,0
2020-01-27 09:38:48,N,AAPL,309.75,1.0,309.81,1.0,-1.0,0.0,2020-01-27 09:38:48.327257,309.72,309.82,0
2020-01-27 09:38:49,N,AAPL,309.72,3.0,309.82,1.0,0.0,0.0,2020-01-27 09:38:49.049948,309.52,309.72,0
2020-01-27 09:38:50,N,AAPL,309.52,4.0,309.72,1.0,3.0,0.0,2020-01-27 09:38:50.264943,309.47,309.61,0
2020-01-27 09:38:51,N,AAPL,309.47,1.0,309.61,1.0,0.0,0.0,2020-01-27 09:38:51.093040,309.43,309.52,0
2020-01-27 09:38:52,N,AAPL,309.43,1.0,309.52,2.0,-1.0,0.0,2020-01-27 09:38:52.033351,309.56,309.61,1
2020-01-27 09:38:53,N,AAPL,309.56,1.0,309.61,1.0,0.0,0.0,2020-01-27 09:38:53.764824,309.58,309.69,0
2020-01-27 09:38:54,N,AAPL,309.58,1.0,309.69,2.0,0.0,1.0,2020-01-27 09:38:54.061028,309.62,309.71,0
2020-01-27 09:38:55,N,AAPL,309.62,1.0,309.71,1.0,-1.0,0.0,2020-01-27 09:38:55.592672,309.62,309.71,0
2020-01-27 09:38:56,N,AAPL,309.62,1.0,309.71,1.0,0.0,0.0,2020-01-27 09:38:56.092996,309.62,309.73,0
2020-01-27 09:38:57,N,AAPL,309.62,4.0,309.73,2.0,0.0,1.0,2020-01-27 09:38:57.116788,309.62,309.75,0
2020-01-27 09:38:58,N,AAPL,309.62,3.0,309.75,2.0,1.0,1.0,2020-01-27 09:38:58.127218,309.65,309.75,0
2020-01-27 09:38:59,N,AAPL,309.65,2.0,309.75,1.0,-1.0,0.0,2020-01-27 09:38:59.030116,309.62,309.75,0
2020-01-27 09:39:00,N,AAPL,309.62,2.0,309.75,1.0,0.0,0.0,2020-01-27 09:39:00.015882,309.77,309.85,1
2020-01-27 09:39:01,N,AAPL,309.77,1.0,309.85,1.0,0.0,-1.0,2020-01-27 09:39:01.000948,309.78,309.89,0
2020-01-27 09:39:02,N,AAPL,309.78,2.0,309.89,2.0,-2.0,1.0,2020-01-27 09:39:02.726578,309.79,309.89,0
2020-01-27 09:39:03,N,AAPL,309.79,1.0,309.89,1.0,0.0,-1.0,2020-01-27 09:39:03.347244,309.84,309.9,0
2020-01-27 09:39:04,N,AAPL,309.84,1.0,309.9,1.0,0.0,0.0,2020-01-27 09:39:04.309192,309.8,309.86,0
2020-01-27 09:39:05,N,AAPL,309.8,2.0,309.86,1.0,1.0,0.0,2020-01-27 09:39:05.636197,309.84,309.95,0
2020-01-27 09:39:06,N,AAPL,309.84,1.0,309.95,1.0,0.0,-212.0,2020-01-27 09:39:06.454319,309.79,309.9,0
2020-01-27 09:39:07,N,AAPL,309.79,2.0,309.9,1.0,1.0,-1.0,2020-01-27 09:39:07.075375,309.84,309.95,0
2020-01-27 09:39:08,N,AAPL,309.84,2.0,309.95,1.0,1.0,-1.0,2020-01-27 09:39:08.322252,309.86,309.99,0
2020-01-27 09:39:09,N,AAPL,309.86,4.0,309.99,2.0,0.0,-2.0,2020-01-27 09:39:09.023628,309.82,309.87,0
2020-01-27 09:39:11,N,AAPL,309.82,1.0,309.87,1.0,-1.0,0.0,2020-01-27 09:39:11.428534,309.92,310.0,1
2020-01-27 09:39:14,N,AAPL,309.92,1.0,310.0,26.0,-3.0,24.0,2020-01-27 09:39:14.956338,309.97,310.03,0
2020-01-27 09:39:15,N,AAPL,309.97,1.0,310.03,2.0,0.0,-24.0,2020-01-27 09:39:15.132082,309.91,310.01,0
2020-01-27 09:39:16,N,AAPL,309.91,1.0,310.01,1.0,0.0,0.0,2020-01-27 09:39:16.644513,310.04,310.14,1
2020-01-27 09:39:17,N,AAPL,310.04,1.0,310.14,2.0,0.0,-1.0,2020-01-27 09:39:17.241566,309.94,310.04,0
2020-01-27 09:39:18,N,AAPL,309.94,3.0,310.04,1.0,2.0,0.0,2020-01-27 09:39:18.134903,309.94,310.04,0
2020-01-27 09:39:19,N,AAPL,309.94,3.0,310.04,3.0,0.0,2.0,2020-01-27 09:39:19.149277,309.94,310.01,0
2020-01-27 09:39:20,N,AAPL,309.94,3.0,310.01,3.0,0.0,2.0,2020-01-27 09:39:20.327468,309.88,309.96,0
2020-01-27 09:39:21,N,AAPL,309.88,5.0,309.96,1.0,3.0,0.0,2020-01-27 09:39:21.021865,309.7,309.76,-1
2020-01-27 09:39:22,N,AAPL,309.7,2.0,309.76,1.0,1.0,0.0,2020-01-27 09:39:22.021907,309.56,309.7,0
2020-01-27 09:39:23,N,AAPL,309.56,2.0,309.7,1.0,1.0,-3.0,2020-01-27 09:39:23.726733,309.5,309.61,0
2020-01-27 09:39:24,N,AAPL,309.5,2.0,309.61,2.0,0.0,1.0,2020-01-27 09:39:24.714924,309.38,309.47,-1
2020-01-27 09:39:25,N,AAPL,309.38,1.0,309.47,1.0,0.0,0.0,2020-01-27 09:39:25.504646,309.33,309.4,0
2020-01-27 09:39:26,N,AAPL,309.33,6.0,309.4,1.0,0.0,0.0,2020-01-27 09:39:26.043101,309.35,309.42,0
2020-01-27 09:39:31,N,AAPL,309.35,1.0,309.42,1.0,-4.0,-1.0,2020-01-27 09:39:31.673724,309.35,309.43,0
2020-01-27 09:39:33,N,AAPL,309.35,2.0,309.43,1.0,0.0,0.0,2020-01-27 09:39:33.120172,309.38,309.41,0
2020-01-27 09:39:34,N,AAPL,309.38,2.0,309.41,1.0,0.0,0.0,2020-01-27 09:39:34.679228,309.32,309.36,-1
2020-01-27 09:39:35,N,AAPL,309.32,3.0,309.36,1.0,1.0,-4.0,2020-01-27 09:39:35.792880,309.29,309.37,0
2020-01-27 09:39:36,N,AAPL,309.29,2.0,309.37,2.0,-1.0,1.0,2020-01-27 09:39:36.077345,309.35,309.41,0
2020-01-27 09:39:38,N,AAPL,309.35,2.0,309.41,1.0,-1.0,0.0,2020-01-27 09:39:38.183664,309.3,309.42,0
2020-01-27 09:39:39,N,AAPL,309.3,2.0,309.42,3.0,0.0,2.0,2020-01-27 09:39:39.005484,309.45,309.64,1
2020-01-27 09:39:40,N,AAPL,309.45,1.0,309.64,2.0,-1.0,1.0,2020-01-27 09:39:40.010857,309.45,309.61,0
2020-01-27 09:39:41,N,AAPL,309.45,1.0,309.61,2.0,-1.0,1.0,2020-01-27 09:39:41.024137,309.44,309.59,0
2020-01-27 09:39:42,N,AAPL,309.44,3.0,309.59,1.0,1.0,-1.0,2020-01-27 09:39:42.310803,309.44,309.58,0
2020-01-27 09:39:43,N,AAPL,309.44,5.0,309.58,1.0,0.0,0.0,2020-01-27 09:39:43.270482,309.44,309.6,0
2020-01-27 09:39:45,N,AAPL,309.44,5.0,309.6,1.0,0.0,0.0,2020-01-27 09:39:45.237935,309.45,309.59,0
2020-01-27 09:39:46,N,AAPL,309.45,1.0,309.59,1.0,0.0,0.0,2020-01-27 09:39:46.009508,309.49,309.59,0
2020-01-27 09:39:47,N,AAPL,309.49,1.0,309.59,1.0,0.0,0.0,2020-01-27 09:39:47.007418,309.55,309.67,0
2020-01-27 09:39:48,N,AAPL,309.55,3.0,309.67,6.0,0.0,-2.0,2020-01-27 09:39:48.060238,309.61,309.72,0
2020-01-27 09:39:50,N,AAPL,309.61,1.0,309.72,2.0,-2.0,-4.0,2020-01-27 09:39:50.926995,309.63,309.68,0
2020-01-27 09:39:55,N,AAPL,309.63,1.0,309.68,2.0,0.0,0.0,2020-01-27 09:39:55.251278,309.73,309.8,1
2020-01-27 09:39:56,N,AAPL,309.73,1.0,309.8,1.0,0.0,0.0,2020-01-27 09:39:56.062124,309.8,309.87,0
2020-01-27 09:39:58,N,AAPL,309.8,1.0,309.87,2.0,-2.0,1.0,2020-01-27 09:39:58.793030,309.8,309.88,0
2020-01-27 09:39:59,N,AAPL,309.8,1.0,309.88,1.0,0.0,-1.0,2020-01-27 09:39:59.473106,309.88,309.96,0
2020-01-27 09:40:00,N,AAPL,309.88,3.0,309.96,1.0,1.0,-4.0,2020-01-27 09:40:00.255515,309.9,309.99,0
2020-01-27 09:40:01,N,AAPL,309.9,1.0,309.99,1.0,0.0,-1.0,2020-01-27 09:40:01.026540,309.98,310.05,0
2020-01-27 09:40:02,N,AAPL,309.98,1.0,310.05,1.0,-4.0,0.0,2020-01-27 09:40:02.047639,309.99,310.11,0
2020-01-27 09:40:03,N,AAPL,309.99,2.0,310.11,3.0,0.0,2.0,2020-01-27 09:40:03.408229,310.06,310.1,0
2020-01-27 09:40:05,N,AAPL,310.06,20.0,310.1,1.0,18.0,0.0,2020-01-27 09:40:05.110776,310.19,310.24,1
2020-01-27 09:40:06,N,AAPL,310.19,1.0,310.24,1.0,0.0,-1.0,2020-01-27 09:40:06.415316,310.21,310.27,0
2020-01-27 09:40:07,N,AAPL,310.21,1.0,310.27,5.0,0.0,1.0,2020-01-27 09:40:07.078877,310.19,310.25,0
2020-01-27 09:40:08,N,AAPL,310.19,2.0,310.25,1.0,0.0,0.0,2020-01-27 09:40:08.352593,310.19,310.3,0
2020-01-27 09:40:09,N,AAPL,310.19,3.0,310.3,4.0,1.0,2.0,2020-01-27 09:40:09.894046,310.21,310.3,0
2020-01-27 09:40:10,N,AAPL,310.21,4.0,310.3,4.0,1.0,0.0,2020-01-27 09:40:10.034610,310.26,310.35,0
2020-01-27 09:40:11,N,AAPL,310.26,4.0,310.35,2.0,0.0,1.0,2020-01-27 09:40:11.010220,310.27,310.36,0
2020-01-27 09:40:12,N,AAPL,310.27,1.0,310.36,1.0,0.0,-3.0,2020-01-27 09:40:12.181964,310.13,310.23,-1
2020-01-27 09:40:13,N,AAPL,310.13,1.0,310.23,2.0,0.0,0.0,2020-01-27 09:40:13.209850,310.15,310.21,0
2020-01-27 09:40:15,N,AAPL,310.15,3.0,310.21,1.0,1.0,0.0,2020-01-27 09:40:15.228562,309.9,309.99,-1
2020-01-27 09:40:16,N,AAPL,309.9,6.0,309.99,1.0,1.0,-1.0,2020-01-27 09:40:16.330300,309.81,309.91,0
2020-01-27 09:40:17,N,AAPL,309.81,1.0,309.91,2.0,-1.0,1.0,2020-01-27 09:40:17.296174,309.81,309.84,0
2020-01-27 09:40:18,N,AAPL,309.81,1.0,309.84,1.0,-1.0,0.0,2020-01-27 09:40:18.393826,309.7,309.77,-1
2020-01-27 09:40:19,N,AAPL,309.7,1.0,309.77,3.0,0.0,2.0,2020-01-27 09:40:19.276620,309.6,309.67,-1
2020-01-27 09:40:20,N,AAPL,309.6,10.0,309.67,1.0,9.0,-1.0,2020-01-27 09:40:20.202449,309.55,309.65,0
2020-01-27 09:40:21,N,AAPL,309.55,1.0,309.65,1.0,0.0,0.0,2020-01-27 09:40:21.011163,309.52,309.62,0
2020-01-27 09:40:22,N,AAPL,309.52,1.0,309.62,1.0,-3.0,0.0,2020-01-27 09:40:22.445011,309.56,309.69,0
2020-01-27 09:40:23,N,AAPL,309.56,1.0,309.69,24.0,0.0,23.0,2020-01-27 09:40:23.783486,309.56,309.66,0
2020-01-27 09:40:25,N,AAPL,309.56,1.0,309.66,1.0,-4.0,0.0,2020-01-27 09:40:25.727340,309.66,309.67,0
2020-01-27 09:40:26,N,AAPL,309.66,1.0,309.67,1.0,0.0,0.0,2020-01-27 09:40:26.928783,309.64,309.76,0
2020-01-27 09:40:27,N,AAPL,309.64,2.0,309.76,2.0,1.0,1.0,2020-01-27 09:40:27.400844,309.51,309.63,-1
2020-01-27 09:40:28,N,AAPL,309.51,2.0,309.63,1.0,0.0,0.0,2020-01-27 09:40:28.351204,309.52,309.6,0
2020-01-27 09:40:29,N,AAPL,309.52,2.0,309.6,1.0,0.0,0.0,2020-01-27 09:40:29.066967,309.52,309.58,0
2020-01-27 09:40:30,N,AAPL,309.52,2.0,309.58,1.0,0.0,-4.0,2020-01-27 09:40:30.158507,309.59,309.69,1
2020-01-27 09:40:31,N,AAPL,309.59,1.0,309.69,22.0,-1.0,18.0,2020-01-27 09:40:31.045605,309.53,309.63,0
2020-01-27 09:40:32,N,AAPL,309.53,3.0,309.63,1.0,2.0,0.0,2020-01-27 09:40:32.133888,309.55,309.61,0
2020-01-27 09:40:33,N,AAPL,309.55,1.0,309.61,1.0,-2.0,0.0,2020-01-27 09:40:33.418658,309.46,309.54,-1
2020-01-27 09:40:34,N,AAPL,309.46,1.0,309.54,1.0,-2.0,0.0,2020-01-27 09:40:34.151637,309.33,309.43,-1
2020-01-27 09:40:35,N,AAPL,309.33,1.0,309.43,1.0,0.0,-1.0,2020-01-27 09:40:35.000450,309.19,309.26,-1
2020-01-27 09:40:36,N,AAPL,309.19,1.0,309.26,1.0,0.0,-1.0,2020-01-27 09:40:36.006186,309.25,309.39,0
2020-01-27 09:40:37,N,AAPL,309.25,1.0,309.39,2.0,0.0,1.0,2020-01-27 09:40:37.077615,309.25,309.36,0
2020-01-27 09:40:38,N,AAPL,309.25,1.0,309.36,1.0,0.0,-3.0,2020-01-27 09:40:38.057777,309.25,309.35,0
2020-01-27 09:40:39,N,AAPL,309.25,3.0,309.35,1.0,1.0,0.0,2020-01-27 09:40:39.276069,309.27,309.35,0
2020-01-27 09:40:40,N,AAPL,309.27,3.0,309.35,1.0,0.0,0.0,2020-01-27 09:40:40.355310,309.37,309.43,1
2020-01-27 09:40:41,N,AAPL,309.37,1.0,309.43,1.0,-3.0,-4.0,2020-01-27 09:40:41.043001,309.5,309.6,1
2020-01-27 09:40:42,N,AAPL,309.5,4.0,309.6,3.0,-2.0,-2.0,2020-01-27 09:40:42.528350,309.59,309.63,0
2020-01-27 09:40:43,N,AAPL,309.59,1.0,309.63,1.0,-4.0,-2.0,2020-01-27 09:40:43.841024,309.6,309.7,0
2020-01-27 09:40:44,N,AAPL,309.6,1.0,309.7,2.0,-1.0,0.0,2020-01-27 09:40:44.838705,309.64,309.76,0
2020-01-27 09:40:45,N,AAPL,309.64,1.0,309.76,2.0,0.0,0.0,2020-01-27 09:40:45.147435,309.7,309.79,0
2020-01-27 09:40:46,N,AAPL,309.7,1.0,309.79,1.0,0.0,-1.0,2020-01-27 09:40:46.047505,309.62,309.72,0
2020-01-27 09:40:47,N,AAPL,309.62,1.0,309.72,2.0,0.0,1.0,2020-01-27 09:40:47.024734,309.53,309.62,0
2020-01-27 09:40:48,N,AAPL,309.53,2.0,309.62,1.0,1.0,-1.0,2020-01-27 09:40:48.012087,309.63,309.69,1
2020-01-27 09:40:49,N,AAPL,309.63,2.0,309.69,1.0,0.0,0.0,2020-01-27 09:40:49.054666,309.69,309.8,0
2020-01-27 09:40:50,N,AAPL,309.69,4.0,309.8,2.0,2.0,0.0,2020-01-27 09:40:50.623279,309.74,309.78,0
2020-01-27 09:40:51,N,AAPL,309.74,2.0,309.78,1.0,0.0,-1.0,2020-01-27 09:40:51.243703,309.65,309.8,0
2020-01-27 09:40:53,N,AAPL,309.65,1.0,309.8,3.0,0.0,2.0,2020-01-27 09:40:53.100832,309.67,309.75,0
2020-01-27 09:40:54,N,AAPL,309.67,1.0,309.75,1.0,0.0,-2.0,2020-01-27 09:40:54.011459,309.57,309.69,0
2020-01-27 09:40:55,N,AAPL,309.57,2.0,309.69,1.0,1.0,0.0,2020-01-27 09:40:55.518085,309.66,309.79,0
2020-01-27 09:40:56,N,AAPL,309.66,2.0,309.79,1.0,1.0,-3.0,2020-01-27 09:40:56.325487,309.66,309.8,0
2020-01-27 09:40:57,N,AAPL,309.66,2.0,309.8,6.0,0.0,5.0,2020-01-27 09:40:57.369772,309.72,309.8,0
2020-01-27 09:40:58,N,AAPL,309.72,4.0,309.8,7.0,2.0,6.0,2020-01-27 09:40:58.063942,309.75,309.78,0
2020-01-27 09:40:59,N,AAPL,309.75,1.0,309.78,1.0,-2.0,-6.0,2020-01-27 09:40:59.418149,309.65,309.72,-1
2020-01-27 09:41:00,N,AAPL,309.65,2.0,309.72,1.0,-1.0,0.0,2020-01-27 09:41:00.363841,309.59,309.65,0
2020-01-27 09:41:01,N,AAPL,309.59,4.0,309.65,1.0,3.0,0.0,2020-01-27 09:41:01.163762,309.51,309.57,-1
2020-01-27 09:41:02,N,AAPL,309.51,5.0,309.57,1.0,3.0,0.0,2020-01-27 09:41:02.378743,309.58,309.63,1
2020-01-27 09:41:03,N,AAPL,309.58,1.0,309.63,1.0,-4.0,0.0,2020-01-27 09:41:03.822025,309.58,309.65,0
2020-01-27 09:41:04,N,AAPL,309.58,2.0,309.65,1.0,1.0,0.0,2020-01-27 09:41:04.215517,309.6,309.65,0
2020-01-27 09:41:05,N,AAPL,309.6,1.0,309.65,1.0,0.0,0.0,2020-01-27 09:41:05.028610,309.68,309.73,1
2020-01-27 09:41:06,N,AAPL,309.68,2.0,309.73,1.0,1.0,-2.0,2020-01-27 09:41:06.538758,309.59,309.69,0
2020-01-27 09:41:07,N,AAPL,309.59,1.0,309.69,2.0,0.0,1.0,2020-01-27 09:41:07.000329,309.58,309.61,0
2020-01-27 09:41:08,N,AAPL,309.58,1.0,309.61,1.0,-1.0,0.0,2020-01-27 09:41:08.380719,309.58,309.62,0
2020-01-27 09:41:09,N,AAPL,309.58,1.0,309.62,4.0,-1.0,2.0,2020-01-27 09:41:09.040623,309.67,309.74,1
2020-01-27 09:41:10,N,AAPL,309.67,1.0,309.74,1.0,0.0,-1.0,2020-01-27 09:41:10.525600,309.66,309.73,0
2020-01-27 09:41:11,N,AAPL,309.66,4.0,309.73,1.0,1.0,0.0,2020-01-27 09:41:11.247863,309.68,309.73,0
2020-01-27 09:41:12,N,AAPL,309.68,1.0,309.73,1.0,-3.0,0.0,2020-01-27 09:41:12.741304,309.68,309.73,0
2020-01-27 09:41:13,N,AAPL,309.68,1.0,309.73,1.0,0.0,0.0,2020-01-27 09:41:13.431396,309.58,309.63,-1
2020-01-27 09:41:15,N,AAPL,309.58,1.0,309.63,1.0,0.0,0.0,2020-01-27 09:41:15.104048,309.58,309.65,0
2020-01-27 09:41:17,N,AAPL,309.58,2.0,309.65,2.0,1.0,1.0,2020-01-27 09:41:17.026057,309.6,309.65,0
2020-01-27 09:41:18,N,AAPL,309.6,1.0,309.65,1.0,-1.0,-1.0,2020-01-27 09:41:18.668017,309.58,309.64,0
2020-01-27 09:41:19,N,AAPL,309.58,3.0,309.64,2.0,2.0,1.0,2020-01-27 09:41:19.123419,309.54,309.57,-1
2020-01-27 09:41:20,N,AAPL,309.54,1.0,309.57,1.0,0.0,0.0,2020-01-27 09:41:20.653398,309.31,309.39,-1
2020-01-27 09:41:21,N,AAPL,309.31,1.0,309.39,3.0,0.0,2.0,2020-01-27 09:41:21.047726,309.31,309.4,0
2020-01-27 09:41:22,N,AAPL,309.31,1.0,309.4,1.0,0.0,-1.0,2020-01-27 09:41:22.009000,309.27,309.31,0
2020-01-27 09:41:25,N,AAPL,309.27,1.0,309.31,1.0,0.0,0.0,2020-01-27 09:41:25.167853,309.24,309.31,0
2020-01-27 09:41:26,N,AAPL,309.24,8.0,309.31,1.0,7.0,0.0,2020-01-27 09:41:26.402141,309.16,309.22,-1
2020-01-27 09:41:28,N,AAPL,309.16,3.0,309.22,1.0,2.0,0.0,2020-01-27 09:41:28.435872,309.02,309.11,-1
2020-01-27 09:41:29,N,AAPL,309.02,2.0,309.11,1.0,1.0,0.0,2020-01-27 09:41:29.002210,309.05,309.08,0
2020-01-27 09:41:30,N,AAPL,309.05,2.0,309.08,1.0,1.0,0.0,2020-01-27 09:41:30.437051,309.02,309.05,0
2020-01-27 09:41:31,N,AAPL,309.02,11.0,309.05,1.0,10.0,0.0,2020-01-27 09:41:31.126415,309.09,309.17,1
2020-01-27 09:41:32,N,AAPL,309.09,1.0,309.17,1.0,-1.0,0.0,2020-01-27 09:41:32.025484,309.06,309.12,0
2020-01-27 09:41:33,N,AAPL,309.06,4.0,309.12,1.0,3.0,0.0,2020-01-27 09:41:33.142085,309.06,309.14,0
2020-01-27 09:41:34,N,AAPL,309.06,2.0,309.14,2.0,0.0,1.0,2020-01-27 09:41:34.120332,309.0,309.1,0
2020-01-27 09:41:35,N,AAPL,309.0,34.0,309.1,2.0,33.0,1.0,2020-01-27 09:41:35.333379,309.06,309.09,0
2020-01-27 09:41:36,N,AAPL,309.06,2.0,309.09,1.0,-2.0,-1.0,2020-01-27 09:41:36.069283,308.9,308.93,-1
2020-01-27 09:41:37,N,AAPL,308.9,1.0,308.93,1.0,0.0,0.0,2020-01-27 09:41:37.021037,308.81,308.86,-1
2020-01-27 09:41:38,N,AAPL,308.81,2.0,308.86,1.0,-18.0,0.0,2020-01-27 09:41:38.145079,308.7,308.78,-1
2020-01-27 09:41:39,N,AAPL,308.7,1.0,308.78,1.0,0.0,0.0,2020-01-27 09:41:39.093004,308.81,308.91,1
2020-01-27 09:41:40,N,AAPL,308.81,1.0,308.91,1.0,-2.0,0.0,2020-01-27 09:41:40.054616,308.86,309.03,0
2020-01-27 09:41:41,N,AAPL,308.86,2.0,309.03,5.0,-3.0,4.0,2020-01-27 09:41:41.041113,309.27,309.35,1
2020-01-27 09:41:45,N,AAPL,309.27,1.0,309.35,1.0,0.0,-1.0,2020-01-27 09:41:45.421764,309.29,309.36,0
2020-01-27 09:41:46,N,AAPL,309.29,1.0,309.36,2.0,0.0,1.0,2020-01-27 09:41:46.629702,309.29,309.34,0
2020-01-27 09:41:47,N,AAPL,309.29,1.0,309.34,1.0,-9.0,-2.0,2020-01-27 09:41:47.166615,309.25,309.31,0
2020-01-27 09:41:50,N,AAPL,309.25,1.0,309.31,4.0,0.0,3.0,2020-01-27 09:41:50.958245,309.3,309.39,0
2020-01-27 09:41:51,N,AAPL,309.3,1.0,309.39,1.0,0.0,0.0,2020-01-27 09:41:51.741462,309.33,309.37,0
2020-01-27 09:41:52,N,AAPL,309.33,1.0,309.37,1.0,0.0,0.0,2020-01-27 09:41:52.633792,309.33,309.38,0
2020-01-27 09:41:53,N,AAPL,309.33,1.0,309.38,1.0,0.0,0.0,2020-01-27 09:41:53.590969,309.4,309.44,1
2020-01-27 09:41:54,N,AAPL,309.4,1.0,309.44,3.0,0.0,2.0,2020-01-27 09:41:54.880685,309.37,309.42,0
2020-01-27 09:41:55,N,AAPL,309.37,11.0,309.42,1.0,10.0,-5.0,2020-01-27 09:41:55.071942,309.35,309.41,0
2020-01-27 09:41:56,N,AAPL,309.35,1.0,309.41,1.0,-1.0,-3.0,2020-01-27 09:41:56.980363,309.42,309.48,1
2020-01-27 09:41:57,N,AAPL,309.42,1.0,309.48,1.0,0.0,0.0,2020-01-27 09:41:57.128097,309.41,309.42,0
2020-01-27 09:41:58,N,AAPL,309.41,1.0,309.42,4.0,-1.0,-2.0,2020-01-27 09:41:58.069833,309.54,309.58,1
2020-01-27 09:41:59,N,AAPL,309.54,1.0,309.58,1.0,0.0,0.0,2020-01-27 09:41:59.112608,309.13,309.18,-1
2020-01-27 09:42:09,N,AAPL,309.13,1.0,309.18,1.0,-3.0,0.0,2020-01-27 09:42:09.147739,308.9,309.0,-1
2020-01-27 09:42:17,N,AAPL,308.9,2.0,309.0,5.0,1.0,4.0,2020-01-27 09:42:17.386320,309.42,309.5,1
2020-01-27 09:42:45,N,AAPL,309.42,1.0,309.5,3.0,-1.0,-2.0,2020-01-27 09:42:45.874160,309.29,309.38,-1
2020-01-27 09:42:57,N,AAPL,309.29,3.0,309.38,1.0,2.0,-2.0,2020-01-27 09:42:57.888014,309.05,309.17,-1
2020-01-27 09:42:58,N,AAPL,309.05,2.0,309.17,1.0,0.0,-2.0,2020-01-27 09:42:58.000388,309.29,309.4,1
2020-01-27 09:43:04,N,AAPL,309.29,1.0,309.4,4.0,0.0,3.0,2020-01-27 09:43:04.855646,309.58,309.73,1
2020-01-27 09:43:48,N,AAPL,309.58,1.0,309.73,1.0,0.0,-3.0,2020-01-27 09:43:48.051668,309.53,309.66,0
2020-01-27 09:43:57,N,AAPL,309.53,2.0,309.66,1.0,1.0,0.0,2020-01-27 09:43:57.110999,309.85,309.9,1
2020-01-27 09:43:59,N,AAPL,309.85,1.0,309.9,1.0,-1.0,0.0,2020-01-27 09:43:59.354321,309.65,309.76,-1
2020-01-27 09:44:09,N,AAPL,309.65,1.0,309.76,1.0,0.0,0.0,2020-01-27 09:44:09.561917,310.03,310.13,1
2020-01-27 09:44:17,N,AAPL,310.03,1.0,310.13,2.0,0.0,1.0,2020-01-27 09:44:17.528236,310.03,310.12,0
2020-01-27 09:44:18,N,AAPL,310.03,1.0,310.12,5.0,0.0,3.0,2020-01-27 09:44:18.909916,309.86,309.87,-1
2020-01-27 09:44:20,N,AAPL,309.86,1.0,309.87,1.0,0.0,-4.0,2020-01-27 09:44:20.449215,310.04,310.09,1
2020-01-27 09:44:25,N,AAPL,310.04,1.0,310.09,1.0,0.0,0.0,2020-01-27 09:44:25.188635,310.09,310.12,0
2020-01-27 09:44:35,N,AAPL,310.09,1.0,310.12,2.0,0.0,1.0,2020-01-27 09:44:35.033538,310.07,310.11,0
2020-01-27 09:44:36,N,AAPL,310.07,2.0,310.11,1.0,0.0,-3.0,2020-01-27 09:44:36.363297,310.16,310.24,1
2020-01-27 09:44:37,N,AAPL,310.16,1.0,310.24,2.0,0.0,0.0,2020-01-27 09:44:37.018766,310.1,310.21,0
2020-01-27 09:44:38,N,AAPL,310.1,2.0,310.21,2.0,0.0,1.0,2020-01-27 09:44:38.708893,310.1,310.2,0
2020-01-27 09:44:39,N,AAPL,310.1,2.0,310.2,4.0,0.0,2.0,2020-01-27 09:44:39.401407,310.17,310.22,0
2020-01-27 09:44:40,N,AAPL,310.17,1.0,310.22,2.0,-1.0,-2.0,2020-01-27 09:44:40.066084,310.29,310.35,1
2020-01-27 09:44:41,N,AAPL,310.29,1.0,310.35,4.0,0.0,2.0,2020-01-27 09:44:41.345840,310.31,310.34,0
2020-01-27 09:44:42,N,AAPL,310.31,2.0,310.34,4.0,1.0,0.0,2020-01-27 09:44:42.180438,310.36,310.39,1
2020-01-27 09:44:43,N,AAPL,310.36,1.0,310.39,2.0,0.0,0.0,2020-01-27 09:44:43.023605,310.46,310.53,1
2020-01-27 09:44:44,N,AAPL,310.46,2.0,310.53,2.0,1.0,-2.0,2020-01-27 09:44:44.179209,310.49,310.54,0
2020-01-27 09:44:45,N,AAPL,310.49,1.0,310.54,2.0,-1.0,1.0,2020-01-27 09:44:45.286836,310.48,310.56,0
2020-01-27 09:44:46,N,AAPL,310.48,3.0,310.56,2.0,-1.0,1.0,2020-01-27 09:44:46.009798,310.44,310.51,0
2020-01-27 09:44:48,N,AAPL,310.44,3.0,310.51,1.0,1.0,0.0,2020-01-27 09:44:48.348163,310.51,310.58,0
2020-01-27 09:44:49,N,AAPL,310.51,2.0,310.58,2.0,1.0,0.0,2020-01-27 09:44:49.037101,310.43,310.44,-1
2020-01-27 09:44:50,N,AAPL,310.43,2.0,310.44,1.0,1.0,-2.0,2020-01-27 09:44:50.689615,310.41,310.46,0
2020-01-27 09:44:51,N,AAPL,310.41,2.0,310.46,2.0,0.0,1.0,2020-01-27 09:44:51.126493,310.4,310.44,0
2020-01-27 09:44:52,N,AAPL,310.4,2.0,310.44,1.0,0.0,0.0,2020-01-27 09:44:52.266863,310.3,310.32,-1
2020-01-27 09:44:53,N,AAPL,310.3,2.0,310.32,22.0,0.0,20.0,2020-01-27 09:44:53.129822,310.36,310.44,1
2020-01-27 09:44:54,N,AAPL,310.36,2.0,310.44,2.0,1.0,-3.0,2020-01-27 09:44:54.457569,310.33,310.41,0
2020-01-27 09:44:55,N,AAPL,310.33,1.0,310.41,1.0,-1.0,-4.0,2020-01-27 09:44:55.081395,310.05,310.12,-1
2020-01-27 09:44:56,N,AAPL,310.05,1.0,310.12,2.0,-1.0,1.0,2020-01-27 09:44:56.100986,310.07,310.15,0
2020-01-27 09:44:57,N,AAPL,310.07,1.0,310.15,2.0,0.0,0.0,2020-01-27 09:44:57.078481,310.06,310.15,0
2020-01-27 09:44:58,N,AAPL,310.06,1.0,310.15,1.0,0.0,-1.0,2020-01-27 09:44:58.282734,310.24,310.28,1
2020-01-27 09:44:59,N,AAPL,310.24,1.0,310.28,1.0,-1.0,0.0,2020-01-27 09:44:59.161804,310.0,310.06,-1
2020-01-27 09:45:00,N,AAPL,310.0,5.0,310.06,2.0,3.0,0.0,2020-01-27 09:45:00.082178,310.01,310.12,0
2020-01-27 09:45:02,N,AAPL,310.01,1.0,310.12,5.0,0.0,3.0,2020-01-27 09:45:02.025718,309.9,309.95,-1
2020-01-27 09:45:03,N,AAPL,309.9,2.0,309.95,2.0,0.0,1.0,2020-01-27 09:45:03.324069,309.86,309.93,0
2020-01-27 09:45:04,N,AAPL,309.86,1.0,309.93,2.0,0.0,-2.0,2020-01-27 09:45:04.512744,309.95,310.0,1
2020-01-27 09:45:05,N,AAPL,309.95,1.0,310.0,2.0,0.0,1.0,2020-01-27 09:45:05.266341,309.89,309.93,-1
2020-01-27 09:45:06,N,AAPL,309.89,1.0,309.93,4.0,0.0,0.0,2020-01-27 09:45:06.569006,309.95,310.02,1
2020-01-27 09:45:07,N,AAPL,309.95,1.0,310.02,2.0,-1.0,0.0,2020-01-27 09:45:07.105581,309.87,309.93,-1
2020-01-27 09:45:08,N,AAPL,309.87,2.0,309.93,2.0,0.0,0.0,2020-01-27 09:45:08.148331,309.91,310.0,0
2020-01-27 09:45:09,N,AAPL,309.91,2.0,310.0,3.0,1.0,1.0,2020-01-27 09:45:09.196100,309.85,309.93,0
2020-01-27 09:45:10,N,AAPL,309.85,69.0,309.93,2.0,67.0,0.0,2020-01-27 09:45:10.373106,309.98,310.01,1
2020-01-27 09:45:11,N,AAPL,309.98,1.0,310.01,2.0,0.0,1.0,2020-01-27 09:45:11.243689,309.93,309.97,-1
2020-01-27 09:45:12,N,AAPL,309.93,1.0,309.97,4.0,0.0,0.0,2020-01-27 09:45:12.375296,309.93,310.07,0
2020-01-27 09:45:13,N,AAPL,309.93,3.0,310.07,2.0,1.0,0.0,2020-01-27 09:45:13.052455,310.25,310.26,1
2020-01-27 09:45:14,N,AAPL,310.25,1.0,310.26,2.0,-2.0,0.0,2020-01-27 09:45:14.120597,310.17,310.23,-1
2020-01-27 09:45:15,N,AAPL,310.17,1.0,310.23,2.0,0.0,1.0,2020-01-27 09:45:15.121385,310.16,310.24,0
2020-01-27 09:45:16,N,AAPL,310.16,1.0,310.24,1.0,-1.0,-1.0,2020-01-27 09:45:16.131222,310.2,310.3,0
2020-01-27 09:45:17,N,AAPL,310.2,2.0,310.3,2.0,0.0,0.0,2020-01-27 09:45:17.394572,310.23,310.3,0
2020-01-27 09:45:18,N,AAPL,310.23,1.0,310.3,2.0,0.0,0.0,2020-01-27 09:45:18.013541,310.15,310.25,0
2020-01-27 09:45:19,N,AAPL,310.15,2.0,310.25,2.0,0.0,1.0,2020-01-27 09:45:19.122330,310.2,310.24,0
2020-01-27 09:45:20,N,AAPL,310.2,3.0,310.24,2.0,1.0,1.0,2020-01-27 09:45:20.604874,310.3,310.35,1
2020-01-27 09:45:21,N,AAPL,310.3,1.0,310.35,2.0,-4.0,1.0,2020-01-27 09:45:21.039527,310.3,310.38,0
2020-01-27 09:45:22,N,AAPL,310.3,1.0,310.38,1.0,0.0,0.0,2020-01-27 09:45:22.419703,310.32,310.36,0
2020-01-27 09:45:23,N,AAPL,310.32,1.0,310.36,1.0,0.0,0.0,2020-01-27 09:45:23.454422,310.3,310.38,0
2020-01-27 09:45:24,N,AAPL,310.3,3.0,310.38,2.0,1.0,1.0,2020-01-27 09:45:24.002187,310.4,310.46,1
2020-01-27 09:45:25,N,AAPL,310.4,1.0,310.46,4.0,-2.0,3.0,2020-01-27 09:45:25.023504,310.39,310.42,0
2020-01-27 09:45:26,N,AAPL,310.39,2.0,310.42,2.0,-2.0,1.0,2020-01-27 09:45:26.864398,310.28,310.35,-1
2020-01-27 09:45:27,N,AAPL,310.28,2.0,310.35,2.0,0.0,1.0,2020-01-27 09:45:27.360125,310.3,310.39,0
2020-01-27 09:45:28,N,AAPL,310.3,5.0,310.39,3.0,3.0,-2.0,2020-01-27 09:45:28.036301,310.4,310.47,1
2020-01-27 09:45:29,N,AAPL,310.4,2.0,310.47,4.0,-3.0,2.0,2020-01-27 09:45:29.007777,310.26,310.38,-1
2020-01-27 09:45:30,N,AAPL,310.26,2.0,310.38,1.0,0.0,-1.0,2020-01-27 09:45:30.094705,310.34,310.4,0
2020-01-27 09:45:32,N,AAPL,310.34,2.0,310.4,2.0,0.0,1.0,2020-01-27 09:45:32.004126,310.38,310.47,0
2020-01-27 09:45:33,N,AAPL,310.38,2.0,310.47,7.0,0.0,6.0,2020-01-27 09:45:33.224021,310.41,310.49,0
2020-01-27 09:45:34,N,AAPL,310.41,1.0,310.49,2.0,-3.0,1.0,2020-01-27 09:45:34.753669,310.41,310.48,0
2020-01-27 09:45:35,N,AAPL,310.41,1.0,310.48,4.0,0.0,2.0,2020-01-27 09:45:35.054743,310.38,310.4,-1
2020-01-27 09:45:36,N,AAPL,310.38,1.0,310.4,4.0,0.0,3.0,2020-01-27 09:45:36.273953,310.39,310.47,0
2020-01-27 09:45:38,N,AAPL,310.39,2.0,310.47,1.0,0.0,0.0,2020-01-27 09:45:38.600684,310.52,310.56,1
2020-01-27 09:45:39,N,AAPL,310.52,4.0,310.56,2.0,2.0,0.0,2020-01-27 09:45:39.185220,310.6,310.66,1
2020-01-27 09:45:40,N,AAPL,310.6,2.0,310.66,1.0,1.0,-2.0,2020-01-27 09:45:40.118108,310.57,310.61,0
2020-01-27 09:45:41,N,AAPL,310.57,1.0,310.61,1.0,-2.0,-1.0,2020-01-27 09:45:41.229815,310.55,310.59,0
2020-01-27 09:45:42,N,AAPL,310.55,2.0,310.59,1.0,1.0,0.0,2020-01-27 09:45:42.293559,310.49,310.58,0
2020-01-27 09:45:43,N,AAPL,310.49,2.0,310.58,1.0,0.0,-2.0,2020-01-27 09:45:43.052044,310.51,310.58,0
2020-01-27 09:45:44,N,AAPL,310.51,5.0,310.58,2.0,3.0,-1.0,2020-01-27 09:45:44.389385,310.5,310.55,0
2020-01-27 09:45:45,N,AAPL,310.5,4.0,310.55,1.0,1.0,-1.0,2020-01-27 09:45:45.021291,310.51,310.57,0
2020-01-27 09:45:46,N,AAPL,310.51,2.0,310.57,2.0,0.0,-3.0,2020-01-27 09:45:46.139413,310.43,310.47,-1
2020-01-27 09:45:47,N,AAPL,310.43,4.0,310.47,2.0,0.0,1.0,2020-01-27 09:45:47.051191,310.43,310.48,0
2020-01-27 09:45:48,N,AAPL,310.43,3.0,310.48,1.0,1.0,0.0,2020-01-27 09:45:48.424572,310.49,310.55,1
2020-01-27 09:45:49,N,AAPL,310.49,1.0,310.55,4.0,0.0,-7.0,2020-01-27 09:45:49.179685,310.43,310.5,0
2020-01-27 09:45:50,N,AAPL,310.43,3.0,310.5,4.0,2.0,2.0,2020-01-27 09:45:50.131849,310.47,310.52,0
2020-01-27 09:45:51,N,AAPL,310.47,2.0,310.52,1.0,1.0,0.0,2020-01-27 09:45:51.616555,310.46,310.53,0
2020-01-27 09:45:52,N,AAPL,310.46,4.0,310.53,1.0,2.0,-2.0,2020-01-27 09:45:52.146738,310.44,310.47,0
2020-01-27 09:45:53,N,AAPL,310.44,2.0,310.47,2.0,0.0,0.0,2020-01-27 09:45:53.096612,310.45,310.48,0
2020-01-27 09:45:54,N,AAPL,310.45,1.0,310.48,2.0,0.0,0.0,2020-01-27 09:45:54.489992,310.56,310.59,1
2020-01-27 09:45:55,N,AAPL,310.56,1.0,310.59,6.0,0.0,1.0,2020-01-27 09:45:55.435504,310.57,310.63,0
2020-01-27 09:45:56,N,AAPL,310.57,1.0,310.63,1.0,-1.0,-1.0,2020-01-27 09:45:56.932861,310.57,310.62,0
2020-01-27 09:45:57,N,AAPL,310.57,1.0,310.62,1.0,0.0,-4.0,2020-01-27 09:45:57.126577,310.59,310.64,0
2020-01-27 09:45:58,N,AAPL,310.59,1.0,310.64,1.0,-4.0,0.0,2020-01-27 09:45:58.800381,310.61,310.64,0
2020-01-27 09:45:59,N,AAPL,310.61,1.0,310.64,1.0,0.0,0.0,2020-01-27 09:45:59.123442,310.59,310.62,0
2020-01-27 09:46:00,N,AAPL,310.59,2.0,310.62,3.0,-2.0,0.0,2020-01-27 09:46:00.017410,310.61,310.68,0
2020-01-27 09:46:01,N,AAPL,310.61,2.0,310.68,1.0,-1.0,-2.0,2020-01-27 09:46:01.036693,310.62,310.69,0
2020-01-27 09:46:02,N,AAPL,310.62,3.0,310.69,2.0,1.0,0.0,2020-01-27 09:46:02.042557,310.56,310.59,-1
2020-01-27 09:46:03,N,AAPL,310.56,2.0,310.59,1.0,-2.0,0.0,2020-01-27 09:46:03.474588,310.53,310.58,0
2020-01-27 09:46:04,N,AAPL,310.53,2.0,310.58,2.0,0.0,1.0,2020-01-27 09:46:04.632472,310.46,310.52,-1
2020-01-27 09:46:05,N,AAPL,310.46,2.0,310.52,2.0,-4.0,1.0,2020-01-27 09:46:05.074687,310.37,310.43,-1
2020-01-27 09:46:06,N,AAPL,310.37,3.0,310.43,4.0,1.0,0.0,2020-01-27 09:46:06.002852,310.39,310.44,0
2020-01-27 09:46:07,N,AAPL,310.39,1.0,310.44,1.0,-1.0,0.0,2020-01-27 09:46:07.079317,310.31,310.37,-1
2020-01-27 09:46:08,N,AAPL,310.31,2.0,310.37,1.0,0.0,0.0,2020-01-27 09:46:08.102767,310.3,310.37,0
2020-01-27 09:46:09,N,AAPL,310.3,2.0,310.37,2.0,1.0,0.0,2020-01-27 09:46:09.538798,310.3,310.36,0
2020-01-27 09:46:10,N,AAPL,310.3,2.0,310.36,2.0,-1.0,1.0,2020-01-27 09:46:10.611998,310.36,310.38,0
2020-01-27 09:46:11,N,AAPL,310.36,1.0,310.38,1.0,0.0,0.0,2020-01-27 09:46:11.285327,310.21,310.27,-1
2020-01-27 09:46:12,N,AAPL,310.21,1.0,310.27,1.0,-1.0,-1.0,2020-01-27 09:46:12.703015,310.19,310.23,0
2020-01-27 09:46:14,N,AAPL,310.19,2.0,310.23,1.0,1.0,0.0,2020-01-27 09:46:14.639744,310.13,310.18,-1
2020-01-27 09:46:15,N,AAPL,310.13,3.0,310.18,7.0,2.0,-1.0,2020-01-27 09:46:15.263976,310.13,310.16,0
2020-01-27 09:46:16,N,AAPL,310.13,1.0,310.16,2.0,0.0,-6.0,2020-01-27 09:46:16.389620,310.07,310.1,-1
2020-01-27 09:46:17,N,AAPL,310.07,1.0,310.1,2.0,-1.0,-4.0,2020-01-27 09:46:17.279410,310.14,310.16,1
2020-01-27 09:46:18,N,AAPL,310.14,1.0,310.16,2.0,0.0,1.0,2020-01-27 09:46:18.517565,310.16,310.22,0
2020-01-27 09:46:19,N,AAPL,310.16,2.0,310.22,2.0,0.0,1.0,2020-01-27 09:46:19.187431,310.22,310.24,0
2020-01-27 09:46:20,N,AAPL,310.22,2.0,310.24,2.0,1.0,0.0,2020-01-27 09:46:20.599153,310.23,310.28,0
2020-01-27 09:46:21,N,AAPL,310.23,1.0,310.28,1.0,0.0,0.0,2020-01-27 09:46:21.010634,310.07,310.11,-1
2020-01-27 09:46:22,N,AAPL,310.07,2.0,310.11,1.0,0.0,-1.0,2020-01-27 09:46:22.320140,310.08,310.15,0
2020-01-27 09:46:23,N,AAPL,310.08,2.0,310.15,1.0,0.0,0.0,2020-01-27 09:46:23.002984,310.17,310.2,1
2020-01-27 09:46:24,N,AAPL,310.17,1.0,310.2,1.0,-1.0,0.0,2020-01-27 09:46:24.485221,310.23,310.27,1
2020-01-27 09:46:25,N,AAPL,310.23,1.0,310.27,4.0,0.0,3.0,2020-01-27 09:46:25.040259,310.13,310.19,-1
2020-01-27 09:46:26,N,AAPL,310.13,2.0,310.19,1.0,1.0,0.0,2020-01-27 09:46:26.084083,310.15,310.2,0
2020-01-27 09:46:27,N,AAPL,310.15,1.0,310.2,1.0,-1.0,0.0,2020-01-27 09:46:27.015959,310.18,310.22,0
2020-01-27 09:46:28,N,AAPL,310.18,2.0,310.22,3.0,0.0,2.0,2020-01-27 09:46:28.799404,310.16,310.19,0
2020-01-27 09:46:29,N,AAPL,310.16,1.0,310.19,4.0,-1.0,1.0,2020-01-27 09:46:29.217731,310.17,310.22,0
2020-01-27 09:46:30,N,AAPL,310.17,2.0,310.22,2.0,1.0,1.0,2020-01-27 09:46:30.167674,310.15,310.21,0
2020-01-27 09:46:31,N,AAPL,310.15,1.0,310.21,4.0,0.0,-1.0,2020-01-27 09:46:31.134521,310.18,310.2,0
2020-01-27 09:46:32,N,AAPL,310.18,4.0,310.2,4.0,-1.0,2.0,2020-01-27 09:46:32.668759,310.15,310.19,0
2020-01-27 09:46:33,N,AAPL,310.15,1.0,310.19,1.0,-1.0,0.0,2020-01-27 09:46:33.404957,310.12,310.14,-1
2020-01-27 09:46:34,N,AAPL,310.12,1.0,310.14,1.0,-2.0,-1.0,2020-01-27 09:46:34.966946,310.12,310.17,0
2020-01-27 09:46:35,N,AAPL,310.12,2.0,310.17,1.0,0.0,-4.0,2020-01-27 09:46:35.025739,310.04,310.11,-1
2020-01-27 09:46:36,N,AAPL,310.04,2.0,310.11,2.0,-2.0,-1.0,2020-01-27 09:46:36.029046,310.1,310.12,0
2020-01-27 09:46:37,N,AAPL,310.1,1.0,310.12,3.0,-1.0,0.0,2020-01-27 09:46:37.264618,310.02,310.07,-1
2020-01-27 09:46:38,N,AAPL,310.02,2.0,310.07,2.0,0.0,0.0,2020-01-27 09:46:38.122894,309.92,309.96,-1
2020-01-27 09:46:40,N,AAPL,309.92,2.0,309.96,2.0,1.0,0.0,2020-01-27 09:46:40.684303,309.91,309.98,0
2020-01-27 09:46:41,N,AAPL,309.91,4.0,309.98,2.0,2.0,1.0,2020-01-27 09:46:41.068586,309.88,309.92,0
2020-01-27 09:46:42,N,AAPL,309.88,5.0,309.92,4.0,0.0,2.0,2020-01-27 09:46:42.022333,309.95,310.0,1
2020-01-27 09:46:43,N,AAPL,309.95,1.0,310.0,1.0,-2.0,-4.0,2020-01-27 09:46:43.063544,310.01,310.05,1
2020-01-27 09:46:44,N,AAPL,310.01,1.0,310.05,4.0,-1.0,2.0,2020-01-27 09:46:44.115292,310.01,310.05,0
2020-01-27 09:46:45,N,AAPL,310.01,1.0,310.05,2.0,0.0,0.0,2020-01-27 09:46:45.083554,310.01,310.06,0
2020-01-27 09:46:46,N,AAPL,310.01,1.0,310.06,1.0,0.0,-2.0,2020-01-27 09:46:46.182957,310.03,310.07,0
2020-01-27 09:46:47,N,AAPL,310.03,1.0,310.07,2.0,0.0,1.0,2020-01-27 09:46:47.740968,310.04,310.09,0
2020-01-27 09:46:49,N,AAPL,310.04,1.0,310.09,3.0,0.0,1.0,2020-01-27 09:46:49.198868,310.03,310.07,0
2020-01-27 09:46:50,N,AAPL,310.03,3.0,310.07,4.0,2.0,1.0,2020-01-27 09:46:50.417421,310.02,310.05,0
2020-01-27 09:46:51,N,AAPL,310.02,2.0,310.05,2.0,1.0,1.0,2020-01-27 09:46:51.437517,309.94,309.98,-1
2020-01-27 09:46:52,N,AAPL,309.94,2.0,309.98,2.0,1.0,0.0,2020-01-27 09:46:52.071277,310.03,310.08,1
2020-01-27 09:46:53,N,AAPL,310.03,1.0,310.08,2.0,0.0,-8.0,2020-01-27 09:46:53.340540,310.08,310.15,0
2020-01-27 09:46:54,N,AAPL,310.08,1.0,310.15,2.0,0.0,1.0,2020-01-27 09:46:54.069919,310.03,310.08,0
2020-01-27 09:46:55,N,AAPL,310.03,3.0,310.08,1.0,2.0,0.0,2020-01-27 09:46:55.314751,310.03,310.09,0
2020-01-27 09:46:56,N,AAPL,310.03,3.0,310.09,1.0,0.0,0.0,2020-01-27 09:46:56.642618,310.04,310.07,0
2020-01-27 09:46:57,N,AAPL,310.04,5.0,310.07,2.0,2.0,1.0,2020-01-27 09:46:57.509000,310.09,310.13,1
2020-01-27 09:46:58,N,AAPL,310.09,2.0,310.13,1.0,-3.0,-1.0,2020-01-27 09:46:58.092254,310.16,310.23,1
2020-01-27 09:46:59,N,AAPL,310.16,1.0,310.23,2.0,0.0,1.0,2020-01-27 09:46:59.288660,310.22,310.26,0
2020-01-27 09:47:00,N,AAPL,310.22,1.0,310.26,2.0,-4.0,1.0,2020-01-27 09:47:00.283384,310.25,310.3,0
2020-01-27 09:47:01,N,AAPL,310.25,1.0,310.3,1.0,0.0,-3.0,2020-01-27 09:47:01.153890,310.24,310.29,0
2020-01-27 09:47:02,N,AAPL,310.24,2.0,310.29,1.0,-2.0,0.0,2020-01-27 09:47:02.098648,310.34,310.39,1
2020-01-27 09:47:03,N,AAPL,310.34,4.0,310.39,3.0,2.0,0.0,2020-01-27 09:47:03.059225,310.34,310.4,0
2020-01-27 09:47:04,N,AAPL,310.34,4.0,310.4,2.0,2.0,-1.0,2020-01-27 09:47:04.354700,310.35,310.41,0
2020-01-27 09:47:05,N,AAPL,310.35,1.0,310.41,1.0,-4.0,-4.0,2020-01-27 09:47:05.198403,310.41,310.47,0
2020-01-27 09:47:06,N,AAPL,310.41,2.0,310.47,37.0,1.0,35.0,2020-01-27 09:47:06.323207,310.43,310.48,0
2020-01-27 09:47:07,N,AAPL,310.43,4.0,310.48,3.0,2.0,-33.0,2020-01-27 09:47:07.680744,310.44,310.54,0
2020-01-27 09:47:08,N,AAPL,310.44,2.0,310.54,5.0,1.0,-2.0,2020-01-27 09:47:08.102547,310.51,310.55,0
2020-01-27 09:47:09,N,AAPL,310.51,4.0,310.55,1.0,3.0,-1.0,2020-01-27 09:47:09.684249,310.43,310.52,0
2020-01-27 09:47:10,N,AAPL,310.43,4.0,310.52,3.0,1.0,-1.0,2020-01-27 09:47:10.709726,310.49,310.54,0
2020-01-27 09:47:11,N,AAPL,310.49,3.0,310.54,2.0,-1.0,-1.0,2020-01-27 09:47:11.046513,310.6,310.64,1
2020-01-27 09:47:12,N,AAPL,310.6,2.0,310.64,2.0,1.0,-48.0,2020-01-27 09:47:12.537432,310.65,310.7,1
2020-01-27 09:47:13,N,AAPL,310.65,1.0,310.7,1.0,0.0,-9.0,2020-01-27 09:47:13.791619,310.58,310.65,0
2020-01-27 09:47:14,N,AAPL,310.58,2.0,310.65,1.0,0.0,-1.0,2020-01-27 09:47:14.001290,310.64,310.68,0
2020-01-27 09:47:15,N,AAPL,310.64,2.0,310.68,2.0,0.0,0.0,2020-01-27 09:47:15.397831,310.64,310.69,0
2020-01-27 09:47:16,N,AAPL,310.64,2.0,310.69,1.0,0.0,-1.0,2020-01-27 09:47:16.109684,310.68,310.71,0
2020-01-27 09:47:17,N,AAPL,310.68,2.0,310.71,2.0,-1.0,0.0,2020-01-27 09:47:17.044736,310.73,310.81,1
2020-01-27 09:47:18,N,AAPL,310.73,5.0,310.81,1.0,1.0,0.0,2020-01-27 09:47:18.274754,310.75,310.78,0
2020-01-27 09:47:20,N,AAPL,310.75,4.0,310.78,1.0,3.0,0.0,2020-01-27 09:47:20.244920,310.8,310.85,1
2020-01-27 09:47:21,N,AAPL,310.8,4.0,310.85,1.0,2.0,-1.0,2020-01-27 09:47:21.478080,310.88,310.94,1
2020-01-27 09:47:22,N,AAPL,310.88,4.0,310.94,2.0,0.0,1.0,2020-01-27 09:47:22.437696,310.87,310.93,0
2020-01-27 09:47:23,N,AAPL,310.87,4.0,310.93,5.0,1.0,3.0,2020-01-27 09:47:23.438428,310.92,310.95,0
2020-01-27 09:47:27,N,AAPL,310.92,2.0,310.95,2.0,1.0,-3.0,2020-01-27 09:47:27.267360,310.9,310.94,0
2020-01-27 09:47:31,N,AAPL,310.9,2.0,310.94,2.0,-2.0,1.0,2020-01-27 09:47:31.341580,310.75,310.79,-1
2020-01-27 09:47:32,N,AAPL,310.75,2.0,310.79,1.0,1.0,-1.0,2020-01-27 09:47:32.027579,310.71,310.76,0
2020-01-27 09:47:33,N,AAPL,310.71,2.0,310.76,2.0,-2.0,1.0,2020-01-27 09:47:33.089359,310.69,310.74,0
2020-01-27 09:47:34,N,AAPL,310.69,4.0,310.74,1.0,2.0,-2.0,2020-01-27 09:47:34.051372,310.69,310.72,0
2020-01-27 09:47:35,N,AAPL,310.69,2.0,310.72,4.0,0.0,3.0,2020-01-27 09:47:35.984673,310.7,310.76,0
2020-01-27 09:47:36,N,AAPL,310.7,4.0,310.76,5.0,-1.0,1.0,2020-01-27 09:47:36.035988,310.74,310.8,0
2020-01-27 09:47:37,N,AAPL,310.74,2.0,310.8,1.0,0.0,0.0,2020-01-27 09:47:37.221720,310.8,310.89,0
2020-01-27 09:47:38,N,AAPL,310.8,2.0,310.89,2.0,1.0,1.0,2020-01-27 09:47:38.445638,310.8,310.89,0
2020-01-27 09:47:39,N,AAPL,310.8,2.0,310.89,1.0,0.0,0.0,2020-01-27 09:47:39.059843,310.86,310.91,0
2020-01-27 09:47:40,N,AAPL,310.86,3.0,310.91,1.0,1.0,0.0,2020-01-27 09:47:40.000579,310.95,310.99,1
2020-01-27 09:47:41,N,AAPL,310.95,1.0,310.99,1.0,0.0,-3.0,2020-01-27 09:47:41.803529,310.95,310.99,0
2020-01-27 09:47:42,N,AAPL,310.95,2.0,310.99,1.0,1.0,-1.0,2020-01-27 09:47:42.059046,310.94,310.97,0
2020-01-27 09:47:43,N,AAPL,310.94,2.0,310.97,3.0,0.0,2.0,2020-01-27 09:47:43.190283,310.95,310.99,0
2020-01-27 09:47:44,N,AAPL,310.95,3.0,310.99,1.0,2.0,0.0,2020-01-27 09:47:44.015368,310.89,310.97,0
2020-01-27 09:47:45,N,AAPL,310.89,3.0,310.97,2.0,2.0,1.0,2020-01-27 09:47:45.436758,310.89,310.94,0
2020-01-27 09:47:46,N,AAPL,310.89,2.0,310.94,2.0,0.0,1.0,2020-01-27 09:47:46.325513,310.81,310.84,-1
2020-01-27 09:47:49,N,AAPL,310.81,2.0,310.84,4.0,0.0,3.0,2020-01-27 09:47:49.036818,310.59,310.67,-1
2020-01-27 09:47:50,N,AAPL,310.59,2.0,310.67,1.0,0.0,0.0,2020-01-27 09:47:50.271458,310.76,310.78,1
2020-01-27 09:47:51,N,AAPL,310.76,1.0,310.78,1.0,-1.0,0.0,2020-01-27 09:47:51.010670,310.58,310.62,-1
2020-01-27 09:47:53,N,AAPL,310.58,1.0,310.62,2.0,0.0,-1.0,2020-01-27 09:47:53.643216,310.51,310.56,-1
2020-01-27 09:47:54,N,AAPL,310.51,1.0,310.56,1.0,0.0,-1.0,2020-01-27 09:47:54.171572,310.41,310.46,-1
2020-01-27 09:47:55,N,AAPL,310.41,3.0,310.46,2.0,2.0,1.0,2020-01-27 09:47:55.056848,310.31,310.38,-1
2020-01-27 09:47:56,N,AAPL,310.31,1.0,310.38,1.0,-2.0,0.0,2020-01-27 09:47:56.642580,310.34,310.39,0
2020-01-27 09:47:58,N,AAPL,310.34,3.0,310.39,2.0,2.0,0.0,2020-01-27 09:47:58.244793,310.36,310.45,0
2020-01-27 09:48:00,N,AAPL,310.36,1.0,310.45,5.0,0.0,1.0,2020-01-27 09:48:00.372804,310.42,310.47,0
2020-01-27 09:48:01,N,AAPL,310.42,1.0,310.47,2.0,0.0,-3.0,2020-01-27 09:48:01.338375,310.39,310.4,-1
2020-01-27 09:48:02,N,AAPL,310.39,1.0,310.4,2.0,0.0,0.0,2020-01-27 09:48:02.795803,310.49,310.5,1
2020-01-27 09:48:03,N,AAPL,310.49,1.0,310.5,2.0,0.0,0.0,2020-01-27 09:48:03.878884,310.45,310.53,0
2020-01-27 09:48:04,N,AAPL,310.45,4.0,310.53,2.0,2.0,0.0,2020-01-27 09:48:04.082279,310.5,310.55,0
2020-01-27 09:48:05,N,AAPL,310.5,1.0,310.55,1.0,-1.0,0.0,2020-01-27 09:48:05.255963,310.58,310.69,1
2020-01-27 09:48:06,N,AAPL,310.58,3.0,310.69,2.0,2.0,0.0,2020-01-27 09:48:06.285192,310.64,310.7,0
2020-01-27 09:48:07,N,AAPL,310.64,2.0,310.7,2.0,-1.0,0.0,2020-01-27 09:48:07.181744,310.64,310.67,0
2020-01-27 09:48:09,N,AAPL,310.64,2.0,310.67,2.0,-2.0,-15.0,2020-01-27 09:48:09.434136,310.62,310.73,0
2020-01-27 09:48:10,N,AAPL,310.62,1.0,310.73,2.0,-4.0,0.0,2020-01-27 09:48:10.015931,310.64,310.72,0
2020-01-27 09:48:11,N,AAPL,310.64,2.0,310.72,2.0,-1.0,0.0,2020-01-27 09:48:11.022191,310.71,310.77,0
2020-01-27 09:48:12,N,AAPL,310.71,1.0,310.77,2.0,-1.0,1.0,2020-01-27 09:48:12.055383,310.75,310.8,0
2020-01-27 09:48:13,N,AAPL,310.75,1.0,310.8,1.0,0.0,-1.0,2020-01-27 09:48:13.179768,310.77,310.82,0
2020-01-27 09:48:15,N,AAPL,310.77,2.0,310.82,1.0,1.0,-8.0,2020-01-27 09:48:15.099562,310.7,310.75,-1
2020-01-27 09:48:16,N,AAPL,310.7,2.0,310.75,2.0,0.0,1.0,2020-01-27 09:48:16.290081,310.76,310.8,1
2020-01-27 09:48:17,N,AAPL,310.76,2.0,310.8,4.0,1.0,3.0,2020-01-27 09:48:17.053069,310.75,310.81,0
2020-01-27 09:48:18,N,AAPL,310.75,1.0,310.81,5.0,0.0,4.0,2020-01-27 09:48:18.165801,310.75,310.77,0
2020-01-27 09:48:20,N,AAPL,310.75,1.0,310.77,1.0,-2.0,-1.0,2020-01-27 09:48:20.560721,310.76,310.82,0
2020-01-27 09:48:21,N,AAPL,310.76,2.0,310.82,3.0,-3.0,1.0,2020-01-27 09:48:21.077212,310.79,310.82,0
2020-01-27 09:48:22,N,AAPL,310.79,1.0,310.82,2.0,0.0,1.0,2020-01-27 09:48:22.632626,310.77,310.84,0
2020-01-27 09:48:23,N,AAPL,310.77,1.0,310.84,2.0,0.0,0.0,2020-01-27 09:48:23.460243,310.72,310.78,0
2020-01-27 09:48:24,N,AAPL,310.72,2.0,310.78,2.0,1.0,0.0,2020-01-27 09:48:24.218219,310.72,310.78,0
2020-01-27 09:48:25,N,AAPL,310.72,2.0,310.78,1.0,0.0,-1.0,2020-01-27 09:48:25.393128,310.65,310.69,-1
2020-01-27 09:48:26,N,AAPL,310.65,1.0,310.69,1.0,-1.0,0.0,2020-01-27 09:48:26.136612,310.61,310.68,0
2020-01-27 09:48:27,N,AAPL,310.61,2.0,310.68,1.0,0.0,0.0,2020-01-27 09:48:27.318040,310.59,310.66,0
2020-01-27 09:48:28,N,AAPL,310.59,30.0,310.66,3.0,0.0,1.0,2020-01-27 09:48:28.059304,310.59,310.65,0
2020-01-27 09:48:30,N,AAPL,310.59,30.0,310.65,2.0,0.0,1.0,2020-01-27 09:48:30.138238,310.52,310.59,0
2020-01-27 09:48:32,N,AAPL,310.52,1.0,310.59,1.0,-28.0,0.0,2020-01-27 09:48:32.545577,310.61,310.66,1
2020-01-27 09:48:34,N,AAPL,310.61,1.0,310.66,1.0,0.0,0.0,2020-01-27 09:48:34.405497,310.65,310.7,0
2020-01-27 09:48:36,N,AAPL,310.65,1.0,310.7,2.0,0.0,1.0,2020-01-27 09:48:36.160192,310.7,310.74,0
2020-01-27 09:48:37,N,AAPL,310.7,2.0,310.74,4.0,1.0,3.0,2020-01-27 09:48:37.492929,310.64,310.69,-1
2020-01-27 09:48:40,N,AAPL,310.64,2.0,310.69,1.0,1.0,-1.0,2020-01-27 09:48:40.860453,310.64,310.68,0
2020-01-27 09:48:41,N,AAPL,310.64,2.0,310.68,2.0,0.0,1.0,2020-01-27 09:48:41.854728,310.69,310.74,1
2020-01-27 09:48:42,N,AAPL,310.69,1.0,310.74,2.0,-1.0,1.0,2020-01-27 09:48:42.679858,310.75,310.8,1
2020-01-27 09:48:43,N,AAPL,310.75,1.0,310.8,2.0,0.0,0.0,2020-01-27 09:48:43.200003,310.85,310.89,1
2020-01-27 09:48:44,N,AAPL,310.85,1.0,310.89,2.0,0.0,0.0,2020-01-27 09:48:44.213712,310.89,310.95,0
2020-01-27 09:48:45,N,AAPL,310.89,1.0,310.95,2.0,-2.0,0.0,2020-01-27 09:48:45.265889,310.76,310.8,-1
2020-01-27 09:48:46,N,AAPL,310.76,3.0,310.8,4.0,2.0,3.0,2020-01-27 09:48:46.920413,310.66,310.74,-1
2020-01-27 09:48:48,N,AAPL,310.66,4.0,310.74,2.0,2.0,-2.0,2020-01-27 09:48:48.245009,310.81,310.85,1
2020-01-27 09:48:49,N,AAPL,310.81,1.0,310.85,2.0,-3.0,1.0,2020-01-27 09:48:49.481503,310.84,310.88,0
2020-01-27 09:48:52,N,AAPL,310.84,1.0,310.88,2.0,0.0,1.0,2020-01-27 09:48:52.060439,310.85,310.89,0
2020-01-27 09:48:54,N,AAPL,310.85,1.0,310.89,4.0,0.0,2.0,2020-01-27 09:48:54.370211,310.86,310.9,0
2020-01-27 09:48:56,N,AAPL,310.86,1.0,310.9,2.0,0.0,-2.0,2020-01-27 09:48:56.295484,310.83,310.88,0
2020-01-27 09:48:57,N,AAPL,310.83,1.0,310.88,2.0,-1.0,1.0,2020-01-27 09:48:57.830771,310.84,310.89,0
2020-01-27 09:48:59,N,AAPL,310.84,2.0,310.89,4.0,1.0,3.0,2020-01-27 09:48:59.073883,310.67,310.72,-1
2020-01-27 09:49:04,N,AAPL,310.67,3.0,310.72,1.0,2.0,0.0,2020-01-27 09:49:04.073945,310.69,310.75,0
2020-01-27 09:49:05,N,AAPL,310.69,3.0,310.75,1.0,1.0,-1.0,2020-01-27 09:49:05.410005,310.64,310.69,0
2020-01-27 09:49:07,N,AAPL,310.64,2.0,310.69,3.0,-1.0,1.0,2020-01-27 09:49:07.760546,310.61,310.68,0
2020-01-27 09:49:08,N,AAPL,310.61,3.0,310.68,1.0,-13.0,0.0,2020-01-27 09:49:08.067533,310.61,310.65,0
2020-01-27 09:49:09,N,AAPL,310.61,2.0,310.65,4.0,-1.0,3.0,2020-01-27 09:49:09.310063,310.64,310.67,0
2020-01-27 09:49:10,N,AAPL,310.64,2.0,310.67,2.0,-6.0,1.0,2020-01-27 09:49:10.721070,310.54,310.59,-1
2020-01-27 09:49:11,N,AAPL,310.54,1.0,310.59,1.0,-1.0,-1.0,2020-01-27 09:49:11.084750,310.54,310.59,0
2020-01-27 09:49:12,N,AAPL,310.54,1.0,310.59,2.0,0.0,-1.0,2020-01-27 09:49:12.029135,310.45,310.48,-1
2020-01-27 09:49:14,N,AAPL,310.45,7.0,310.48,4.0,5.0,3.0,2020-01-27 09:49:14.958788,310.41,310.47,0
2020-01-27 09:49:15,N,AAPL,310.41,2.0,310.47,1.0,-5.0,-3.0,2020-01-27 09:49:15.356407,310.32,310.36,-1
2020-01-27 09:49:17,N,AAPL,310.32,1.0,310.36,4.0,-1.0,3.0,2020-01-27 09:49:17.104126,310.29,310.36,0
2020-01-27 09:49:18,N,AAPL,310.29,2.0,310.36,2.0,-1.0,0.0,2020-01-27 09:49:18.026157,310.21,310.28,-1
2020-01-27 09:49:19,N,AAPL,310.21,2.0,310.28,1.0,0.0,0.0,2020-01-27 09:49:19.212466,310.2,310.27,0
2020-01-27 09:49:20,N,AAPL,310.2,2.0,310.27,2.0,1.0,0.0,2020-01-27 09:49:20.815844,310.15,310.23,0
2020-01-27 09:49:21,N,AAPL,310.15,1.0,310.23,2.0,0.0,1.0,2020-01-27 09:49:21.041669,310.15,310.2,0
2020-01-27 09:49:22,N,AAPL,310.15,2.0,310.2,2.0,1.0,0.0,2020-01-27 09:49:22.256894,310.15,310.19,0
2020-01-27 09:49:23,N,AAPL,310.15,1.0,310.19,2.0,-1.0,1.0,2020-01-27 09:49:23.918958,310.2,310.24,1
2020-01-27 09:49:24,N,AAPL,310.2,1.0,310.24,2.0,0.0,1.0,2020-01-27 09:49:24.846001,310.25,310.3,1
2020-01-27 09:49:25,N,AAPL,310.25,3.0,310.3,2.0,2.0,0.0,2020-01-27 09:49:25.008031,310.18,310.25,0
2020-01-27 09:49:26,N,AAPL,310.18,1.0,310.25,1.0,-2.0,0.0,2020-01-27 09:49:26.197572,310.22,310.27,0
2020-01-27 09:49:27,N,AAPL,310.22,2.0,310.27,3.0,1.0,2.0,2020-01-27 09:49:27.098008,310.1,310.13,-1
2020-01-27 09:49:28,N,AAPL,310.1,6.0,310.13,2.0,4.0,-1.0,2020-01-27 09:49:28.115819,310.03,310.07,-1
2020-01-27 09:49:29,N,AAPL,310.03,2.0,310.07,2.0,-4.0,0.0,2020-01-27 09:49:29.548000,310.08,310.13,1
2020-01-27 09:49:31,N,AAPL,310.08,1.0,310.13,1.0,-1.0,-1.0,2020-01-27 09:49:31.121360,310.02,310.06,-1
2020-01-27 09:49:32,N,AAPL,310.02,1.0,310.06,2.0,0.0,1.0,2020-01-27 09:49:32.385860,310.01,310.06,0
2020-01-27 09:49:33,N,AAPL,310.01,1.0,310.06,2.0,0.0,1.0,2020-01-27 09:49:33.252400,310.2,310.23,1
2020-01-27 09:49:34,N,AAPL,310.2,1.0,310.23,1.0,-2.0,-1.0,2020-01-27 09:49:34.113599,310.17,310.23,0
2020-01-27 09:49:35,N,AAPL,310.17,2.0,310.23,4.0,-1.0,3.0,2020-01-27 09:49:35.120143,310.13,310.18,0
2020-01-27 09:49:36,N,AAPL,310.13,2.0,310.18,4.0,-1.0,0.0,2020-01-27 09:49:36.049995,310.13,310.19,0
2020-01-27 09:49:37,N,AAPL,310.13,2.0,310.19,2.0,0.0,-2.0,2020-01-27 09:49:37.077163,310.15,310.2,0
2020-01-27 09:49:38,N,AAPL,310.15,1.0,310.2,15.0,-2.0,-2.0,2020-01-27 09:49:38.603782,310.14,310.19,0
2020-01-27 09:49:39,N,AAPL,310.14,3.0,310.19,7.0,1.0,-7.0,2020-01-27 09:49:39.278245,310.34,310.38,1
2020-01-27 09:49:40,N,AAPL,310.34,2.0,310.38,1.0,1.0,-1.0,2020-01-27 09:49:40.927356,310.35,310.4,0
2020-01-27 09:49:41,N,AAPL,310.35,1.0,310.4,3.0,-1.0,1.0,2020-01-27 09:49:41.080181,310.32,310.37,0
2020-01-27 09:49:43,N,AAPL,310.32,1.0,310.37,4.0,0.0,3.0,2020-01-27 09:49:43.026159,310.38,310.42,1
2020-01-27 09:49:44,N,AAPL,310.38,2.0,310.42,1.0,-1.0,0.0,2020-01-27 09:49:44.343888,310.31,310.38,0
2020-01-27 09:49:45,N,AAPL,310.31,1.0,310.38,5.0,-1.0,3.0,2020-01-27 09:49:45.040483,310.27,310.34,0
2020-01-27 09:49:46,N,AAPL,310.27,2.0,310.34,2.0,0.0,1.0,2020-01-27 09:49:46.096384,310.19,310.23,-1
2020-01-27 09:49:48,N,AAPL,310.19,2.0,310.23,2.0,1.0,0.0,2020-01-27 09:49:48.096623,310.18,310.23,0
2020-01-27 09:49:49,N,AAPL,310.18,2.0,310.23,2.0,1.0,-2.0,2020-01-27 09:49:49.230971,310.14,310.19,0
2020-01-27 09:49:50,N,AAPL,310.14,4.0,310.19,1.0,3.0,0.0,2020-01-27 09:49:50.672963,310.08,310.13,-1
2020-01-27 09:49:51,N,AAPL,310.08,2.0,310.13,4.0,0.0,3.0,2020-01-27 09:49:51.039142,310.09,310.15,0
2020-01-27 09:49:52,N,AAPL,310.09,1.0,310.15,3.0,-2.0,1.0,2020-01-27 09:49:52.186302,310.0,310.05,-1
2020-01-27 09:49:54,N,AAPL,310.0,1.0,310.05,2.0,-1.0,1.0,2020-01-27 09:49:54.312435,309.98,310.03,0
2020-01-27 09:49:55,N,AAPL,309.98,1.0,310.03,1.0,0.0,0.0,2020-01-27 09:49:55.476120,310.02,310.07,0
2020-01-27 09:49:58,N,AAPL,310.02,2.0,310.07,2.0,0.0,1.0,2020-01-27 09:49:58.064375,310.03,310.09,0
2020-01-27 09:49:59,N,AAPL,310.03,2.0,310.09,1.0,1.0,-4.0,2020-01-27 09:49:59.248065,310.17,310.21,1
2020-01-27 09:50:00,N,AAPL,310.17,2.0,310.21,1.0,-10.0,-2.0,2020-01-27 09:50:00.110711,310.22,310.29,1
2020-01-27 09:50:01,N,AAPL,310.22,2.0,310.29,1.0,0.0,-1.0,2020-01-27 09:50:01.469836,310.12,310.17,-1
2020-01-27 09:50:02,N,AAPL,310.12,2.0,310.17,5.0,1.0,2.0,2020-01-27 09:50:02.329954,310.06,310.1,-1
2020-01-27 09:50:03,N,AAPL,310.06,2.0,310.1,1.0,1.0,-1.0,2020-01-27 09:50:03.178797,310.03,310.07,0
2020-01-27 09:50:05,N,AAPL,310.03,1.0,310.07,1.0,-1.0,-1.0,2020-01-27 09:50:05.168446,310.07,310.12,0
2020-01-27 09:50:06,N,AAPL,310.07,1.0,310.12,1.0,0.0,-1.0,2020-01-27 09:50:06.007856,310.03,310.08,0
2020-01-27 09:50:07,N,AAPL,310.03,2.0,310.08,2.0,0.0,1.0,2020-01-27 09:50:07.241158,310.06,310.12,0
2020-01-27 09:50:08,N,AAPL,310.06,2.0,310.12,3.0,-1.0,1.0,2020-01-27 09:50:08.054560,310.04,310.07,0
2020-01-27 09:50:09,N,AAPL,310.04,1.0,310.07,2.0,-2.0,0.0,2020-01-27 09:50:09.810597,310.0,310.03,-1
2020-01-27 09:50:10,N,AAPL,310.0,2.0,310.03,2.0,1.0,-2.0,2020-01-27 09:50:10.257070,309.95,310.01,0
2020-01-27 09:50:11,N,AAPL,309.95,2.0,310.01,2.0,-1.0,0.0,2020-01-27 09:50:11.006372,309.97,309.99,0
2020-01-27 09:50:12,N,AAPL,309.97,1.0,309.99,4.0,-3.0,2.0,2020-01-27 09:50:12.079772,309.95,310.02,0
2020-01-27 09:50:13,N,AAPL,309.95,2.0,310.02,2.0,0.0,0.0,2020-01-27 09:50:13.002818,309.93,309.99,0
2020-01-27 09:50:14,N,AAPL,309.93,2.0,309.99,1.0,0.0,-1.0,2020-01-27 09:50:14.099683,309.88,309.94,0
2020-01-27 09:50:15,N,AAPL,309.88,1.0,309.94,1.0,-1.0,0.0,2020-01-27 09:50:15.067728,309.84,309.9,0
2020-01-27 09:50:16,N,AAPL,309.84,1.0,309.9,1.0,-1.0,-1.0,2020-01-27 09:50:16.150392,309.83,309.88,0
2020-01-27 09:50:17,N,AAPL,309.83,1.0,309.88,1.0,-1.0,0.0,2020-01-27 09:50:17.677595,309.81,309.84,0
2020-01-27 09:50:18,N,AAPL,309.81,2.0,309.84,1.0,0.0,0.0,2020-01-27 09:50:18.023654,309.82,309.86,0
2020-01-27 09:50:19,N,AAPL,309.82,2.0,309.86,2.0,-4.0,-2.0,2020-01-27 09:50:19.068270,309.83,309.89,0
2020-01-27 09:50:20,N,AAPL,309.83,1.0,309.89,2.0,0.0,0.0,2020-01-27 09:50:20.342090,309.81,309.86,0
2020-01-27 09:50:21,N,AAPL,309.81,2.0,309.86,1.0,-2.0,-1.0,2020-01-27 09:50:21.171942,309.86,309.89,0
2020-01-27 09:50:22,N,AAPL,309.86,2.0,309.89,1.0,-1.0,0.0,2020-01-27 09:50:22.038404,309.96,310.0,1
2020-01-27 09:50:23,N,AAPL,309.96,2.0,310.0,25.0,-1.0,22.0,2020-01-27 09:50:23.005229,309.96,310.0,0
2020-01-27 09:50:24,N,AAPL,309.96,1.0,310.0,25.0,-1.0,23.0,2020-01-27 09:50:24.065558,309.94,309.99,0
2020-01-27 09:50:25,N,AAPL,309.94,2.0,309.99,2.0,1.0,0.0,2020-01-27 09:50:25.693108,309.94,309.99,0
2020-01-27 09:50:26,N,AAPL,309.94,1.0,309.99,2.0,-1.0,0.0,2020-01-27 09:50:26.295217,309.93,309.96,0
2020-01-27 09:50:27,N,AAPL,309.93,3.0,309.96,1.0,1.0,0.0,2020-01-27 09:50:27.786057,309.94,309.99,0
2020-01-27 09:50:28,N,AAPL,309.94,2.0,309.99,5.0,1.0,4.0,2020-01-27 09:50:28.017245,310.01,310.05,1
2020-01-27 09:50:30,N,AAPL,310.01,5.0,310.05,2.0,3.0,1.0,2020-01-27 09:50:30.068929,310.04,310.09,0
2020-01-27 09:50:31,N,AAPL,310.04,4.0,310.09,4.0,0.0,3.0,2020-01-27 09:50:31.060438,310.09,310.13,0
2020-01-27 09:50:32,N,AAPL,310.09,2.0,310.13,4.0,-2.0,2.0,2020-01-27 09:50:32.147168,310.1,310.13,0
2020-01-27 09:50:33,N,AAPL,310.1,2.0,310.13,4.0,-2.0,2.0,2020-01-27 09:50:33.181190,310.1,310.16,0
2020-01-27 09:50:34,N,AAPL,310.1,1.0,310.16,1.0,0.0,-1.0,2020-01-27 09:50:34.045230,310.2,310.27,1
2020-01-27 09:50:35,N,AAPL,310.2,1.0,310.27,1.0,-2.0,-1.0,2020-01-27 09:50:35.819837,310.22,310.28,0
2020-01-27 09:50:36,N,AAPL,310.22,1.0,310.28,2.0,-1.0,0.0,2020-01-27 09:50:36.064823,310.21,310.26,0
2020-01-27 09:50:37,N,AAPL,310.21,2.0,310.26,1.0,1.0,0.0,2020-01-27 09:50:37.059280,310.26,310.31,0
2020-01-27 09:50:39,N,AAPL,310.26,2.0,310.31,1.0,0.0,0.0,2020-01-27 09:50:39.859383,310.27,310.32,0
2020-01-27 09:50:40,N,AAPL,310.27,2.0,310.32,2.0,0.0,1.0,2020-01-27 09:50:40.379949,310.28,310.34,0
2020-01-27 09:50:41,N,AAPL,310.28,1.0,310.34,2.0,0.0,-1.0,2020-01-27 09:50:41.449982,310.26,310.33,0
2020-01-27 09:50:42,N,AAPL,310.26,2.0,310.33,2.0,-3.0,1.0,2020-01-27 09:50:42.102217,310.35,310.4,1
2020-01-27 09:50:43,N,AAPL,310.35,2.0,310.4,2.0,-1.0,0.0,2020-01-27 09:50:43.132746,310.35,310.4,0
2020-01-27 09:50:44,N,AAPL,310.35,2.0,310.4,1.0,1.0,-1.0,2020-01-27 09:50:44.237698,310.26,310.34,-1
2020-01-27 09:50:45,N,AAPL,310.26,3.0,310.34,2.0,2.0,1.0,2020-01-27 09:50:45.182826,310.29,310.35,0
2020-01-27 09:50:47,N,AAPL,310.29,2.0,310.35,2.0,0.0,1.0,2020-01-27 09:50:47.226041,310.16,310.21,-1
2020-01-27 09:50:49,N,AAPL,310.16,2.0,310.21,2.0,0.0,1.0,2020-01-27 09:50:49.725427,310.13,310.16,0
2020-01-27 09:50:50,N,AAPL,310.13,2.0,310.16,1.0,-3.0,-2.0,2020-01-27 09:50:50.573571,310.11,310.15,0
2020-01-27 09:50:51,N,AAPL,310.11,2.0,310.15,2.0,0.0,1.0,2020-01-27 09:50:51.624843,310.08,310.13,0
2020-01-27 09:50:52,N,AAPL,310.08,2.0,310.13,1.0,1.0,0.0,2020-01-27 09:50:52.017419,310.02,310.05,-1
2020-01-27 09:50:53,N,AAPL,310.02,2.0,310.05,1.0,0.0,-1.0,2020-01-27 09:50:53.418110,310.02,310.07,0
2020-01-27 09:50:54,N,AAPL,310.02,4.0,310.07,1.0,3.0,-1.0,2020-01-27 09:50:54.031705,310.05,310.12,0
2020-01-27 09:50:55,N,AAPL,310.05,1.0,310.12,2.0,-1.0,1.0,2020-01-27 09:50:55.130302,310.04,310.11,0
2020-01-27 09:50:56,N,AAPL,310.04,1.0,310.11,2.0,0.0,1.0,2020-01-27 09:50:56.920533,310.07,310.12,0
2020-01-27 09:50:58,N,AAPL,310.07,1.0,310.12,1.0,0.0,-1.0,2020-01-27 09:50:58.172276,310.11,310.18,0
2020-01-27 09:50:59,N,AAPL,310.11,3.0,310.18,2.0,0.0,0.0,2020-01-27 09:50:59.029598,310.16,310.19,0
2020-01-27 09:51:00,N,AAPL,310.16,2.0,310.19,1.0,1.0,-1.0,2020-01-27 09:51:00.301473,310.12,310.18,0
2020-01-27 09:51:01,N,AAPL,310.12,2.0,310.18,1.0,1.0,0.0,2020-01-27 09:51:01.251607,310.1,310.16,0
2020-01-27 09:51:02,N,AAPL,310.1,2.0,310.16,3.0,1.0,0.0,2020-01-27 09:51:02.045959,310.09,310.11,0
2020-01-27 09:51:04,N,AAPL,310.09,2.0,310.11,1.0,1.0,0.0,2020-01-27 09:51:04.052124,310.06,310.1,0
2020-01-27 09:51:05,N,AAPL,310.06,1.0,310.1,1.0,-1.0,-1.0,2020-01-27 09:51:05.599821,310.06,310.09,0
2020-01-27 09:51:06,N,AAPL,310.06,4.0,310.09,1.0,2.0,-1.0,2020-01-27 09:51:06.474249,310.0,310.02,-1
2020-01-27 09:51:07,N,AAPL,310.0,4.0,310.02,1.0,-6.0,-3.0,2020-01-27 09:51:07.257779,309.91,309.96,-1
2020-01-27 09:51:08,N,AAPL,309.91,2.0,309.96,2.0,-2.0,1.0,2020-01-27 09:51:08.734908,310.0,310.04,1
2020-01-27 09:51:10,N,AAPL,310.0,1.0,310.04,2.0,-1.0,0.0,2020-01-27 09:51:10.120215,310.05,310.14,1
2020-01-27 09:51:12,N,AAPL,310.05,1.0,310.14,2.0,0.0,0.0,2020-01-27 09:51:12.085066,310.09,310.13,0
2020-01-27 09:51:13,N,AAPL,310.09,1.0,310.13,2.0,0.0,1.0,2020-01-27 09:51:13.008227,310.1,310.14,0
2020-01-27 09:51:14,N,AAPL,310.1,1.0,310.14,1.0,0.0,-1.0,2020-01-27 09:51:14.945573,310.12,310.15,0
2020-01-27 09:51:17,N,AAPL,310.12,4.0,310.15,2.0,3.0,1.0,2020-01-27 09:51:17.908481,310.12,310.19,0
2020-01-27 09:51:18,N,AAPL,310.12,2.0,310.19,1.0,-2.0,0.0,2020-01-27 09:51:18.255391,310.17,310.21,0
2020-01-27 09:51:20,N,AAPL,310.17,1.0,310.21,4.0,0.0,1.0,2020-01-27 09:51:20.076574,310.06,310.13,-1
2020-01-27 09:51:21,N,AAPL,310.06,1.0,310.13,2.0,-1.0,1.0,2020-01-27 09:51:21.284205,310.1,310.17,0
2020-01-27 09:51:22,N,AAPL,310.1,2.0,310.17,2.0,1.0,0.0,2020-01-27 09:51:22.741724,310.11,310.16,0
2020-01-27 09:51:23,N,AAPL,310.11,2.0,310.16,2.0,0.0,0.0,2020-01-27 09:51:23.241175,310.15,310.21,0
2020-01-27 09:51:24,N,AAPL,310.15,1.0,310.21,2.0,0.0,1.0,2020-01-27 09:51:24.109117,310.11,310.18,0
2020-01-27 09:51:25,N,AAPL,310.11,2.0,310.18,3.0,-1.0,1.0,2020-01-27 09:51:25.071704,310.14,310.21,0
2020-01-27 09:51:26,N,AAPL,310.14,2.0,310.21,1.0,-1.0,-1.0,2020-01-27 09:51:26.391524,310.2,310.25,0
2020-01-27 09:51:27,N,AAPL,310.2,2.0,310.25,4.0,-1.0,3.0,2020-01-27 09:51:27.091605,310.17,310.21,0
2020-01-27 09:51:28,N,AAPL,310.17,1.0,310.21,2.0,0.0,0.0,2020-01-27 09:51:28.255194,310.16,310.19,0
2020-01-27 09:51:29,N,AAPL,310.16,2.0,310.19,2.0,1.0,0.0,2020-01-27 09:51:29.859013,310.19,310.23,0
2020-01-27 09:51:30,N,AAPL,310.19,3.0,310.23,2.0,1.0,1.0,2020-01-27 09:51:30.702300,310.22,310.28,0
2020-01-27 09:51:31,N,AAPL,310.22,2.0,310.28,2.0,0.0,0.0,2020-01-27 09:51:31.076626,310.2,310.22,0
2020-01-27 09:51:32,N,AAPL,310.2,2.0,310.22,1.0,-2.0,-1.0,2020-01-27 09:51:32.261904,310.16,310.23,0
2020-01-27 09:51:33,N,AAPL,310.16,3.0,310.23,3.0,0.0,1.0,2020-01-27 09:51:33.041678,310.15,310.2,0
2020-01-27 09:51:34,N,AAPL,310.15,2.0,310.2,4.0,-1.0,1.0,2020-01-27 09:51:34.625155,310.17,310.23,0
2020-01-27 09:51:35,N,AAPL,310.17,3.0,310.23,1.0,1.0,0.0,2020-01-27 09:51:35.587364,310.12,310.17,0
2020-01-27 09:51:36,N,AAPL,310.12,2.0,310.17,2.0,0.0,1.0,2020-01-27 09:51:36.115426,310.09,310.13,0
2020-01-27 09:51:37,N,AAPL,310.09,4.0,310.13,1.0,3.0,0.0,2020-01-27 09:51:37.158470,310.13,310.17,0
2020-01-27 09:51:38,N,AAPL,310.13,1.0,310.17,1.0,0.0,0.0,2020-01-27 09:51:38.022816,310.07,310.13,0
2020-01-27 09:51:39,N,AAPL,310.07,2.0,310.13,2.0,0.0,1.0,2020-01-27 09:51:39.135270,310.07,310.12,0
2020-01-27 09:51:40,N,AAPL,310.07,2.0,310.12,1.0,0.0,0.0,2020-01-27 09:51:40.001564,310.04,310.07,0
2020-01-27 09:51:41,N,AAPL,310.04,2.0,310.07,2.0,1.0,0.0,2020-01-27 09:51:41.102952,310.02,310.08,0
2020-01-27 09:51:42,N,AAPL,310.02,2.0,310.08,3.0,1.0,2.0,2020-01-27 09:51:42.418507,310.01,310.04,0
2020-01-27 09:51:43,N,AAPL,310.01,1.0,310.04,2.0,-1.0,-1.0,2020-01-27 09:51:43.067236,310.0,310.05,0
2020-01-27 09:51:44,N,AAPL,310.0,1.0,310.05,1.0,-4.0,-1.0,2020-01-27 09:51:44.812376,310.04,310.09,0
2020-01-27 09:51:45,N,AAPL,310.04,2.0,310.09,2.0,1.0,1.0,2020-01-27 09:51:45.098416,310.02,310.07,0
2020-01-27 09:51:46,N,AAPL,310.02,1.0,310.07,1.0,-1.0,-1.0,2020-01-27 09:51:46.407863,310.02,310.08,0
2020-01-27 09:51:48,N,AAPL,310.02,4.0,310.08,2.0,2.0,1.0,2020-01-27 09:51:48.385978,310.03,310.07,0
2020-01-27 09:51:49,N,AAPL,310.03,2.0,310.07,1.0,-2.0,-1.0,2020-01-27 09:51:49.164959,310.03,310.07,0
2020-01-27 09:51:50,N,AAPL,310.03,1.0,310.07,4.0,-1.0,2.0,2020-01-27 09:51:50.412209,310.03,310.05,0
2020-01-27 09:51:51,N,AAPL,310.03,1.0,310.05,4.0,-1.0,2.0,2020-01-27 09:51:51.051419,310.09,310.13,1
2020-01-27 09:51:52,N,AAPL,310.09,2.0,310.13,2.0,0.0,0.0,2020-01-27 09:51:52.027896,310.07,310.12,0
2020-01-27 09:51:53,N,AAPL,310.07,3.0,310.12,2.0,0.0,0.0,2020-01-27 09:51:53.922662,310.07,310.13,0
2020-01-27 09:51:54,N,AAPL,310.07,3.0,310.13,2.0,0.0,0.0,2020-01-27 09:51:54.027001,310.1,310.15,0
2020-01-27 09:51:55,N,AAPL,310.1,1.0,310.15,3.0,0.0,2.0,2020-01-27 09:51:55.110848,310.18,310.22,1
2020-01-27 09:51:56,N,AAPL,310.18,2.0,310.22,2.0,0.0,0.0,2020-01-27 09:51:56.014249,310.16,310.21,0
2020-01-27 09:51:57,N,AAPL,310.16,1.0,310.21,1.0,0.0,-2.0,2020-01-27 09:51:57.039756,310.21,310.27,0
2020-01-27 09:51:58,N,AAPL,310.21,2.0,310.27,2.0,0.0,0.0,2020-01-27 09:51:58.205072,310.19,310.24,0
2020-01-27 09:51:59,N,AAPL,310.19,2.0,310.24,2.0,0.0,1.0,2020-01-27 09:51:59.037302,310.24,310.29,0
2020-01-27 09:52:00,N,AAPL,310.24,2.0,310.29,2.0,1.0,0.0,2020-01-27 09:52:00.000349,310.25,310.29,0
2020-01-27 09:52:01,N,AAPL,310.25,4.0,310.29,1.0,3.0,0.0,2020-01-27 09:52:01.130042,310.28,310.3,0
2020-01-27 09:52:03,N,AAPL,310.28,2.0,310.3,2.0,-2.0,1.0,2020-01-27 09:52:03.243918,310.32,310.36,1
2020-01-27 09:52:04,N,AAPL,310.32,4.0,310.36,2.0,2.0,-4.0,2020-01-27 09:52:04.086321,310.33,310.37,0
2020-01-27 09:52:05,N,AAPL,310.33,2.0,310.37,2.0,1.0,0.0,2020-01-27 09:52:05.407104,310.33,310.38,0
2020-01-27 09:52:06,N,AAPL,310.33,2.0,310.38,2.0,0.0,0.0,2020-01-27 09:52:06.512740,310.18,310.23,-1
2020-01-27 09:52:07,N,AAPL,310.18,2.0,310.23,4.0,1.0,2.0,2020-01-27 09:52:07.386341,310.14,310.18,0
2020-01-27 09:52:08,N,AAPL,310.14,2.0,310.18,1.0,-5.0,0.0,2020-01-27 09:52:08.110895,310.13,310.19,0
2020-01-27 09:52:09,N,AAPL,310.13,2.0,310.19,2.0,-2.0,-1.0,2020-01-27 09:52:09.011900,310.09,310.14,0
2020-01-27 09:52:10,N,AAPL,310.09,2.0,310.14,5.0,1.0,4.0,2020-01-27 09:52:10.244443,310.04,310.11,0
2020-01-27 09:52:11,N,AAPL,310.04,4.0,310.11,3.0,2.0,2.0,2020-01-27 09:52:11.302217,310.06,310.11,0
2020-01-27 09:52:12,N,AAPL,310.06,4.0,310.11,2.0,0.0,-1.0,2020-01-27 09:52:12.541307,310.08,310.14,0
2020-01-27 09:52:13,N,AAPL,310.08,2.0,310.14,2.0,-2.0,0.0,2020-01-27 09:52:13.157684,310.07,310.12,0
2020-01-27 09:52:14,N,AAPL,310.07,1.0,310.12,3.0,0.0,1.0,2020-01-27 09:52:14.102114,310.08,310.13,0
2020-01-27 09:52:15,N,AAPL,310.08,2.0,310.13,3.0,1.0,0.0,2020-01-27 09:52:15.487248,310.14,310.18,1
2020-01-27 09:52:16,N,AAPL,310.14,2.0,310.18,2.0,-6.0,1.0,2020-01-27 09:52:16.621805,310.2,310.23,1
2020-01-27 09:52:17,N,AAPL,310.2,2.0,310.23,1.0,1.0,-2.0,2020-01-27 09:52:17.502171,310.17,310.19,-1
2020-01-27 09:52:18,N,AAPL,310.17,1.0,310.19,4.0,0.0,2.0,2020-01-27 09:52:18.404527,310.08,310.12,-1
2020-01-27 09:52:20,N,AAPL,310.08,6.0,310.12,2.0,0.0,1.0,2020-01-27 09:52:20.262176,310.08,310.12,0
2020-01-27 09:52:22,N,AAPL,310.08,7.0,310.12,2.0,1.0,-1.0,2020-01-27 09:52:22.876931,310.08,310.14,0
2020-01-27 09:52:23,N,AAPL,310.08,7.0,310.14,2.0,0.0,0.0,2020-01-27 09:52:23.345623,310.08,310.09,0
2020-01-27 09:52:24,N,AAPL,310.08,1.0,310.09,4.0,-5.0,2.0,2020-01-27 09:52:24.855249,310.09,310.13,0
2020-01-27 09:52:25,N,AAPL,310.09,2.0,310.13,4.0,1.0,3.0,2020-01-27 09:52:25.102548,310.09,310.14,0
2020-01-27 09:52:26,N,AAPL,310.09,2.0,310.14,1.0,1.0,0.0,2020-01-27 09:52:26.032555,310.11,310.17,0
2020-01-27 09:52:27,N,AAPL,310.11,4.0,310.17,1.0,3.0,0.0,2020-01-27 09:52:27.175035,310.13,310.19,0
2020-01-27 09:52:28,N,AAPL,310.13,2.0,310.19,2.0,0.0,0.0,2020-01-27 09:52:28.160824,310.26,310.33,1
2020-01-27 09:52:30,N,AAPL,310.26,4.0,310.33,2.0,0.0,1.0,2020-01-27 09:52:30.079148,310.3,310.34,0
2020-01-27 09:52:33,N,AAPL,310.3,2.0,310.34,4.0,0.0,3.0,2020-01-27 09:52:33.501400,310.28,310.33,0
2020-01-27 09:52:34,N,AAPL,310.28,2.0,310.33,2.0,-1.0,0.0,2020-01-27 09:52:34.870578,310.27,310.28,0
2020-01-27 09:52:35,N,AAPL,310.27,3.0,310.28,4.0,1.0,2.0,2020-01-27 09:52:35.462471,310.28,310.31,0
2020-01-27 09:52:36,N,AAPL,310.28,1.0,310.31,2.0,0.0,-1.0,2020-01-27 09:52:36.163214,310.31,310.35,0
2020-01-27 09:52:37,N,AAPL,310.31,4.0,310.35,1.0,3.0,0.0,2020-01-27 09:52:37.292746,310.44,310.46,1
2020-01-27 09:52:38,N,AAPL,310.44,1.0,310.46,1.0,-3.0,0.0,2020-01-27 09:52:38.881592,310.44,310.48,0
2020-01-27 09:52:39,N,AAPL,310.44,3.0,310.48,2.0,2.0,1.0,2020-01-27 09:52:39.247710,310.5,310.55,1
2020-01-27 09:52:40,N,AAPL,310.5,1.0,310.55,1.0,0.0,-4.0,2020-01-27 09:52:40.006174,310.57,310.61,1
2020-01-27 09:52:41,N,AAPL,310.57,1.0,310.61,4.0,-3.0,2.0,2020-01-27 09:52:41.199677,310.56,310.61,0
2020-01-27 09:52:42,N,AAPL,310.56,2.0,310.61,8.0,-1.0,6.0,2020-01-27 09:52:42.090191,310.5,310.54,-1
2020-01-27 09:52:43,N,AAPL,310.5,1.0,310.54,1.0,-1.0,-3.0,2020-01-27 09:52:43.143424,310.54,310.57,0
2020-01-27 09:52:44,N,AAPL,310.54,2.0,310.57,1.0,0.0,0.0,2020-01-27 09:52:44.304855,310.56,310.57,0
2020-01-27 09:52:45,N,AAPL,310.56,6.0,310.57,4.0,-2.0,2.0,2020-01-27 09:52:45.277028,310.51,310.55,-1
2020-01-27 09:52:46,N,AAPL,310.51,2.0,310.55,2.0,0.0,1.0,2020-01-27 09:52:46.005209,310.47,310.52,0
2020-01-27 09:52:48,N,AAPL,310.47,2.0,310.52,4.0,0.0,3.0,2020-01-27 09:52:48.259107,310.56,310.63,1
2020-01-27 09:52:49,N,AAPL,310.56,2.0,310.63,1.0,1.0,-1.0,2020-01-27 09:52:49.510238,310.53,310.58,0
2020-01-27 09:52:50,N,AAPL,310.53,1.0,310.58,2.0,0.0,-2.0,2020-01-27 09:52:50.008697,310.57,310.61,0
2020-01-27 09:52:51,N,AAPL,310.57,2.0,310.61,2.0,0.0,0.0,2020-01-27 09:52:51.303863,310.58,310.64,0
2020-01-27 09:52:52,N,AAPL,310.58,3.0,310.64,2.0,1.0,0.0,2020-01-27 09:52:52.006294,310.59,310.63,0
2020-01-27 09:52:54,N,AAPL,310.59,1.0,310.63,2.0,0.0,0.0,2020-01-27 09:52:54.253705,310.58,310.64,0
2020-01-27 09:52:55,N,AAPL,310.58,2.0,310.64,2.0,0.0,0.0,2020-01-27 09:52:55.466834,310.54,310.59,0
2020-01-27 09:52:56,N,AAPL,310.54,1.0,310.59,4.0,-2.0,3.0,2020-01-27 09:52:56.098182,310.52,310.57,0
2020-01-27 09:52:57,N,AAPL,310.52,1.0,310.57,3.0,-1.0,2.0,2020-01-27 09:52:57.125462,310.52,310.58,0
2020-01-27 09:52:58,N,AAPL,310.52,3.0,310.58,1.0,1.0,-3.0,2020-01-27 09:52:58.178234,310.51,310.56,0
2020-01-27 09:52:59,N,AAPL,310.51,2.0,310.56,2.0,0.0,1.0,2020-01-27 09:52:59.287885,310.51,310.56,0
2020-01-27 09:53:00,N,AAPL,310.51,2.0,310.56,2.0,1.0,0.0,2020-01-27 09:53:00.305139,310.41,310.45,-1
2020-01-27 09:53:02,N,AAPL,310.41,1.0,310.45,1.0,-1.0,0.0,2020-01-27 09:53:02.153195,310.48,310.53,1
2020-01-27 09:53:03,N,AAPL,310.48,1.0,310.53,1.0,0.0,-1.0,2020-01-27 09:53:03.144473,310.48,310.53,0
2020-01-27 09:53:05,N,AAPL,310.48,2.0,310.53,2.0,1.0,-1.0,2020-01-27 09:53:05.461064,310.41,310.46,-1
2020-01-27 09:53:07,N,AAPL,310.41,3.0,310.46,5.0,2.0,4.0,2020-01-27 09:53:07.435626,310.38,310.42,0
2020-01-27 09:53:08,N,AAPL,310.38,1.0,310.42,5.0,-1.0,0.0,2020-01-27 09:53:08.631889,310.3,310.35,-1
2020-01-27 09:53:09,N,AAPL,310.3,2.0,310.35,3.0,1.0,0.0,2020-01-27 09:53:09.994497,310.32,310.36,0
2020-01-27 09:53:10,N,AAPL,310.32,1.0,310.36,1.0,-1.0,-2.0,2020-01-27 09:53:10.017419,310.31,310.36,0
2020-01-27 09:53:11,N,AAPL,310.31,2.0,310.36,2.0,0.0,1.0,2020-01-27 09:53:11.321615,310.36,310.41,0
2020-01-27 09:53:12,N,AAPL,310.36,4.0,310.41,2.0,3.0,1.0,2020-01-27 09:53:12.726178,310.4,310.45,0
2020-01-27 09:53:13,N,AAPL,310.4,1.0,310.45,4.0,0.0,2.0,2020-01-27 09:53:13.062407,310.4,310.48,0
2020-01-27 09:53:14,N,AAPL,310.4,1.0,310.48,2.0,0.0,0.0,2020-01-27 09:53:14.060465,310.43,310.45,0
2020-01-27 09:53:16,N,AAPL,310.43,1.0,310.45,4.0,0.0,3.0,2020-01-27 09:53:16.285878,310.5,310.53,1
2020-01-27 09:53:17,N,AAPL,310.5,4.0,310.53,2.0,3.0,1.0,2020-01-27 09:53:17.204684,310.49,310.54,0
2020-01-27 09:53:18,N,AAPL,310.49,1.0,310.54,2.0,0.0,1.0,2020-01-27 09:53:18.012273,310.52,310.55,0
2020-01-27 09:53:19,N,AAPL,310.52,2.0,310.55,2.0,1.0,0.0,2020-01-27 09:53:19.824614,310.55,310.59,0
2020-01-27 09:53:20,N,AAPL,310.55,1.0,310.59,1.0,0.0,0.0,2020-01-27 09:53:20.096483,310.53,310.58,0
2020-01-27 09:53:21,N,AAPL,310.53,1.0,310.58,2.0,-1.0,1.0,2020-01-27 09:53:21.062266,310.48,310.52,-1
2020-01-27 09:53:22,N,AAPL,310.48,1.0,310.52,1.0,-3.0,0.0,2020-01-27 09:53:22.009056,310.47,310.47,-1
2020-01-27 09:53:23,N,AAPL,310.47,1.0,310.47,4.0,0.0,3.0,2020-01-27 09:53:23.081218,310.52,310.57,1
2020-01-27 09:53:24,N,AAPL,310.52,4.0,310.57,2.0,3.0,0.0,2020-01-27 09:53:24.056264,310.59,310.61,1
2020-01-27 09:53:26,N,AAPL,310.59,1.0,310.61,2.0,-2.0,1.0,2020-01-27 09:53:26.093016,310.7,310.74,1
2020-01-27 09:53:27,N,AAPL,310.7,1.0,310.74,2.0,-4.0,-1.0,2020-01-27 09:53:27.131831,310.7,310.74,0
2020-01-27 09:53:28,N,AAPL,310.7,2.0,310.74,4.0,1.0,2.0,2020-01-27 09:53:28.020653,310.7,310.74,0
2020-01-27 09:53:29,N,AAPL,310.7,2.0,310.74,1.0,0.0,-1.0,2020-01-27 09:53:29.589561,310.71,310.74,0
2020-01-27 09:53:30,N,AAPL,310.71,1.0,310.74,1.0,0.0,-1.0,2020-01-27 09:53:30.545178,310.69,310.74,0
2020-01-27 09:53:32,N,AAPL,310.69,8.0,310.74,1.0,7.0,-3.0,2020-01-27 09:53:32.572912,310.72,310.76,0
2020-01-27 09:53:33,N,AAPL,310.72,2.0,310.76,1.0,0.0,0.0,2020-01-27 09:53:33.069499,310.7,310.75,0
2020-01-27 09:53:34,N,AAPL,310.7,4.0,310.75,1.0,2.0,0.0,2020-01-27 09:53:34.910492,310.7,310.74,0
2020-01-27 09:53:35,N,AAPL,310.7,2.0,310.74,5.0,-2.0,3.0,2020-01-27 09:53:35.505261,310.7,310.72,0
2020-01-27 09:53:36,N,AAPL,310.7,3.0,310.72,2.0,0.0,1.0,2020-01-27 09:53:36.163602,310.76,310.79,1
2020-01-27 09:53:37,N,AAPL,310.76,1.0,310.79,1.0,-1.0,-1.0,2020-01-27 09:53:37.709984,310.75,310.79,0
2020-01-27 09:53:38,N,AAPL,310.75,1.0,310.79,1.0,0.0,-3.0,2020-01-27 09:53:38.437578,310.78,310.82,0
2020-01-27 09:53:39,N,AAPL,310.78,2.0,310.82,2.0,1.0,1.0,2020-01-27 09:53:39.806132,310.77,310.8,0
2020-01-27 09:53:40,N,AAPL,310.77,2.0,310.8,4.0,0.0,2.0,2020-01-27 09:53:40.068880,310.7,310.75,-1
2020-01-27 09:53:41,N,AAPL,310.7,5.0,310.75,2.0,3.0,0.0,2020-01-27 09:53:41.737774,310.73,310.77,0
2020-01-27 09:53:42,N,AAPL,310.73,2.0,310.77,1.0,1.0,-1.0,2020-01-27 09:53:42.790428,310.76,310.8,0
2020-01-27 09:53:43,N,AAPL,310.76,2.0,310.8,2.0,1.0,0.0,2020-01-27 09:53:43.161614,310.78,310.82,0
2020-01-27 09:53:44,N,AAPL,310.78,1.0,310.82,2.0,0.0,0.0,2020-01-27 09:53:44.087072,310.82,310.86,0
2020-01-27 09:53:45,N,AAPL,310.82,1.0,310.86,2.0,0.0,0.0,2020-01-27 09:53:45.539288,310.82,310.86,0
2020-01-27 09:53:46,N,AAPL,310.82,1.0,310.86,1.0,-3.0,0.0,2020-01-27 09:53:46.178061,310.76,310.8,-1
2020-01-27 09:53:47,N,AAPL,310.76,2.0,310.8,3.0,1.0,2.0,2020-01-27 09:53:47.251155,310.7,310.73,-1
2020-01-27 09:53:49,N,AAPL,310.7,1.0,310.73,1.0,0.0,-2.0,2020-01-27 09:53:49.479500,310.69,310.73,0
2020-01-27 09:53:51,N,AAPL,310.69,1.0,310.73,2.0,0.0,-1.0,2020-01-27 09:53:51.070900,310.69,310.72,0
2020-01-27 09:53:52,N,AAPL,310.69,1.0,310.72,1.0,0.0,0.0,2020-01-27 09:53:52.176032,310.65,310.68,-1
2020-01-27 09:53:53,N,AAPL,310.65,1.0,310.68,7.0,0.0,6.0,2020-01-27 09:53:53.803139,310.62,310.66,0
2020-01-27 09:53:54,N,AAPL,310.62,2.0,310.66,2.0,1.0,-5.0,2020-01-27 09:53:54.561529,310.58,310.62,0
2020-01-27 09:53:55,N,AAPL,310.58,1.0,310.62,2.0,-1.0,-1.0,2020-01-27 09:53:55.171431,310.58,310.63,0
2020-01-27 09:53:56,N,AAPL,310.58,2.0,310.63,2.0,0.0,0.0,2020-01-27 09:53:56.002503,310.65,310.69,1
2020-01-27 09:53:57,N,AAPL,310.65,2.0,310.69,1.0,0.0,-1.0,2020-01-27 09:53:57.135477,310.65,310.69,0
2020-01-27 09:53:58,N,AAPL,310.65,1.0,310.69,1.0,0.0,0.0,2020-01-27 09:53:58.157222,310.65,310.69,0
2020-01-27 09:53:59,N,AAPL,310.65,1.0,310.69,1.0,0.0,0.0,2020-01-27 09:53:59.837975,310.7,310.74,1
2020-01-27 09:54:01,N,AAPL,310.7,5.0,310.74,1.0,4.0,0.0,2020-01-27 09:54:01.757357,310.68,310.7,0
2020-01-27 09:54:02,N,AAPL,310.68,1.0,310.7,4.0,-1.0,2.0,2020-01-27 09:54:02.036555,310.69,310.73,0
2020-01-27 09:54:03,N,AAPL,310.69,2.0,310.73,1.0,-1.0,-1.0,2020-01-27 09:54:03.017227,310.68,310.73,0
2020-01-27 09:54:05,N,AAPL,310.68,2.0,310.73,1.0,0.0,-6.0,2020-01-27 09:54:05.467380,310.78,310.82,1
2020-01-27 09:54:07,N,AAPL,310.78,1.0,310.82,2.0,0.0,-2.0,2020-01-27 09:54:07.166150,310.76,310.8,0
2020-01-27 09:54:08,N,AAPL,310.76,1.0,310.8,4.0,0.0,3.0,2020-01-27 09:54:08.243074,310.78,310.82,0
2020-01-27 09:54:09,N,AAPL,310.78,1.0,310.82,4.0,0.0,3.0,2020-01-27 09:54:09.019560,310.73,310.76,-1
2020-01-27 09:54:10,N,AAPL,310.73,1.0,310.76,3.0,0.0,1.0,2020-01-27 09:54:10.044497,310.65,310.7,-1
2020-01-27 09:54:11,N,AAPL,310.65,4.0,310.7,4.0,2.0,2.0,2020-01-27 09:54:11.390383,310.61,310.64,-1
2020-01-27 09:54:12,N,AAPL,310.61,2.0,310.64,1.0,-2.0,-1.0,2020-01-27 09:54:12.463333,310.68,310.73,1
2020-01-27 09:54:13,N,AAPL,310.68,1.0,310.73,2.0,-1.0,-2.0,2020-01-27 09:54:13.719072,310.72,310.77,0
2020-01-27 09:54:14,N,AAPL,310.72,2.0,310.77,4.0,-1.0,2.0,2020-01-27 09:54:14.041089,310.74,310.79,0
2020-01-27 09:54:15,N,AAPL,310.74,1.0,310.79,4.0,-1.0,2.0,2020-01-27 09:54:15.260231,310.74,310.78,0
2020-01-27 09:54:16,N,AAPL,310.74,8.0,310.78,1.0,7.0,0.0,2020-01-27 09:54:16.010646,310.67,310.72,-1
2020-01-27 09:54:17,N,AAPL,310.67,2.0,310.72,2.0,0.0,1.0,2020-01-27 09:54:17.219014,310.72,310.73,0
2020-01-27 09:54:19,N,AAPL,310.72,1.0,310.73,1.0,0.0,-1.0,2020-01-27 09:54:19.335924,310.75,310.8,1
2020-01-27 09:54:20,N,AAPL,310.75,2.0,310.8,3.0,1.0,2.0,2020-01-27 09:54:20.086479,310.79,310.82,0
2020-01-27 09:54:21,N,AAPL,310.79,2.0,310.82,2.0,1.0,0.0,2020-01-27 09:54:21.901268,310.8,310.84,0
2020-01-27 09:54:22,N,AAPL,310.8,1.0,310.84,2.0,0.0,1.0,2020-01-27 09:54:22.382084,310.83,310.87,0
2020-01-27 09:54:23,N,AAPL,310.83,1.0,310.87,2.0,0.0,0.0,2020-01-27 09:54:23.263618,310.88,310.91,1
2020-01-27 09:54:24,N,AAPL,310.88,4.0,310.91,2.0,3.0,0.0,2020-01-27 09:54:24.085744,310.89,310.9,0
2020-01-27 09:54:26,N,AAPL,310.89,1.0,310.9,1.0,-1.0,-3.0,2020-01-27 09:54:26.208236,310.86,310.89,0
2020-01-27 09:54:27,N,AAPL,310.86,1.0,310.89,2.0,0.0,0.0,2020-01-27 09:54:27.295413,310.79,310.84,-1
2020-01-27 09:54:28,N,AAPL,310.79,2.0,310.84,1.0,1.0,0.0,2020-01-27 09:54:28.071401,310.81,310.85,0
2020-01-27 09:54:29,N,AAPL,310.81,1.0,310.85,2.0,-1.0,1.0,2020-01-27 09:54:29.571657,310.78,310.83,0
2020-01-27 09:54:30,N,AAPL,310.78,2.0,310.83,2.0,1.0,1.0,2020-01-27 09:54:30.005262,310.75,310.78,0
2020-01-27 09:54:31,N,AAPL,310.75,2.0,310.78,4.0,1.0,1.0,2020-01-27 09:54:31.425875,310.79,310.83,1
2020-01-27 09:54:32,N,AAPL,310.79,1.0,310.83,1.0,0.0,0.0,2020-01-27 09:54:32.026407,310.89,310.94,1
2020-01-27 09:54:33,N,AAPL,310.89,1.0,310.94,2.0,0.0,1.0,2020-01-27 09:54:33.597769,310.87,310.91,0
2020-01-27 09:54:34,N,AAPL,310.87,3.0,310.91,3.0,2.0,1.0,2020-01-27 09:54:34.314926,310.95,310.99,1
2020-01-27 09:54:36,N,AAPL,310.95,1.0,310.99,1.0,-1.0,-3.0,2020-01-27 09:54:36.846909,310.91,310.96,0
2020-01-27 09:54:39,N,AAPL,310.91,2.0,310.96,4.0,0.0,3.0,2020-01-27 09:54:39.164769,310.88,310.92,0
2020-01-27 09:54:40,N,AAPL,310.88,2.0,310.92,2.0,1.0,1.0,2020-01-27 09:54:40.028892,310.88,310.93,0
2020-01-27 09:54:41,N,AAPL,310.88,4.0,310.93,2.0,3.0,-2.0,2020-01-27 09:54:41.379727,310.89,310.95,0
2020-01-27 09:54:42,N,AAPL,310.89,1.0,310.95,2.0,0.0,0.0,2020-01-27 09:54:42.378318,310.95,310.98,0
2020-01-27 09:54:44,N,AAPL,310.95,2.0,310.98,2.0,1.0,0.0,2020-01-27 09:54:44.031633,311.05,311.11,1
2020-01-27 09:54:45,N,AAPL,311.05,2.0,311.11,2.0,0.0,1.0,2020-01-27 09:54:45.046888,311.16,311.19,1
2020-01-27 09:54:46,N,AAPL,311.16,1.0,311.19,2.0,0.0,0.0,2020-01-27 09:54:46.024292,311.24,311.26,1
2020-01-27 09:54:47,N,AAPL,311.24,5.0,311.26,2.0,4.0,0.0,2020-01-27 09:54:47.670975,311.24,311.29,0
2020-01-27 09:54:48,N,AAPL,311.24,1.0,311.29,2.0,0.0,1.0,2020-01-27 09:54:48.041168,311.17,311.19,-1
2020-01-27 09:54:49,N,AAPL,311.17,2.0,311.19,1.0,1.0,0.0,2020-01-27 09:54:49.452642,311.22,311.26,1
2020-01-27 09:54:50,N,AAPL,311.22,1.0,311.26,1.0,0.0,0.0,2020-01-27 09:54:50.841421,311.24,311.27,0
2020-01-27 09:54:51,N,AAPL,311.24,1.0,311.27,4.0,-3.0,2.0,2020-01-27 09:54:51.493887,311.13,311.16,-1
2020-01-27 09:54:52,N,AAPL,311.13,2.0,311.16,4.0,0.0,3.0,2020-01-27 09:54:52.210791,311.1,311.14,0
2020-01-27 09:54:53,N,AAPL,311.1,2.0,311.14,2.0,1.0,1.0,2020-01-27 09:54:53.026880,311.21,311.25,1
2020-01-27 09:54:54,N,AAPL,311.21,4.0,311.25,1.0,3.0,-2.0,2020-01-27 09:54:54.924835,311.24,311.29,0
2020-01-27 09:54:55,N,AAPL,311.24,1.0,311.29,2.0,0.0,1.0,2020-01-27 09:54:55.011343,311.24,311.28,0
2020-01-27 09:54:56,N,AAPL,311.24,1.0,311.28,1.0,0.0,-1.0,2020-01-27 09:54:56.162412,311.22,311.27,0
2020-01-27 09:54:57,N,AAPL,311.22,2.0,311.27,1.0,-8.0,-1.0,2020-01-27 09:54:57.054141,311.24,311.28,0
2020-01-27 09:54:58,N,AAPL,311.24,4.0,311.28,2.0,2.0,1.0,2020-01-27 09:54:58.232645,311.29,311.34,1
2020-01-27 09:54:59,N,AAPL,311.29,1.0,311.34,1.0,-1.0,0.0,2020-01-27 09:54:59.480071,311.31,311.35,0
2020-01-27 09:55:00,N,AAPL,311.31,1.0,311.35,4.0,0.0,0.0,2020-01-27 09:55:00.117120,311.34,311.39,0
2020-01-27 09:55:01,N,AAPL,311.34,4.0,311.39,1.0,3.0,0.0,2020-01-27 09:55:01.136497,311.29,311.32,-1
2020-01-27 09:55:02,N,AAPL,311.29,1.0,311.32,1.0,-1.0,0.0,2020-01-27 09:55:02.209661,311.29,311.33,0
2020-01-27 09:55:03,N,AAPL,311.29,2.0,311.33,4.0,0.0,0.0,2020-01-27 09:55:03.180549,311.36,311.39,1
2020-01-27 09:55:04,N,AAPL,311.36,2.0,311.39,2.0,1.0,-2.0,2020-01-27 09:55:04.159132,311.45,311.49,1
2020-01-27 09:55:05,N,AAPL,311.45,1.0,311.49,2.0,-3.0,-2.0,2020-01-27 09:55:05.707800,311.42,311.44,-1
2020-01-27 09:55:06,N,AAPL,311.42,2.0,311.44,4.0,1.0,2.0,2020-01-27 09:55:06.086133,311.34,311.39,-1
2020-01-27 09:55:07,N,AAPL,311.34,1.0,311.39,1.0,0.0,0.0,2020-01-27 09:55:07.616195,311.37,311.43,0
2020-01-27 09:55:09,N,AAPL,311.37,1.0,311.43,1.0,0.0,0.0,2020-01-27 09:55:09.428134,311.36,311.42,0
2020-01-27 09:55:10,N,AAPL,311.36,1.0,311.42,1.0,-1.0,-1.0,2020-01-27 09:55:10.073475,311.23,311.27,-1
2020-01-27 09:55:11,N,AAPL,311.23,1.0,311.27,1.0,-1.0,0.0,2020-01-27 09:55:11.092084,311.13,311.17,-1
2020-01-27 09:55:12,N,AAPL,311.13,9.0,311.17,1.0,7.0,0.0,2020-01-27 09:55:12.464545,311.06,311.1,-1
2020-01-27 09:55:13,N,AAPL,311.06,2.0,311.1,1.0,0.0,-1.0,2020-01-27 09:55:13.009806,311.09,311.14,0
2020-01-27 09:55:14,N,AAPL,311.09,2.0,311.14,2.0,0.0,1.0,2020-01-27 09:55:14.314478,311.05,311.11,0
2020-01-27 09:55:15,N,AAPL,311.05,2.0,311.11,2.0,1.0,0.0,2020-01-27 09:55:15.446943,311.1,311.15,0
2020-01-27 09:55:16,N,AAPL,311.1,2.0,311.15,2.0,0.0,-1.0,2020-01-27 09:55:16.096021,311.06,311.1,0
2020-01-27 09:55:18,N,AAPL,311.06,2.0,311.1,4.0,0.0,2.0,2020-01-27 09:55:18.579160,311.02,311.05,-1
2020-01-27 09:55:19,N,AAPL,311.02,2.0,311.05,1.0,1.0,0.0,2020-01-27 09:55:19.043897,311.05,311.12,0
2020-01-27 09:55:20,N,AAPL,311.05,1.0,311.12,1.0,0.0,0.0,2020-01-27 09:55:20.248470,310.97,311.03,-1
2020-01-27 09:55:21,N,AAPL,310.97,2.0,311.03,2.0,1.0,1.0,2020-01-27 09:55:21.560117,310.98,311.04,0
2020-01-27 09:55:22,N,AAPL,310.98,1.0,311.04,1.0,-1.0,0.0,2020-01-27 09:55:22.339567,310.98,311.01,0
2020-01-27 09:55:23,N,AAPL,310.98,2.0,311.01,1.0,0.0,0.0,2020-01-27 09:55:23.503661,311.02,311.09,1
2020-01-27 09:55:24,N,AAPL,311.02,2.0,311.09,2.0,0.0,1.0,2020-01-27 09:55:24.903081,311.05,311.09,0
2020-01-27 09:55:25,N,AAPL,311.05,1.0,311.09,2.0,-1.0,0.0,2020-01-27 09:55:25.164286,311.09,311.09,0
2020-01-27 09:55:26,N,AAPL,311.09,1.0,311.09,1.0,0.0,0.0,2020-01-27 09:55:26.267741,311.01,311.05,-1
2020-01-27 09:55:28,N,AAPL,311.01,1.0,311.05,1.0,-2.0,-1.0,2020-01-27 09:55:28.124263,311.0,311.05,0
2020-01-27 09:55:29,N,AAPL,311.0,8.0,311.05,1.0,7.0,0.0,2020-01-27 09:55:29.601864,311.0,311.05,0
2020-01-27 09:55:30,N,AAPL,311.0,8.0,311.05,1.0,0.0,-1.0,2020-01-27 09:55:30.025112,311.03,311.08,0
2020-01-27 09:55:32,N,AAPL,311.03,3.0,311.08,1.0,-5.0,0.0,2020-01-27 09:55:32.079304,311.02,311.08,0
2020-01-27 09:55:34,N,AAPL,311.02,3.0,311.08,2.0,2.0,1.0,2020-01-27 09:55:34.093069,310.81,310.82,-1
2020-01-27 09:55:35,N,AAPL,310.81,5.0,310.82,2.0,4.0,0.0,2020-01-27 09:55:35.340280,310.94,310.99,1
2020-01-27 09:55:38,N,AAPL,310.94,1.0,310.99,2.0,-9.0,0.0,2020-01-27 09:55:38.395435,310.94,311.0,0
2020-01-27 09:55:41,N,AAPL,310.94,1.0,311.0,2.0,0.0,0.0,2020-01-27 09:55:41.555767,310.96,311.02,0
2020-01-27 09:55:42,N,AAPL,310.96,1.0,311.02,2.0,0.0,1.0,2020-01-27 09:55:42.384385,310.96,311.0,0
2020-01-27 09:55:43,N,AAPL,310.96,3.0,311.0,2.0,2.0,0.0,2020-01-27 09:55:43.214591,310.93,310.98,0
2020-01-27 09:55:44,N,AAPL,310.93,1.0,310.98,2.0,0.0,0.0,2020-01-27 09:55:44.353288,310.95,311.0,0
2020-01-27 09:55:46,N,AAPL,310.95,1.0,311.0,4.0,0.0,2.0,2020-01-27 09:55:46.099994,310.92,310.94,-1
2020-01-27 09:55:48,N,AAPL,310.92,2.0,310.94,4.0,1.0,0.0,2020-01-27 09:55:48.059100,310.93,310.98,0
2020-01-27 09:55:49,N,AAPL,310.93,2.0,310.98,1.0,1.0,0.0,2020-01-27 09:55:49.573634,310.83,310.88,-1
2020-01-27 09:55:50,N,AAPL,310.83,3.0,310.88,2.0,1.0,0.0,2020-01-27 09:55:50.518183,310.87,310.92,0
2020-01-27 09:55:51,N,AAPL,310.87,1.0,310.92,2.0,-1.0,1.0,2020-01-27 09:55:51.031380,310.91,310.94,0
2020-01-27 09:55:52,N,AAPL,310.91,2.0,310.94,2.0,0.0,0.0,2020-01-27 09:55:52.868067,310.96,311.0,1
2020-01-27 09:55:53,N,AAPL,310.96,1.0,311.0,1.0,0.0,-1.0,2020-01-27 09:55:53.050299,310.96,311.0,0
2020-01-27 09:55:54,N,AAPL,310.96,1.0,311.0,3.0,0.0,-10.0,2020-01-27 09:55:54.135104,311.02,311.05,1
2020-01-27 09:55:56,N,AAPL,311.02,2.0,311.05,2.0,1.0,1.0,2020-01-27 09:55:56.588137,311.06,311.09,1
2020-01-27 09:55:57,N,AAPL,311.06,3.0,311.09,4.0,1.0,2.0,2020-01-27 09:55:57.590013,311.02,311.07,0
2020-01-27 09:55:58,N,AAPL,311.02,2.0,311.07,1.0,-1.0,-3.0,2020-01-27 09:55:58.318420,311.02,311.05,0
2020-01-27 09:55:59,N,AAPL,311.02,1.0,311.05,4.0,0.0,3.0,2020-01-27 09:55:59.085470,310.91,310.95,-1
2020-01-27 09:56:00,N,AAPL,310.91,2.0,310.95,5.0,1.0,3.0,2020-01-27 09:56:00.848091,310.91,310.95,0
2020-01-27 09:56:01,N,AAPL,310.91,1.0,310.95,4.0,0.0,3.0,2020-01-27 09:56:01.005431,310.99,311.02,1
2020-01-27 09:56:03,N,AAPL,310.99,2.0,311.02,2.0,1.0,0.0,2020-01-27 09:56:03.026087,311.03,311.06,1
2020-01-27 09:56:04,N,AAPL,311.03,1.0,311.06,3.0,0.0,2.0,2020-01-27 09:56:04.803838,310.99,311.04,0
2020-01-27 09:56:05,N,AAPL,310.99,1.0,311.04,2.0,0.0,-1.0,2020-01-27 09:56:05.217967,311.09,311.1,1
2020-01-27 09:56:06,N,AAPL,311.09,1.0,311.1,2.0,-3.0,0.0,2020-01-27 09:56:06.374911,310.89,310.96,-1
2020-01-27 09:56:07,N,AAPL,310.89,4.0,310.96,4.0,3.0,2.0,2020-01-27 09:56:07.602882,310.99,311.04,1
2020-01-27 09:56:08,N,AAPL,310.99,3.0,311.04,2.0,1.0,1.0,2020-01-27 09:56:08.001777,311.02,311.06,0
2020-01-27 09:56:09,N,AAPL,311.02,1.0,311.06,4.0,-1.0,3.0,2020-01-27 09:56:09.545300,311.05,311.11,0
2020-01-27 09:56:10,N,AAPL,311.05,1.0,311.11,4.0,0.0,3.0,2020-01-27 09:56:10.113316,311.04,311.1,0
2020-01-27 09:56:11,N,AAPL,311.04,1.0,311.1,2.0,-2.0,1.0,2020-01-27 09:56:11.207876,311.04,311.08,0
2020-01-27 09:56:12,N,AAPL,311.04,2.0,311.08,1.0,-1.0,0.0,2020-01-27 09:56:12.622526,311.06,311.09,0
2020-01-27 09:56:13,N,AAPL,311.06,2.0,311.09,2.0,1.0,-1.0,2020-01-27 09:56:13.317525,311.06,311.09,0
2020-01-27 09:56:14,N,AAPL,311.06,2.0,311.09,4.0,-1.0,3.0,2020-01-27 09:56:14.004621,311.1,311.14,1
2020-01-27 09:56:15,N,AAPL,311.1,1.0,311.14,2.0,-2.0,1.0,2020-01-27 09:56:15.260816,311.02,311.07,-1
2020-01-27 09:56:16,N,AAPL,311.02,3.0,311.07,1.0,2.0,-1.0,2020-01-27 09:56:16.690826,311.03,311.06,0
2020-01-27 09:56:17,N,AAPL,311.03,2.0,311.06,2.0,1.0,0.0,2020-01-27 09:56:17.117047,311.1,311.14,1
2020-01-27 09:56:18,N,AAPL,311.1,2.0,311.14,2.0,1.0,0.0,2020-01-27 09:56:18.085890,311.02,311.06,-1
2020-01-27 09:56:20,N,AAPL,311.02,1.0,311.06,2.0,0.0,1.0,2020-01-27 09:56:20.462098,311.07,311.11,1
2020-01-27 09:56:21,N,AAPL,311.07,1.0,311.11,2.0,0.0,1.0,2020-01-27 09:56:21.424935,310.98,311.03,-1
2020-01-27 09:56:23,N,AAPL,310.98,2.0,311.03,1.0,-1.0,-2.0,2020-01-27 09:56:23.820575,311.03,311.09,0
2020-01-27 09:56:24,N,AAPL,311.03,4.0,311.09,1.0,3.0,-2.0,2020-01-27 09:56:24.226281,311.05,311.1,0
2020-01-27 09:56:27,N,AAPL,311.05,1.0,311.1,2.0,-3.0,1.0,2020-01-27 09:56:27.352098,311.08,311.12,0
2020-01-27 09:56:29,N,AAPL,311.08,5.0,311.12,1.0,1.0,0.0,2020-01-27 09:56:29.227015,311.01,311.04,-1
