last_interval,Exchange,Symbol,Best_Bid_Price,FB0,Best_Offer_Price,FA0,FB2,FA2,p_time,Next_Best_Bid,Next_Best_Offer,outcome
2020-01-10 09:30:01,N,AAPL,310.82,1.0,310.89,1.0,0.0,-1.0,2020-01-10 09:30:01.185772,310.29,310.33,-1
2020-01-10 09:30:22,N,AAPL,310.29,1.0,310.33,2.0,0.0,1.0,2020-01-10 09:30:22.075685,310.33,310.38,0
2020-01-10 09:30:23,N,AAPL,310.33,2.0,310.38,2.0,0.0,1.0,2020-01-10 09:30:23.056908,310.38,310.4,0
2020-01-10 09:30:24,N,AAPL,310.38,2.0,310.4,1.0,1.0,-2.0,2020-01-10 09:30:24.624441,310.4,310.43,0
2020-01-10 09:30:25,N,AAPL,310.4,4.0,310.43,2.0,0.0,1.0,2020-01-10 09:30:25.751739,310.35,310.39,-1
2020-01-10 09:30:26,N,AAPL,310.35,2.0,310.39,4.0,0.0,3.0,2020-01-10 09:30:26.573210,310.35,310.39,0
2020-01-10 09:30:27,N,AAPL,310.35,2.0,310.39,1.0,1.0,-1.0,2020-01-10 09:30:27.124388,310.31,310.37,0
2020-01-10 09:30:28,N,AAPL,310.31,1.0,310.37,1.0,-1.0,0.0,2020-01-10 09:30:28.343037,310.28,310.33,0
2020-01-10 09:30:29,N,AAPL,310.28,8.0,310.33,4.0,7.0,2.0,2020-01-10 09:30:29.433048,310.26,310.3,0
2020-01-10 09:30:31,N,AAPL,310.26,2.0,310.3,3.0,0.0,1.0,2020-01-10 09:30:31.132835,310.23,310.28,0
2020-01-10 09:30:32,N,AAPL,310.23,6.0,310.28,2.0,0.0,-2.0,2020-01-10 09:30:32.031601,310.24,310.3,0
2020-01-10 09:30:33,N,AAPL,310.24,3.0,310.3,6.0,0.0,3.0,2020-01-10 09:30:33.268035,310.3,310.34,0
2020-01-10 09:30:34,N,AAPL,310.3,1.0,310.34,1.0,0.0,-1.0,2020-01-10 09:30:34.662108,310.33,310.38,0
2020-01-10 09:30:35,N,AAPL,310.33,2.0,310.38,2.0,0.0,-1.0,2020-01-10 09:30:35.254975,310.37,310.41,0
2020-01-10 09:30:36,N,AAPL,310.37,10.0,310.41,2.0,8.0,-2.0,2020-01-10 09:30:36.668930,310.38,310.44,0
2020-01-10 09:30:37,N,AAPL,310.38,2.0,310.44,4.0,-8.0,3.0,2020-01-10 09:30:37.936829,310.36,310.4,0
2020-01-10 09:30:38,N,AAPL,310.36,2.0,310.4,2.0,0.0,-2.0,2020-01-10 09:30:38.126937,310.43,310.49,1
2020-01-10 09:30:39,N,AAPL,310.43,2.0,310.49,1.0,1.0,-1.0,2020-01-10 09:30:39.014534,310.45,310.52,0
2020-01-10 09:30:40,N,AAPL,310.45,2.0,310.52,8.0,1.0,-1.0,2020-01-10 09:30:40.188781,310.44,310.51,0
2020-01-10 09:30:41,N,AAPL,310.44,2.0,310.51,8.0,0.0,-2.0,2020-01-10 09:30:41.038041,310.44,310.49,0
2020-01-10 09:30:42,N,AAPL,310.44,1.0,310.49,10.0,-1.0,2.0,2020-01-10 09:30:42.519470,310.44,310.51,0
2020-01-10 09:30:45,N,AAPL,310.44,2.0,310.51,1.0,1.0,-9.0,2020-01-10 09:30:45.568560,310.46,310.52,0
2020-01-10 09:30:46,N,AAPL,310.46,1.0,310.52,1.0,-3.0,0.0,2020-01-10 09:30:46.028007,310.54,310.57,1
2020-01-10 09:30:47,N,AAPL,310.54,2.0,310.57,1.0,0.0,-1.0,2020-01-10 09:30:47.057943,310.52,310.6,0
2020-01-10 09:30:48,N,AAPL,310.52,2.0,310.6,16.0,-3.0,15.0,2020-01-10 09:30:48.329478,310.54,310.6,0
2020-01-10 09:30:49,N,AAPL,310.54,4.0,310.6,16.0,2.0,0.0,2020-01-10 09:30:49.476162,310.68,310.74,1
2020-01-10 09:30:50,N,AAPL,310.68,2.0,310.74,2.0,0.0,1.0,2020-01-10 09:30:50.523232,310.67,310.74,0
2020-01-10 09:30:51,N,AAPL,310.67,2.0,310.74,2.0,0.0,0.0,2020-01-10 09:30:51.028679,310.67,310.72,0
2020-01-10 09:30:53,N,AAPL,310.67,2.0,310.72,2.0,1.0,-7.0,2020-01-10 09:30:53.183953,310.68,310.74,0
2020-01-10 09:30:54,N,AAPL,310.68,4.0,310.74,4.0,2.0,3.0,2020-01-10 09:30:54.529595,310.74,310.79,0
2020-01-10 09:30:55,N,AAPL,310.74,1.0,310.79,4.0,-1.0,3.0,2020-01-10 09:30:55.027812,310.79,310.84,0
2020-01-10 09:30:57,N,AAPL,310.79,4.0,310.84,2.0,3.0,1.0,2020-01-10 09:30:57.963934,310.82,310.86,0
2020-01-10 09:30:58,N,AAPL,310.82,4.0,310.86,1.0,2.0,0.0,2020-01-10 09:30:58.307493,310.81,310.89,0
2020-01-10 09:31:00,N,AAPL,310.81,4.0,310.89,3.0,2.0,2.0,2020-01-10 09:31:00.001181,310.88,310.89,0
2020-01-10 09:31:01,N,AAPL,310.88,4.0,310.89,2.0,2.0,-2.0,2020-01-10 09:31:01.376378,310.88,310.92,0
2020-01-10 09:31:02,N,AAPL,310.88,4.0,310.92,2.0,2.0,0.0,2020-01-10 09:31:02.195006,310.88,310.93,0
2020-01-10 09:31:03,N,AAPL,310.88,1.0,310.93,1.0,-2.0,-2.0,2020-01-10 09:31:03.001186,310.89,310.93,0
2020-01-10 09:31:04,N,AAPL,310.89,1.0,310.93,4.0,-1.0,-6.0,2020-01-10 09:31:04.625268,310.87,310.89,0
2020-01-10 09:31:05,N,AAPL,310.87,1.0,310.89,4.0,-6.0,0.0,2020-01-10 09:31:05.195382,310.76,310.81,-1
2020-01-10 09:31:06,N,AAPL,310.76,2.0,310.81,4.0,-2.0,0.0,2020-01-10 09:31:06.021741,310.73,310.78,0
2020-01-10 09:31:07,N,AAPL,310.73,2.0,310.78,4.0,0.0,2.0,2020-01-10 09:31:07.002860,310.62,310.7,-1
2020-01-10 09:31:08,N,AAPL,310.62,4.0,310.7,3.0,2.0,1.0,2020-01-10 09:31:08.052072,310.67,310.73,0
2020-01-10 09:31:09,N,AAPL,310.67,1.0,310.73,1.0,-3.0,0.0,2020-01-10 09:31:09.010546,310.9,310.94,1
2020-01-10 09:31:10,N,AAPL,310.9,4.0,310.94,12.0,2.0,9.0,2020-01-10 09:31:10.173651,310.85,310.93,0
2020-01-10 09:31:11,N,AAPL,310.85,2.0,310.93,1.0,0.0,-12.0,2020-01-10 09:31:11.259942,310.84,310.88,0
2020-01-10 09:31:12,N,AAPL,310.84,1.0,310.88,2.0,-1.0,0.0,2020-01-10 09:31:12.062429,310.86,310.93,0
2020-01-10 09:31:13,N,AAPL,310.86,6.0,310.93,1.0,5.0,-1.0,2020-01-10 09:31:13.464322,310.89,310.98,0
2020-01-10 09:31:14,N,AAPL,310.89,1.0,310.98,1.0,-1.0,-1.0,2020-01-10 09:31:14.100799,310.99,311.04,1
2020-01-10 09:31:15,N,AAPL,310.99,4.0,311.04,2.0,2.0,-4.0,2020-01-10 09:31:15.052370,311.05,311.08,1
2020-01-10 09:31:16,N,AAPL,311.05,1.0,311.08,4.0,0.0,0.0,2020-01-10 09:31:16.349923,310.97,311.04,-1
2020-01-10 09:31:17,N,AAPL,310.97,1.0,311.04,8.0,0.0,6.0,2020-01-10 09:31:17.001473,311.08,311.11,1
2020-01-10 09:31:18,N,AAPL,311.08,4.0,311.11,35.0,3.0,19.0,2020-01-10 09:31:18.849637,311.11,311.13,0
2020-01-10 09:31:19,N,AAPL,311.11,2.0,311.13,9.0,1.0,-25.0,2020-01-10 09:31:19.290328,311.12,311.17,0
2020-01-10 09:31:20,N,AAPL,311.12,2.0,311.17,2.0,0.0,-5.0,2020-01-10 09:31:20.444814,311.13,311.18,0
2020-01-10 09:31:21,N,AAPL,311.13,2.0,311.18,2.0,0.0,-4.0,2020-01-10 09:31:21.724061,311.13,311.17,0
2020-01-10 09:31:22,N,AAPL,311.13,2.0,311.17,9.0,0.0,8.0,2020-01-10 09:31:22.481720,311.11,311.16,0
2020-01-10 09:31:23,N,AAPL,311.11,3.0,311.16,2.0,1.0,-2.0,2020-01-10 09:31:23.082141,311.08,311.14,0
2020-01-10 09:31:24,N,AAPL,311.08,1.0,311.14,9.0,0.0,5.0,2020-01-10 09:31:24.028608,311.1,311.14,0
2020-01-10 09:31:25,N,AAPL,311.1,1.0,311.14,11.0,0.0,2.0,2020-01-10 09:31:25.070687,311.16,311.18,1
2020-01-10 09:31:26,N,AAPL,311.16,2.0,311.18,2.0,-2.0,-8.0,2020-01-10 09:31:26.229226,311.13,311.17,0
2020-01-10 09:31:28,N,AAPL,311.13,1.0,311.17,1.0,0.0,0.0,2020-01-10 09:31:28.005152,311.15,311.19,0
2020-01-10 09:31:29,N,AAPL,311.15,1.0,311.19,5.0,-3.0,-8.0,2020-01-10 09:31:29.404069,311.19,311.23,0
2020-01-10 09:31:30,N,AAPL,311.19,1.0,311.23,5.0,0.0,0.0,2020-01-10 09:31:30.109380,311.21,311.27,0
2020-01-10 09:31:31,N,AAPL,311.21,4.0,311.27,9.0,2.0,7.0,2020-01-10 09:31:31.063964,311.26,311.29,0
2020-01-10 09:31:33,N,AAPL,311.26,4.0,311.29,1.0,2.0,-5.0,2020-01-10 09:31:33.487574,311.29,311.32,0
2020-01-10 09:31:34,N,AAPL,311.29,2.0,311.32,1.0,-2.0,-8.0,2020-01-10 09:31:34.451755,311.28,311.33,0
2020-01-10 09:31:35,N,AAPL,311.28,9.0,311.33,3.0,6.0,-2.0,2020-01-10 09:31:35.530870,311.3,311.36,0
2020-01-10 09:31:36,N,AAPL,311.3,4.0,311.36,2.0,-5.0,-3.0,2020-01-10 09:31:36.303943,311.3,311.33,0
2020-01-10 09:31:37,N,AAPL,311.3,2.0,311.33,2.0,-1.0,0.0,2020-01-10 09:31:37.460934,311.31,311.34,0
2020-01-10 09:31:38,N,AAPL,311.31,2.0,311.34,2.0,1.0,1.0,2020-01-10 09:31:38.524308,311.28,311.31,0
2020-01-10 09:31:40,N,AAPL,311.28,1.0,311.31,4.0,-1.0,2.0,2020-01-10 09:31:40.360297,311.27,311.29,0
2020-01-10 09:31:41,N,AAPL,311.27,20.0,311.29,4.0,19.0,0.0,2020-01-10 09:31:41.873215,311.28,311.31,0
2020-01-10 09:31:42,N,AAPL,311.28,4.0,311.31,11.0,-16.0,7.0,2020-01-10 09:31:42.533784,311.29,311.35,0
2020-01-10 09:31:43,N,AAPL,311.29,2.0,311.35,2.0,0.0,-9.0,2020-01-10 09:31:43.534962,311.29,311.36,0
2020-01-10 09:31:44,N,AAPL,311.29,1.0,311.36,10.0,-1.0,9.0,2020-01-10 09:31:44.140280,311.25,311.28,-1
2020-01-10 09:31:46,N,AAPL,311.25,2.0,311.28,1.0,-20.0,0.0,2020-01-10 09:31:46.006115,311.25,311.3,0
2020-01-10 09:31:47,N,AAPL,311.25,1.0,311.3,4.0,-1.0,2.0,2020-01-10 09:31:47.096694,311.24,311.3,0
2020-01-10 09:31:49,N,AAPL,311.24,11.0,311.3,10.0,9.0,7.0,2020-01-10 09:31:49.633067,311.29,311.3,0
2020-01-10 09:31:50,N,AAPL,311.29,4.0,311.3,3.0,-7.0,-1.0,2020-01-10 09:31:50.505201,311.27,311.31,0
2020-01-10 09:31:51,N,AAPL,311.27,4.0,311.31,10.0,-2.0,9.0,2020-01-10 09:31:51.111646,311.31,311.34,0
2020-01-10 09:31:52,N,AAPL,311.31,4.0,311.34,11.0,2.0,8.0,2020-01-10 09:31:52.524138,311.35,311.36,1
2020-01-10 09:31:53,N,AAPL,311.35,4.0,311.36,9.0,0.0,-2.0,2020-01-10 09:31:53.028801,311.35,311.4,0
2020-01-10 09:31:54,N,AAPL,311.35,2.0,311.4,18.0,1.0,2.0,2020-01-10 09:31:54.043219,311.36,311.4,0
2020-01-10 09:31:56,N,AAPL,311.36,1.0,311.4,15.0,-1.0,-3.0,2020-01-10 09:31:56.730776,311.36,311.4,0
2020-01-10 09:31:57,N,AAPL,311.36,5.0,311.4,14.0,4.0,-1.0,2020-01-10 09:31:57.472478,311.3,311.32,-1
2020-01-10 09:31:58,N,AAPL,311.3,2.0,311.32,1.0,0.0,-1.0,2020-01-10 09:31:58.661096,311.28,311.33,0
2020-01-10 09:31:59,N,AAPL,311.28,4.0,311.33,2.0,3.0,0.0,2020-01-10 09:31:59.032777,311.22,311.24,-1
2020-01-10 09:32:00,N,AAPL,311.22,2.0,311.24,2.0,-1.0,-2.0,2020-01-10 09:32:00.156537,311.22,311.25,0
2020-01-10 09:32:01,N,AAPL,311.22,1.0,311.25,2.0,-1.0,0.0,2020-01-10 09:32:01.423964,311.22,311.27,0
2020-01-10 09:32:02,N,AAPL,311.22,2.0,311.27,4.0,1.0,0.0,2020-01-10 09:32:02.010319,311.2,311.25,0
2020-01-10 09:32:03,N,AAPL,311.2,8.0,311.25,1.0,0.0,-11.0,2020-01-10 09:32:03.525979,311.24,311.27,0
2020-01-10 09:32:04,N,AAPL,311.24,3.0,311.27,2.0,-5.0,1.0,2020-01-10 09:32:04.240516,311.2,311.25,0
2020-01-10 09:32:05,N,AAPL,311.2,7.0,311.25,4.0,5.0,2.0,2020-01-10 09:32:05.219772,311.12,311.16,-1
2020-01-10 09:32:06,N,AAPL,311.12,1.0,311.16,2.0,0.0,-7.0,2020-01-10 09:32:06.105534,311.16,311.21,0
2020-01-10 09:32:07,N,AAPL,311.16,3.0,311.21,2.0,1.0,0.0,2020-01-10 09:32:07.097075,311.14,311.18,0
2020-01-10 09:32:08,N,AAPL,311.14,2.0,311.18,2.0,0.0,1.0,2020-01-10 09:32:08.183306,311.13,311.17,0
2020-01-10 09:32:09,N,AAPL,311.13,2.0,311.17,4.0,1.0,3.0,2020-01-10 09:32:09.041403,311.08,311.14,0
2020-01-10 09:32:10,N,AAPL,311.08,1.0,311.14,2.0,-2.0,1.0,2020-01-10 09:32:10.145782,311.1,311.17,0
2020-01-10 09:32:11,N,AAPL,311.1,2.0,311.17,1.0,0.0,-1.0,2020-01-10 09:32:11.080368,311.08,311.13,0
2020-01-10 09:32:12,N,AAPL,311.08,1.0,311.13,2.0,0.0,0.0,2020-01-10 09:32:12.530906,311.08,311.14,0
2020-01-10 09:32:13,N,AAPL,311.08,2.0,311.14,4.0,1.0,2.0,2020-01-10 09:32:13.178571,310.92,310.95,-1
2020-01-10 09:32:14,N,AAPL,310.92,6.0,310.95,2.0,3.0,0.0,2020-01-10 09:32:14.671811,310.92,310.97,0
2020-01-10 09:32:15,N,AAPL,310.92,6.0,310.97,2.0,0.0,-2.0,2020-01-10 09:32:15.103090,310.98,311.05,1
2020-01-10 09:32:18,N,AAPL,310.98,2.0,311.05,2.0,-4.0,-7.0,2020-01-10 09:32:18.040757,311.05,311.09,0
2020-01-10 09:32:19,N,AAPL,311.05,2.0,311.09,2.0,-8.0,1.0,2020-01-10 09:32:19.347424,311.03,311.09,0
2020-01-10 09:32:20,N,AAPL,311.03,4.0,311.09,15.0,3.0,13.0,2020-01-10 09:32:20.974245,311.02,311.09,0
2020-01-10 09:32:21,N,AAPL,311.02,6.0,311.09,15.0,2.0,0.0,2020-01-10 09:32:21.011943,311.02,311.08,0
2020-01-10 09:32:22,N,AAPL,311.02,2.0,311.08,1.0,1.0,-1.0,2020-01-10 09:32:22.012883,311.06,311.09,0
2020-01-10 09:32:24,N,AAPL,311.06,2.0,311.09,4.0,0.0,3.0,2020-01-10 09:32:24.929670,311.02,311.05,-1
2020-01-10 09:32:26,N,AAPL,311.02,1.0,311.05,2.0,-1.0,-1.0,2020-01-10 09:32:26.256509,310.99,311.01,-1
2020-01-10 09:32:27,N,AAPL,310.99,2.0,311.01,2.0,1.0,0.0,2020-01-10 09:32:27.585978,310.92,310.97,-1
2020-01-10 09:32:28,N,AAPL,310.92,1.0,310.97,2.0,-1.0,-2.0,2020-01-10 09:32:28.059694,310.94,310.99,0
2020-01-10 09:32:29,N,AAPL,310.94,1.0,310.99,4.0,0.0,-2.0,2020-01-10 09:32:29.434551,310.92,310.98,0
2020-01-10 09:32:30,N,AAPL,310.92,1.0,310.98,10.0,0.0,8.0,2020-01-10 09:32:30.315352,310.82,310.87,-1
2020-01-10 09:32:31,N,AAPL,310.82,2.0,310.87,2.0,0.0,0.0,2020-01-10 09:32:31.923571,310.84,310.9,0
2020-01-10 09:32:32,N,AAPL,310.84,1.0,310.9,4.0,0.0,0.0,2020-01-10 09:32:32.009440,310.86,310.92,0
2020-01-10 09:32:35,N,AAPL,310.86,3.0,310.92,4.0,2.0,2.0,2020-01-10 09:32:35.020002,310.87,310.93,0
2020-01-10 09:32:36,N,AAPL,310.87,2.0,310.93,2.0,-1.0,-2.0,2020-01-10 09:32:36.262803,310.88,310.92,0
2020-01-10 09:32:39,N,AAPL,310.88,4.0,310.92,4.0,2.0,-7.0,2020-01-10 09:32:39.330374,310.93,310.95,1
2020-01-10 09:32:41,N,AAPL,310.93,2.0,310.95,2.0,1.0,-10.0,2020-01-10 09:32:41.629011,310.97,311.01,1
2020-01-10 09:32:42,N,AAPL,310.97,1.0,311.01,4.0,0.0,3.0,2020-01-10 09:32:42.266799,310.94,310.98,0
2020-01-10 09:32:43,N,AAPL,310.94,3.0,310.98,2.0,0.0,0.0,2020-01-10 09:32:43.116345,310.94,310.99,0
2020-01-10 09:32:44,N,AAPL,310.94,4.0,310.99,2.0,3.0,-9.0,2020-01-10 09:32:44.341210,310.95,310.98,0
2020-01-10 09:32:45,N,AAPL,310.95,1.0,310.98,1.0,-1.0,-1.0,2020-01-10 09:32:45.058842,310.95,310.99,0
2020-01-10 09:32:47,N,AAPL,310.95,9.0,310.99,2.0,5.0,-7.0,2020-01-10 09:32:47.558161,310.83,310.85,-1
2020-01-10 09:32:48,N,AAPL,310.83,1.0,310.85,4.0,0.0,2.0,2020-01-10 09:32:48.987182,310.76,310.82,-1
2020-01-10 09:32:49,N,AAPL,310.76,2.0,310.82,4.0,-10.0,2.0,2020-01-10 09:32:49.128530,310.75,310.81,0
2020-01-10 09:32:50,N,AAPL,310.75,3.0,310.81,4.0,0.0,0.0,2020-01-10 09:32:50.120899,310.73,310.81,0
2020-01-10 09:32:51,N,AAPL,310.73,3.0,310.81,2.0,0.0,-7.0,2020-01-10 09:32:51.012758,310.73,310.8,0
2020-01-10 09:32:52,N,AAPL,310.73,1.0,310.8,1.0,0.0,-1.0,2020-01-10 09:32:52.161160,310.73,310.78,0
2020-01-10 09:32:53,N,AAPL,310.73,1.0,310.78,4.0,0.0,3.0,2020-01-10 09:32:53.542867,310.71,310.78,0
2020-01-10 09:32:54,N,AAPL,310.71,1.0,310.78,8.0,0.0,4.0,2020-01-10 09:32:54.013491,310.64,310.71,0
2020-01-10 09:32:55,N,AAPL,310.64,1.0,310.71,1.0,0.0,-3.0,2020-01-10 09:32:55.010900,310.68,310.71,0
2020-01-10 09:32:58,N,AAPL,310.68,2.0,310.71,2.0,1.0,1.0,2020-01-10 09:32:58.508475,310.64,310.7,0
2020-01-10 09:32:59,N,AAPL,310.64,4.0,310.7,4.0,2.0,2.0,2020-01-10 09:32:59.665086,310.61,310.65,0
2020-01-10 09:33:01,N,AAPL,310.61,1.0,310.65,4.0,0.0,2.0,2020-01-10 09:33:01.443707,310.62,310.67,0
2020-01-10 09:33:02,N,AAPL,310.62,2.0,310.67,2.0,1.0,-8.0,2020-01-10 09:33:02.514792,310.66,310.71,0
2020-01-10 09:33:03,N,AAPL,310.66,3.0,310.71,2.0,2.0,1.0,2020-01-10 09:33:03.948118,310.7,310.75,0
2020-01-10 09:33:04,N,AAPL,310.7,2.0,310.75,1.0,1.0,0.0,2020-01-10 09:33:04.237063,310.73,310.76,0
2020-01-10 09:33:05,N,AAPL,310.73,2.0,310.76,1.0,-1.0,0.0,2020-01-10 09:33:05.519183,310.69,310.72,-1
2020-01-10 09:33:06,N,AAPL,310.69,1.0,310.72,1.0,-3.0,-1.0,2020-01-10 09:33:06.306152,310.77,310.8,1
2020-01-10 09:33:07,N,AAPL,310.77,2.0,310.8,9.0,0.0,0.0,2020-01-10 09:33:07.129095,310.76,310.79,0
2020-01-10 09:33:08,N,AAPL,310.76,1.0,310.79,4.0,-3.0,0.0,2020-01-10 09:33:08.131075,310.76,310.8,0
2020-01-10 09:33:09,N,AAPL,310.76,4.0,310.8,6.0,3.0,4.0,2020-01-10 09:33:09.747625,310.74,310.77,0
2020-01-10 09:33:10,N,AAPL,310.74,2.0,310.77,4.0,0.0,-2.0,2020-01-10 09:33:10.553582,310.72,310.76,0
2020-01-10 09:33:11,N,AAPL,310.72,2.0,310.76,2.0,1.0,-5.0,2020-01-10 09:33:11.619558,310.74,310.74,0
2020-01-10 09:33:12,N,AAPL,310.74,2.0,310.74,1.0,0.0,-1.0,2020-01-10 09:33:12.444385,310.7,310.74,0
2020-01-10 09:33:13,N,AAPL,310.7,2.0,310.74,2.0,1.0,1.0,2020-01-10 09:33:13.579483,310.67,310.71,0
2020-01-10 09:33:14,N,AAPL,310.67,1.0,310.71,2.0,-1.0,0.0,2020-01-10 09:33:14.233926,310.66,310.68,0
2020-01-10 09:33:15,N,AAPL,310.66,2.0,310.68,4.0,0.0,2.0,2020-01-10 09:33:15.416627,310.65,310.7,0
2020-01-10 09:33:16,N,AAPL,310.65,2.0,310.7,2.0,1.0,0.0,2020-01-10 09:33:16.067448,310.72,310.77,1
2020-01-10 09:33:18,N,AAPL,310.72,2.0,310.77,8.0,0.0,-2.0,2020-01-10 09:33:18.371673,310.71,310.77,0
2020-01-10 09:33:19,N,AAPL,310.71,4.0,310.77,9.0,2.0,1.0,2020-01-10 09:33:19.154809,310.72,310.76,0
2020-01-10 09:33:20,N,AAPL,310.72,2.0,310.76,4.0,-2.0,-5.0,2020-01-10 09:33:20.047646,310.71,310.76,0
2020-01-10 09:33:21,N,AAPL,310.71,9.0,310.76,2.0,-3.0,0.0,2020-01-10 09:33:21.391639,310.7,310.73,0
2020-01-10 09:33:22,N,AAPL,310.7,2.0,310.73,4.0,0.0,2.0,2020-01-10 09:33:22.078480,310.61,310.65,-1
2020-01-10 09:33:23,N,AAPL,310.61,1.0,310.65,4.0,0.0,0.0,2020-01-10 09:33:23.334531,310.54,310.59,-1
2020-01-10 09:33:24,N,AAPL,310.54,1.0,310.59,2.0,0.0,-2.0,2020-01-10 09:33:24.289062,310.51,310.55,0
2020-01-10 09:33:25,N,AAPL,310.51,1.0,310.55,1.0,0.0,-1.0,2020-01-10 09:33:25.788598,310.44,310.52,0
2020-01-10 09:33:26,N,AAPL,310.44,2.0,310.52,2.0,1.0,-2.0,2020-01-10 09:33:26.033414,310.45,310.52,0
2020-01-10 09:33:27,N,AAPL,310.45,1.0,310.52,2.0,-1.0,0.0,2020-01-10 09:33:27.200190,310.43,310.46,0
2020-01-10 09:33:29,N,AAPL,310.43,3.0,310.46,2.0,2.0,0.0,2020-01-10 09:33:29.554348,310.35,310.4,-1
2020-01-10 09:33:30,N,AAPL,310.35,2.0,310.4,1.0,0.0,-1.0,2020-01-10 09:33:30.025884,310.37,310.46,0
2020-01-10 09:33:31,N,AAPL,310.37,2.0,310.46,5.0,0.0,-4.0,2020-01-10 09:33:31.010334,310.38,310.44,0
2020-01-10 09:33:32,N,AAPL,310.38,6.0,310.44,1.0,5.0,-4.0,2020-01-10 09:33:32.057123,310.4,310.43,0
2020-01-10 09:33:33,N,AAPL,310.4,1.0,310.43,11.0,-10.0,7.0,2020-01-10 09:33:33.303885,310.34,310.41,0
2020-01-10 09:33:34,N,AAPL,310.34,2.0,310.41,2.0,-9.0,-9.0,2020-01-10 09:33:34.184001,310.34,310.43,0
2020-01-10 09:33:35,N,AAPL,310.34,3.0,310.43,13.0,2.0,1.0,2020-01-10 09:33:35.254504,310.34,310.42,0
2020-01-10 09:33:36,N,AAPL,310.34,4.0,310.42,2.0,1.0,-11.0,2020-01-10 09:33:36.373666,310.34,310.39,0
2020-01-10 09:33:37,N,AAPL,310.34,1.0,310.39,1.0,0.0,-1.0,2020-01-10 09:33:37.237105,310.37,310.39,0
2020-01-10 09:33:38,N,AAPL,310.37,2.0,310.39,1.0,0.0,-8.0,2020-01-10 09:33:38.585996,310.38,310.43,0
2020-01-10 09:33:39,N,AAPL,310.38,2.0,310.43,11.0,-4.0,9.0,2020-01-10 09:33:39.363563,310.39,310.42,0
2020-01-10 09:33:40,N,AAPL,310.39,4.0,310.42,1.0,2.0,-10.0,2020-01-10 09:33:40.046671,310.34,310.36,-1
2020-01-10 09:33:42,N,AAPL,310.34,3.0,310.36,2.0,-4.0,0.0,2020-01-10 09:33:42.069285,310.36,310.41,0
2020-01-10 09:33:43,N,AAPL,310.36,3.0,310.41,2.0,2.0,1.0,2020-01-10 09:33:43.383186,310.32,310.35,-1
2020-01-10 09:33:44,N,AAPL,310.32,9.0,310.35,2.0,8.0,1.0,2020-01-10 09:33:44.393839,310.3,310.32,0
2020-01-10 09:33:45,N,AAPL,310.3,10.0,310.32,4.0,0.0,0.0,2020-01-10 09:33:45.150407,310.28,310.36,0
2020-01-10 09:33:46,N,AAPL,310.28,2.0,310.36,2.0,0.0,1.0,2020-01-10 09:33:46.072091,310.32,310.37,0
2020-01-10 09:33:48,N,AAPL,310.32,1.0,310.37,1.0,-8.0,-1.0,2020-01-10 09:33:48.040516,310.28,310.33,0
2020-01-10 09:33:49,N,AAPL,310.28,7.0,310.33,17.0,0.0,13.0,2020-01-10 09:33:49.198781,310.27,310.31,0
2020-01-10 09:33:50,N,AAPL,310.27,1.0,310.31,2.0,-1.0,-2.0,2020-01-10 09:33:50.027094,310.25,310.31,0
2020-01-10 09:33:51,N,AAPL,310.25,3.0,310.31,10.0,-13.0,8.0,2020-01-10 09:33:51.036384,310.3,310.32,0
2020-01-10 09:33:52,N,AAPL,310.3,2.0,310.32,2.0,-1.0,-8.0,2020-01-10 09:33:52.940772,310.37,310.4,1
2020-01-10 09:33:53,N,AAPL,310.37,2.0,310.4,1.0,0.0,0.0,2020-01-10 09:33:53.103202,310.41,310.46,1
2020-01-10 09:33:54,N,AAPL,310.41,2.0,310.46,2.0,-1.0,0.0,2020-01-10 09:33:54.022740,310.45,310.53,0
2020-01-10 09:33:56,N,AAPL,310.45,3.0,310.53,3.0,0.0,-1.0,2020-01-10 09:33:56.481324,310.46,310.5,0
2020-01-10 09:33:57,N,AAPL,310.46,2.0,310.5,1.0,-5.0,-1.0,2020-01-10 09:33:57.807047,310.45,310.52,0
2020-01-10 09:33:58,N,AAPL,310.45,7.0,310.52,3.0,5.0,1.0,2020-01-10 09:33:58.412399,310.4,310.46,0
2020-01-10 09:34:00,N,AAPL,310.4,3.0,310.46,4.0,-4.0,1.0,2020-01-10 09:34:00.145982,310.31,310.36,-1
2020-01-10 09:34:01,N,AAPL,310.31,1.0,310.36,1.0,-2.0,-3.0,2020-01-10 09:34:01.051757,310.24,310.29,-1
2020-01-10 09:34:02,N,AAPL,310.24,1.0,310.29,2.0,-5.0,0.0,2020-01-10 09:34:02.187738,310.13,310.2,-1
2020-01-10 09:34:03,N,AAPL,310.13,2.0,310.2,2.0,1.0,-2.0,2020-01-10 09:34:03.074986,310.16,310.21,0
2020-01-10 09:34:04,N,AAPL,310.16,8.0,310.21,1.0,7.0,-1.0,2020-01-10 09:34:04.114382,310.17,310.25,0
2020-01-10 09:34:05,N,AAPL,310.17,2.0,310.25,1.0,1.0,0.0,2020-01-10 09:34:05.946266,310.18,310.26,0
2020-01-10 09:34:06,N,AAPL,310.18,2.0,310.26,2.0,0.0,1.0,2020-01-10 09:34:06.770355,310.17,310.24,0
2020-01-10 09:34:08,N,AAPL,310.17,4.0,310.24,2.0,2.0,0.0,2020-01-10 09:34:08.697835,310.16,310.18,0
2020-01-10 09:34:09,N,AAPL,310.16,8.0,310.18,4.0,3.0,3.0,2020-01-10 09:34:09.558640,310.11,310.14,-1
2020-01-10 09:34:10,N,AAPL,310.11,1.0,310.14,1.0,-1.0,0.0,2020-01-10 09:34:10.280577,310.08,310.15,0
2020-01-10 09:34:11,N,AAPL,310.08,1.0,310.15,2.0,-1.0,0.0,2020-01-10 09:34:11.147954,310.09,310.14,0
2020-01-10 09:34:12,N,AAPL,310.09,2.0,310.14,4.0,0.0,2.0,2020-01-10 09:34:12.148878,310.17,310.23,1
2020-01-10 09:34:15,N,AAPL,310.17,1.0,310.23,2.0,-2.0,0.0,2020-01-10 09:34:15.943664,310.18,310.22,0
2020-01-10 09:34:16,N,AAPL,310.18,1.0,310.22,4.0,-1.0,2.0,2020-01-10 09:34:16.348851,310.09,310.14,-1
2020-01-10 09:34:17,N,AAPL,310.09,2.0,310.14,2.0,0.0,1.0,2020-01-10 09:34:17.376619,310.07,310.11,0
2020-01-10 09:34:18,N,AAPL,310.07,1.0,310.11,2.0,-2.0,0.0,2020-01-10 09:34:18.785434,310.02,310.05,-1
2020-01-10 09:34:20,N,AAPL,310.02,21.0,310.05,4.0,20.0,2.0,2020-01-10 09:34:20.289801,310.0,310.05,0
2020-01-10 09:34:21,N,AAPL,310.0,2.0,310.05,2.0,1.0,-3.0,2020-01-10 09:34:21.076865,310.0,310.08,0
2020-01-10 09:34:22,N,AAPL,310.0,3.0,310.08,4.0,2.0,3.0,2020-01-10 09:34:22.698594,310.0,310.05,0
2020-01-10 09:34:23,N,AAPL,310.0,2.0,310.05,1.0,-2.0,0.0,2020-01-10 09:34:23.054976,309.94,309.97,-1
2020-01-10 09:34:24,N,AAPL,309.94,1.0,309.97,4.0,-1.0,3.0,2020-01-10 09:34:24.063703,309.9,309.97,0
2020-01-10 09:34:25,N,AAPL,309.9,2.0,309.97,2.0,-1.0,0.0,2020-01-10 09:34:25.120662,309.92,309.98,0
2020-01-10 09:34:26,N,AAPL,309.92,2.0,309.98,3.0,-33.0,1.0,2020-01-10 09:34:26.003493,309.89,309.97,0
2020-01-10 09:34:27,N,AAPL,309.89,1.0,309.97,4.0,0.0,2.0,2020-01-10 09:34:27.010019,309.89,309.97,0
2020-01-10 09:34:28,N,AAPL,309.89,1.0,309.97,2.0,0.0,-2.0,2020-01-10 09:34:28.014921,309.91,309.97,0
2020-01-10 09:34:29,N,AAPL,309.91,2.0,309.97,2.0,0.0,0.0,2020-01-10 09:34:29.681255,309.91,309.93,0
2020-01-10 09:34:30,N,AAPL,309.91,1.0,309.93,2.0,-1.0,0.0,2020-01-10 09:34:30.141447,309.87,309.94,0
2020-01-10 09:34:31,N,AAPL,309.87,2.0,309.94,2.0,0.0,-1.0,2020-01-10 09:34:31.173248,309.88,309.97,0
2020-01-10 09:34:32,N,AAPL,309.88,3.0,309.97,1.0,0.0,-1.0,2020-01-10 09:34:32.201576,309.89,309.96,0
2020-01-10 09:34:33,N,AAPL,309.89,1.0,309.96,3.0,0.0,1.0,2020-01-10 09:34:33.073020,309.91,309.94,0
2020-01-10 09:34:34,N,AAPL,309.91,1.0,309.94,2.0,0.0,-1.0,2020-01-10 09:34:34.517107,309.94,310.0,0
2020-01-10 09:34:35,N,AAPL,309.94,1.0,310.0,5.0,0.0,0.0,2020-01-10 09:34:35.029781,309.95,309.99,0
2020-01-10 09:34:36,N,AAPL,309.95,2.0,309.99,2.0,1.0,1.0,2020-01-10 09:34:36.018650,309.99,310.02,0
2020-01-10 09:34:37,N,AAPL,309.99,2.0,310.02,2.0,-4.0,-2.0,2020-01-10 09:34:37.428600,309.98,310.02,0
2020-01-10 09:34:38,N,AAPL,309.98,1.0,310.02,2.0,0.0,-2.0,2020-01-10 09:34:38.948366,309.94,309.96,-1
2020-01-10 09:34:39,N,AAPL,309.94,6.0,309.96,1.0,5.0,-1.0,2020-01-10 09:34:39.546801,309.96,309.99,0
2020-01-10 09:34:40,N,AAPL,309.96,1.0,309.99,4.0,0.0,0.0,2020-01-10 09:34:40.439435,309.93,309.98,0
2020-01-10 09:34:41,N,AAPL,309.93,2.0,309.98,2.0,1.0,-4.0,2020-01-10 09:34:41.980636,309.95,309.97,0
2020-01-10 09:34:44,N,AAPL,309.95,1.0,309.97,2.0,-1.0,0.0,2020-01-10 09:34:44.262665,309.95,309.98,0
2020-01-10 09:34:45,N,AAPL,309.95,1.0,309.98,2.0,-3.0,0.0,2020-01-10 09:34:45.093898,309.96,309.98,0
2020-01-10 09:34:46,N,AAPL,309.96,10.0,309.98,2.0,9.0,0.0,2020-01-10 09:34:46.279529,309.96,310.0,0
2020-01-10 09:34:47,N,AAPL,309.96,10.0,310.0,2.0,0.0,0.0,2020-01-10 09:34:47.494448,309.93,309.95,-1
2020-01-10 09:34:48,N,AAPL,309.93,1.0,309.95,4.0,-9.0,2.0,2020-01-10 09:34:48.117279,309.88,309.9,-1
2020-01-10 09:34:49,N,AAPL,309.88,1.0,309.9,4.0,0.0,1.0,2020-01-10 09:34:49.036584,309.83,309.88,0
2020-01-10 09:34:50,N,AAPL,309.83,3.0,309.88,4.0,-6.0,0.0,2020-01-10 09:34:50.135982,309.8,309.84,0
2020-01-10 09:34:51,N,AAPL,309.8,1.0,309.84,3.0,-1.0,0.0,2020-01-10 09:34:51.312177,309.88,309.91,1
2020-01-10 09:34:52,N,AAPL,309.88,1.0,309.91,2.0,-1.0,1.0,2020-01-10 09:34:52.238992,309.79,309.85,-1
2020-01-10 09:34:53,N,AAPL,309.79,2.0,309.85,2.0,0.0,0.0,2020-01-10 09:34:53.172928,309.75,309.79,0
2020-01-10 09:34:54,N,AAPL,309.75,3.0,309.79,2.0,1.0,0.0,2020-01-10 09:34:54.403208,309.83,309.87,1
2020-01-10 09:34:56,N,AAPL,309.83,1.0,309.87,5.0,-2.0,4.0,2020-01-10 09:34:56.775158,309.82,309.85,0
2020-01-10 09:34:57,N,AAPL,309.82,1.0,309.85,4.0,0.0,-1.0,2020-01-10 09:34:57.034331,309.86,309.92,1
2020-01-10 09:34:58,N,AAPL,309.86,1.0,309.92,1.0,-1.0,-1.0,2020-01-10 09:34:58.038056,309.82,309.89,0
2020-01-10 09:34:59,N,AAPL,309.82,1.0,309.89,1.0,-5.0,-1.0,2020-01-10 09:34:59.466173,309.84,309.91,0
2020-01-10 09:35:00,N,AAPL,309.84,1.0,309.91,1.0,0.0,0.0,2020-01-10 09:35:00.657041,309.8,309.84,0
2020-01-10 09:35:01,N,AAPL,309.8,8.0,309.84,2.0,2.0,0.0,2020-01-10 09:35:01.280520,309.8,309.89,0
2020-01-10 09:35:02,N,AAPL,309.8,39.0,309.89,2.0,29.0,0.0,2020-01-10 09:35:02.442540,309.83,309.89,0
2020-01-10 09:35:03,N,AAPL,309.83,2.0,309.89,2.0,1.0,-4.0,2020-01-10 09:35:03.418909,309.91,309.96,1
2020-01-10 09:35:04,N,AAPL,309.91,4.0,309.96,2.0,0.0,0.0,2020-01-10 09:35:04.466309,309.98,310.01,1
2020-01-10 09:35:05,N,AAPL,309.98,7.0,310.01,2.0,4.0,1.0,2020-01-10 09:35:05.587263,309.97,310.03,0
2020-01-10 09:35:06,N,AAPL,309.97,1.0,310.03,1.0,-1.0,-1.0,2020-01-10 09:35:06.298627,309.94,310.0,0
2020-01-10 09:35:07,N,AAPL,309.94,1.0,310.0,3.0,0.0,2.0,2020-01-10 09:35:07.215650,309.97,310.02,0
2020-01-10 09:35:08,N,AAPL,309.97,2.0,310.02,2.0,1.0,1.0,2020-01-10 09:35:08.931851,310.01,310.05,0
2020-01-10 09:35:09,N,AAPL,310.01,1.0,310.05,2.0,-1.0,0.0,2020-01-10 09:35:09.677900,310.05,310.12,0
2020-01-10 09:35:10,N,AAPL,310.05,1.0,310.12,3.0,0.0,1.0,2020-01-10 09:35:10.045485,310.16,310.24,1
2020-01-10 09:35:11,N,AAPL,310.16,1.0,310.24,7.0,-1.0,6.0,2020-01-10 09:35:11.210962,310.23,310.3,0
2020-01-10 09:35:12,N,AAPL,310.23,3.0,310.3,5.0,1.0,4.0,2020-01-10 09:35:12.277778,310.2,310.27,0
2020-01-10 09:35:13,N,AAPL,310.2,2.0,310.27,4.0,0.0,3.0,2020-01-10 09:35:13.114065,310.21,310.29,0
2020-01-10 09:35:14,N,AAPL,310.21,4.0,310.29,3.0,3.0,1.0,2020-01-10 09:35:14.346373,310.2,310.24,0
2020-01-10 09:35:15,N,AAPL,310.2,3.0,310.24,1.0,1.0,-1.0,2020-01-10 09:35:15.405927,310.2,310.29,0
2020-01-10 09:35:16,N,AAPL,310.2,3.0,310.29,2.0,1.0,0.0,2020-01-10 09:35:16.039622,310.23,310.29,0
2020-01-10 09:35:17,N,AAPL,310.23,2.0,310.29,4.0,-3.0,2.0,2020-01-10 09:35:17.523338,310.24,310.29,0
2020-01-10 09:35:18,N,AAPL,310.24,1.0,310.29,2.0,-1.0,-2.0,2020-01-10 09:35:18.008943,310.25,310.3,0
2020-01-10 09:35:19,N,AAPL,310.25,5.0,310.3,1.0,4.0,-1.0,2020-01-10 09:35:19.607716,310.29,310.36,0
2020-01-10 09:35:20,N,AAPL,310.29,3.0,310.36,1.0,1.0,0.0,2020-01-10 09:35:20.016901,310.43,310.48,1
2020-01-10 09:35:22,N,AAPL,310.43,4.0,310.48,3.0,2.0,1.0,2020-01-10 09:35:22.120002,310.54,310.59,1
2020-01-10 09:35:23,N,AAPL,310.54,2.0,310.59,2.0,-2.0,0.0,2020-01-10 09:35:23.004631,310.58,310.65,0
2020-01-10 09:35:24,N,AAPL,310.58,4.0,310.65,2.0,2.0,0.0,2020-01-10 09:35:24.202082,310.58,310.64,0
2020-01-10 09:35:25,N,AAPL,310.58,4.0,310.64,1.0,2.0,-3.0,2020-01-10 09:35:25.391845,310.57,310.61,0
2020-01-10 09:35:26,N,AAPL,310.57,4.0,310.61,5.0,-4.0,0.0,2020-01-10 09:35:26.030172,310.47,310.54,-1
2020-01-10 09:35:27,N,AAPL,310.47,3.0,310.54,1.0,0.0,0.0,2020-01-10 09:35:27.005536,310.47,310.5,0
2020-01-10 09:35:28,N,AAPL,310.47,1.0,310.5,2.0,-2.0,0.0,2020-01-10 09:35:28.224726,310.47,310.52,0
2020-01-10 09:35:29,N,AAPL,310.47,1.0,310.52,7.0,-2.0,5.0,2020-01-10 09:35:29.167583,310.38,310.41,-1
2020-01-10 09:35:30,N,AAPL,310.38,2.0,310.41,2.0,1.0,0.0,2020-01-10 09:35:30.307811,310.23,310.32,-1
2020-01-10 09:35:31,N,AAPL,310.23,13.0,310.32,2.0,12.0,0.0,2020-01-10 09:35:31.087126,310.18,310.24,0
2020-01-10 09:35:32,N,AAPL,310.18,5.0,310.24,2.0,-14.0,0.0,2020-01-10 09:35:32.862425,310.15,310.23,0
2020-01-10 09:35:34,N,AAPL,310.15,3.0,310.23,5.0,2.0,3.0,2020-01-10 09:35:34.357901,310.21,310.3,0
2020-01-10 09:35:35,N,AAPL,310.21,1.0,310.3,2.0,-4.0,0.0,2020-01-10 09:35:35.331858,310.26,310.35,0
2020-01-10 09:35:36,N,AAPL,310.26,5.0,310.35,2.0,0.0,0.0,2020-01-10 09:35:36.000214,310.34,310.41,0
2020-01-10 09:35:37,N,AAPL,310.34,2.0,310.41,1.0,1.0,-1.0,2020-01-10 09:35:37.910215,310.34,310.42,0
2020-01-10 09:35:38,N,AAPL,310.34,3.0,310.42,1.0,1.0,0.0,2020-01-10 09:35:38.132921,310.33,310.35,0
2020-01-10 09:35:40,N,AAPL,310.33,2.0,310.35,2.0,0.0,1.0,2020-01-10 09:35:40.170049,310.21,310.28,-1
2020-01-10 09:35:41,N,AAPL,310.21,2.0,310.28,2.0,0.0,-2.0,2020-01-10 09:35:41.171895,310.2,310.23,0
2020-01-10 09:35:42,N,AAPL,310.2,4.0,310.23,4.0,-1.0,2.0,2020-01-10 09:35:42.354024,310.15,310.16,-1
2020-01-10 09:35:43,N,AAPL,310.15,1.0,310.16,4.0,-3.0,0.0,2020-01-10 09:35:43.847403,310.15,310.16,0
2020-01-10 09:35:44,N,AAPL,310.15,1.0,310.16,4.0,0.0,2.0,2020-01-10 09:35:44.065922,310.13,310.19,0
2020-01-10 09:35:46,N,AAPL,310.13,4.0,310.19,2.0,3.0,1.0,2020-01-10 09:35:46.185397,310.22,310.28,1
2020-01-10 09:35:47,N,AAPL,310.22,2.0,310.28,4.0,0.0,2.0,2020-01-10 09:35:47.020615,310.24,310.33,0
2020-01-10 09:35:48,N,AAPL,310.24,3.0,310.33,2.0,2.0,1.0,2020-01-10 09:35:48.029841,310.22,310.3,0
2020-01-10 09:35:49,N,AAPL,310.22,4.0,310.3,3.0,2.0,1.0,2020-01-10 09:35:49.176230,310.25,310.32,0
2020-01-10 09:35:50,N,AAPL,310.25,1.0,310.32,2.0,-1.0,0.0,2020-01-10 09:35:50.003713,310.26,310.31,0
2020-01-10 09:35:51,N,AAPL,310.26,1.0,310.31,3.0,0.0,1.0,2020-01-10 09:35:51.004575,310.24,310.32,0
2020-01-10 09:35:52,N,AAPL,310.24,1.0,310.32,4.0,0.0,2.0,2020-01-10 09:35:52.091576,310.23,310.28,0
2020-01-10 09:35:53,N,AAPL,310.23,2.0,310.28,1.0,0.0,-1.0,2020-01-10 09:35:53.796404,310.24,310.29,0
2020-01-10 09:35:54,N,AAPL,310.24,5.0,310.29,2.0,3.0,1.0,2020-01-10 09:35:54.270651,310.32,310.38,1
2020-01-10 09:35:55,N,AAPL,310.32,2.0,310.38,4.0,0.0,3.0,2020-01-10 09:35:55.148199,310.33,310.41,0
2020-01-10 09:35:56,N,AAPL,310.33,4.0,310.41,4.0,1.0,2.0,2020-01-10 09:35:56.084843,310.37,310.47,0
2020-01-10 09:35:58,N,AAPL,310.37,4.0,310.47,2.0,2.0,0.0,2020-01-10 09:35:58.023454,310.39,310.44,0
2020-01-10 09:36:00,N,AAPL,310.39,1.0,310.44,4.0,0.0,2.0,2020-01-10 09:36:00.406237,310.45,310.49,1
2020-01-10 09:36:01,N,AAPL,310.45,1.0,310.49,2.0,0.0,0.0,2020-01-10 09:36:01.398516,310.42,310.46,0
2020-01-10 09:36:02,N,AAPL,310.42,2.0,310.46,4.0,1.0,2.0,2020-01-10 09:36:02.263185,310.39,310.44,0
2020-01-10 09:36:03,N,AAPL,310.39,1.0,310.44,2.0,0.0,0.0,2020-01-10 09:36:03.019635,310.38,310.46,0
2020-01-10 09:36:04,N,AAPL,310.38,4.0,310.46,1.0,2.0,0.0,2020-01-10 09:36:04.042188,310.31,310.36,-1
2020-01-10 09:36:05,N,AAPL,310.31,1.0,310.36,4.0,-3.0,2.0,2020-01-10 09:36:05.075127,310.2,310.29,-1
2020-01-10 09:36:06,N,AAPL,310.2,32.0,310.29,2.0,31.0,0.0,2020-01-10 09:36:06.221739,310.17,310.23,0
2020-01-10 09:36:07,N,AAPL,310.17,2.0,310.23,1.0,1.0,0.0,2020-01-10 09:36:07.356004,310.16,310.21,0
2020-01-10 09:36:08,N,AAPL,310.16,1.0,310.21,2.0,-2.0,1.0,2020-01-10 09:36:08.009950,310.16,310.2,0
2020-01-10 09:36:09,N,AAPL,310.16,2.0,310.2,1.0,1.0,0.0,2020-01-10 09:36:09.138954,310.23,310.29,1
2020-01-10 09:36:10,N,AAPL,310.23,1.0,310.29,3.0,0.0,0.0,2020-01-10 09:36:10.120724,310.27,310.31,0
2020-01-10 09:36:11,N,AAPL,310.27,3.0,310.31,4.0,2.0,2.0,2020-01-10 09:36:11.666339,310.27,310.32,0
2020-01-10 09:36:12,N,AAPL,310.27,3.0,310.32,4.0,0.0,-2.0,2020-01-10 09:36:12.482700,310.27,310.31,0
2020-01-10 09:36:13,N,AAPL,310.27,2.0,310.31,4.0,-1.0,2.0,2020-01-10 09:36:13.180812,310.21,310.26,-1
2020-01-10 09:36:14,N,AAPL,310.21,2.0,310.26,2.0,1.0,-2.0,2020-01-10 09:36:14.475874,310.19,310.26,0
2020-01-10 09:36:15,N,AAPL,310.19,1.0,310.26,2.0,-1.0,0.0,2020-01-10 09:36:15.041894,310.2,310.26,0
2020-01-10 09:36:16,N,AAPL,310.2,4.0,310.26,2.0,2.0,1.0,2020-01-10 09:36:16.444541,310.24,310.28,0
2020-01-10 09:36:19,N,AAPL,310.24,2.0,310.28,4.0,1.0,0.0,2020-01-10 09:36:19.556820,310.27,310.31,0
2020-01-10 09:36:22,N,AAPL,310.27,2.0,310.31,2.0,0.0,1.0,2020-01-10 09:36:22.288779,310.3,310.34,0
2020-01-10 09:36:23,N,AAPL,310.3,40.0,310.34,2.0,38.0,-2.0,2020-01-10 09:36:23.045035,310.36,310.41,1
2020-01-10 09:36:24,N,AAPL,310.36,2.0,310.41,1.0,-20.0,-1.0,2020-01-10 09:36:24.024983,310.37,310.42,0
2020-01-10 09:36:25,N,AAPL,310.37,2.0,310.42,2.0,-2.0,0.0,2020-01-10 09:36:25.132742,310.34,310.4,0
2020-01-10 09:36:26,N,AAPL,310.34,6.0,310.4,4.0,0.0,0.0,2020-01-10 09:36:26.029240,310.37,310.41,0
2020-01-10 09:36:28,N,AAPL,310.37,2.0,310.41,4.0,1.0,2.0,2020-01-10 09:36:28.459556,310.42,310.5,1
2020-01-10 09:36:29,N,AAPL,310.42,2.0,310.5,5.0,1.0,3.0,2020-01-10 09:36:29.243097,310.49,310.51,0
2020-01-10 09:36:30,N,AAPL,310.49,4.0,310.51,2.0,2.0,0.0,2020-01-10 09:36:30.846851,310.51,310.55,0
2020-01-10 09:36:31,N,AAPL,310.51,1.0,310.55,1.0,-1.0,-1.0,2020-01-10 09:36:31.063796,310.52,310.59,0
2020-01-10 09:36:32,N,AAPL,310.52,2.0,310.59,3.0,0.0,2.0,2020-01-10 09:36:32.089271,310.42,310.49,-1
2020-01-10 09:36:33,N,AAPL,310.42,2.0,310.49,2.0,0.0,-2.0,2020-01-10 09:36:33.030726,310.41,310.45,0
2020-01-10 09:36:35,N,AAPL,310.41,1.0,310.45,4.0,-1.0,1.0,2020-01-10 09:36:35.042397,310.45,310.48,0
2020-01-10 09:36:36,N,AAPL,310.45,2.0,310.48,2.0,0.0,0.0,2020-01-10 09:36:36.646702,310.42,310.47,0
2020-01-10 09:36:37,N,AAPL,310.42,2.0,310.47,2.0,0.0,0.0,2020-01-10 09:36:37.057216,310.41,310.44,0
2020-01-10 09:36:39,N,AAPL,310.41,1.0,310.44,4.0,-1.0,2.0,2020-01-10 09:36:39.466720,310.42,310.46,0
2020-01-10 09:36:40,N,AAPL,310.42,1.0,310.46,2.0,0.0,0.0,2020-01-10 09:36:40.199243,310.36,310.44,0
2020-01-10 09:36:44,N,AAPL,310.36,4.0,310.44,2.0,3.0,0.0,2020-01-10 09:36:44.410529,310.4,310.45,0
2020-01-10 09:36:45,N,AAPL,310.4,1.0,310.45,2.0,-2.0,1.0,2020-01-10 09:36:45.154996,310.44,310.46,0
2020-01-10 09:36:46,N,AAPL,310.44,2.0,310.46,2.0,1.0,1.0,2020-01-10 09:36:46.436470,310.35,310.41,-1
2020-01-10 09:36:47,N,AAPL,310.35,5.0,310.41,4.0,3.0,2.0,2020-01-10 09:36:47.290086,310.35,310.38,0
2020-01-10 09:36:48,N,AAPL,310.35,4.0,310.38,1.0,0.0,0.0,2020-01-10 09:36:48.974376,310.4,310.46,1
2020-01-10 09:36:50,N,AAPL,310.4,2.0,310.46,1.0,-2.0,-2.0,2020-01-10 09:36:50.034424,310.39,310.43,0
2020-01-10 09:36:51,N,AAPL,310.39,1.0,310.43,4.0,-1.0,3.0,2020-01-10 09:36:51.185608,310.39,310.46,0
2020-01-10 09:36:52,N,AAPL,310.39,1.0,310.46,3.0,0.0,1.0,2020-01-10 09:36:52.565409,310.39,310.44,0
2020-01-10 09:36:53,N,AAPL,310.39,1.0,310.44,1.0,0.0,-3.0,2020-01-10 09:36:53.394562,310.39,310.44,0
2020-01-10 09:36:54,N,AAPL,310.39,2.0,310.44,1.0,0.0,-3.0,2020-01-10 09:36:54.094442,310.41,310.45,0
2020-01-10 09:36:55,N,AAPL,310.41,1.0,310.45,2.0,0.0,1.0,2020-01-10 09:36:55.075988,310.43,310.46,0
2020-01-10 09:36:56,N,AAPL,310.43,1.0,310.46,5.0,-1.0,3.0,2020-01-10 09:36:56.350578,310.41,310.45,0
2020-01-10 09:36:57,N,AAPL,310.41,1.0,310.45,4.0,-3.0,-1.0,2020-01-10 09:36:57.298009,310.39,310.43,0
2020-01-10 09:36:58,N,AAPL,310.39,1.0,310.43,2.0,-1.0,-1.0,2020-01-10 09:36:58.499528,310.39,310.43,0
2020-01-10 09:36:59,N,AAPL,310.39,1.0,310.43,4.0,0.0,0.0,2020-01-10 09:36:59.009922,310.39,310.4,0
2020-01-10 09:37:00,N,AAPL,310.39,1.0,310.4,4.0,-3.0,2.0,2020-01-10 09:37:00.245177,310.26,310.33,-1
2020-01-10 09:37:01,N,AAPL,310.26,1.0,310.33,1.0,-1.0,-1.0,2020-01-10 09:37:01.595699,310.25,310.32,0
2020-01-10 09:37:02,N,AAPL,310.25,3.0,310.32,4.0,2.0,3.0,2020-01-10 09:37:02.250145,310.3,310.33,0
2020-01-10 09:37:03,N,AAPL,310.3,1.0,310.33,1.0,-1.0,0.0,2020-01-10 09:37:03.981056,310.27,310.32,0
2020-01-10 09:37:04,N,AAPL,310.27,1.0,310.32,1.0,0.0,-4.0,2020-01-10 09:37:04.002010,310.28,310.32,0
2020-01-10 09:37:05,N,AAPL,310.28,1.0,310.32,1.0,-1.0,0.0,2020-01-10 09:37:05.218366,310.29,310.33,0
2020-01-10 09:37:06,N,AAPL,310.29,2.0,310.33,2.0,1.0,1.0,2020-01-10 09:37:06.387516,310.26,310.3,0
2020-01-10 09:37:07,N,AAPL,310.26,2.0,310.3,5.0,0.0,4.0,2020-01-10 09:37:07.174258,310.24,310.3,0
2020-01-10 09:37:08,N,AAPL,310.24,2.0,310.3,1.0,0.0,0.0,2020-01-10 09:37:08.266853,310.25,310.29,0
2020-01-10 09:37:09,N,AAPL,310.25,2.0,310.29,1.0,1.0,0.0,2020-01-10 09:37:09.037323,310.32,310.38,1
2020-01-10 09:37:10,N,AAPL,310.32,3.0,310.38,2.0,1.0,0.0,2020-01-10 09:37:10.521016,310.28,310.32,0
2020-01-10 09:37:11,N,AAPL,310.28,2.0,310.32,5.0,1.0,4.0,2020-01-10 09:37:11.248703,310.29,310.34,0
2020-01-10 09:37:13,N,AAPL,310.29,2.0,310.34,1.0,0.0,-1.0,2020-01-10 09:37:13.348249,310.28,310.32,0
2020-01-10 09:37:14,N,AAPL,310.28,2.0,310.32,2.0,0.0,1.0,2020-01-10 09:37:14.823349,310.28,310.31,0
2020-01-10 09:37:15,N,AAPL,310.28,2.0,310.31,4.0,0.0,2.0,2020-01-10 09:37:15.168768,310.23,310.28,0
2020-01-10 09:37:16,N,AAPL,310.23,4.0,310.28,2.0,3.0,1.0,2020-01-10 09:37:16.740093,310.23,310.27,0
2020-01-10 09:37:17,N,AAPL,310.23,3.0,310.27,4.0,2.0,2.0,2020-01-10 09:37:17.446178,310.23,310.27,0
2020-01-10 09:37:18,N,AAPL,310.23,5.0,310.27,4.0,3.0,1.0,2020-01-10 09:37:18.048491,310.14,310.17,-1
2020-01-10 09:37:19,N,AAPL,310.14,3.0,310.17,1.0,-2.0,-3.0,2020-01-10 09:37:19.588229,310.06,310.09,-1
2020-01-10 09:37:20,N,AAPL,310.06,2.0,310.09,4.0,-23.0,3.0,2020-01-10 09:37:20.300840,310.02,310.04,-1
2020-01-10 09:37:23,N,AAPL,310.02,8.0,310.04,4.0,7.0,2.0,2020-01-10 09:37:23.245998,310.02,310.05,0
2020-01-10 09:37:24,N,AAPL,310.02,1.0,310.05,4.0,0.0,2.0,2020-01-10 09:37:24.005588,310.02,310.07,0
2020-01-10 09:37:25,N,AAPL,310.02,2.0,310.07,1.0,0.0,-1.0,2020-01-10 09:37:25.581090,310.06,310.12,0
2020-01-10 09:37:26,N,AAPL,310.06,3.0,310.12,4.0,2.0,3.0,2020-01-10 09:37:26.280266,310.07,310.12,0
2020-01-10 09:37:27,N,AAPL,310.07,2.0,310.12,2.0,0.0,1.0,2020-01-10 09:37:27.342458,310.1,310.13,0
2020-01-10 09:37:28,N,AAPL,310.1,2.0,310.13,2.0,1.0,-1.0,2020-01-10 09:37:28.818030,310.09,310.13,0
2020-01-10 09:37:31,N,AAPL,310.09,4.0,310.13,1.0,3.0,0.0,2020-01-10 09:37:31.328868,310.1,310.12,0
2020-01-10 09:37:32,N,AAPL,310.1,1.0,310.12,4.0,-1.0,2.0,2020-01-10 09:37:32.084049,310.09,310.09,-1
2020-01-10 09:37:34,N,AAPL,310.09,3.0,310.09,8.0,-1.0,6.0,2020-01-10 09:37:34.592984,310.09,310.12,0
2020-01-10 09:37:35,N,AAPL,310.09,2.0,310.12,1.0,1.0,-2.0,2020-01-10 09:37:35.214268,310.07,310.1,0
2020-01-10 09:37:37,N,AAPL,310.07,1.0,310.1,4.0,-1.0,3.0,2020-01-10 09:37:37.429239,310.05,310.09,0
2020-01-10 09:37:38,N,AAPL,310.05,1.0,310.09,3.0,0.0,2.0,2020-01-10 09:37:38.198653,310.06,310.09,0
2020-01-10 09:37:39,N,AAPL,310.06,1.0,310.09,1.0,0.0,-2.0,2020-01-10 09:37:39.957976,310.07,310.09,0
2020-01-10 09:37:40,N,AAPL,310.07,1.0,310.09,2.0,0.0,1.0,2020-01-10 09:37:40.193919,310.02,310.08,0
2020-01-10 09:37:41,N,AAPL,310.02,2.0,310.08,5.0,1.0,2.0,2020-01-10 09:37:41.525370,310.02,310.05,0
2020-01-10 09:37:42,N,AAPL,310.02,1.0,310.05,7.0,-1.0,2.0,2020-01-10 09:37:42.097505,309.91,309.95,-1
2020-01-10 09:37:43,N,AAPL,309.91,4.0,309.95,1.0,-8.0,0.0,2020-01-10 09:37:43.050102,309.97,310.0,1
2020-01-10 09:37:44,N,AAPL,309.97,2.0,310.0,84.0,1.0,83.0,2020-01-10 09:37:44.132849,309.97,310.0,0
2020-01-10 09:37:46,N,AAPL,309.97,3.0,310.0,40.0,1.0,-44.0,2020-01-10 09:37:46.401004,309.96,309.98,0
2020-01-10 09:37:48,N,AAPL,309.96,2.0,309.98,4.0,1.0,2.0,2020-01-10 09:37:48.470847,309.94,309.99,0
2020-01-10 09:37:49,N,AAPL,309.94,1.0,309.99,1.0,-1.0,-3.0,2020-01-10 09:37:49.531268,310.06,310.09,1
2020-01-10 09:37:53,N,AAPL,310.06,2.0,310.09,1.0,1.0,-27.0,2020-01-10 09:37:53.854457,310.06,310.11,0
2020-01-10 09:37:54,N,AAPL,310.06,2.0,310.11,1.0,0.0,0.0,2020-01-10 09:37:54.333950,310.06,310.11,0
2020-01-10 09:37:55,N,AAPL,310.06,2.0,310.11,1.0,0.0,-2.0,2020-01-10 09:37:55.077636,310.06,310.11,0
2020-01-10 09:37:56,N,AAPL,310.06,2.0,310.11,1.0,0.0,0.0,2020-01-10 09:37:56.370575,310.02,310.06,0
2020-01-10 09:37:58,N,AAPL,310.02,1.0,310.06,2.0,0.0,0.0,2020-01-10 09:37:58.642912,310.03,310.1,0
2020-01-10 09:37:59,N,AAPL,310.03,2.0,310.1,4.0,0.0,2.0,2020-01-10 09:37:59.098510,310.03,310.1,0
2020-01-10 09:38:00,N,AAPL,310.03,2.0,310.1,3.0,0.0,2.0,2020-01-10 09:38:00.000317,310.03,310.07,0
2020-01-10 09:38:01,N,AAPL,310.03,1.0,310.07,1.0,0.0,-3.0,2020-01-10 09:38:01.005103,310.02,310.09,0
2020-01-10 09:38:02,N,AAPL,310.02,4.0,310.09,1.0,1.0,-3.0,2020-01-10 09:38:02.238985,310.02,310.05,0
2020-01-10 09:38:03,N,AAPL,310.02,5.0,310.05,1.0,3.0,-1.0,2020-01-10 09:38:03.223827,310.07,310.12,1
2020-01-10 09:38:04,N,AAPL,310.07,3.0,310.12,2.0,2.0,1.0,2020-01-10 09:38:04.120603,310.07,310.12,0
2020-01-10 09:38:05,N,AAPL,310.07,2.0,310.12,4.0,-1.0,2.0,2020-01-10 09:38:05.121927,310.08,310.13,0
2020-01-10 09:38:06,N,AAPL,310.08,4.0,310.13,22.0,2.0,21.0,2020-01-10 09:38:06.522546,310.11,310.16,0
2020-01-10 09:38:07,N,AAPL,310.11,2.0,310.16,1.0,0.0,0.0,2020-01-10 09:38:07.274822,310.11,310.16,0
2020-01-10 09:38:08,N,AAPL,310.11,1.0,310.16,1.0,-1.0,0.0,2020-01-10 09:38:08.219069,310.15,310.18,0
2020-01-10 09:38:10,N,AAPL,310.15,1.0,310.18,2.0,0.0,0.0,2020-01-10 09:38:10.099425,310.24,310.29,1
2020-01-10 09:38:11,N,AAPL,310.24,1.0,310.29,2.0,-1.0,1.0,2020-01-10 09:38:11.773954,310.19,310.25,0
2020-01-10 09:38:12,N,AAPL,310.19,2.0,310.25,1.0,-1.0,0.0,2020-01-10 09:38:12.024611,310.14,310.21,0
2020-01-10 09:38:13,N,AAPL,310.14,1.0,310.21,2.0,-1.0,1.0,2020-01-10 09:38:13.226779,310.11,310.18,0
2020-01-10 09:38:14,N,AAPL,310.11,4.0,310.18,1.0,0.0,-1.0,2020-01-10 09:38:14.334622,310.14,310.15,0
2020-01-10 09:38:15,N,AAPL,310.14,4.0,310.15,1.0,0.0,-3.0,2020-01-10 09:38:15.582788,310.15,310.16,0
2020-01-10 09:38:16,N,AAPL,310.15,4.0,310.16,1.0,0.0,0.0,2020-01-10 09:38:16.263934,310.22,310.26,1
2020-01-10 09:38:17,N,AAPL,310.22,2.0,310.26,1.0,1.0,0.0,2020-01-10 09:38:17.140749,310.23,310.28,0
2020-01-10 09:38:18,N,AAPL,310.23,1.0,310.28,1.0,0.0,0.0,2020-01-10 09:38:18.388908,310.23,310.28,0
2020-01-10 09:38:19,N,AAPL,310.23,3.0,310.28,4.0,2.0,3.0,2020-01-10 09:38:19.501081,310.2,310.22,-1
2020-01-10 09:38:20,N,AAPL,310.2,4.0,310.22,2.0,0.0,0.0,2020-01-10 09:38:20.415005,310.24,310.29,1
2020-01-10 09:38:21,N,AAPL,310.24,2.0,310.29,4.0,0.0,1.0,2020-01-10 09:38:21.007993,310.23,310.27,0
2020-01-10 09:38:22,N,AAPL,310.23,2.0,310.27,1.0,1.0,0.0,2020-01-10 09:38:22.671804,310.19,310.23,0
2020-01-10 09:38:23,N,AAPL,310.19,1.0,310.23,4.0,0.0,2.0,2020-01-10 09:38:23.004043,310.14,310.18,-1
2020-01-10 09:38:24,N,AAPL,310.14,7.0,310.18,3.0,5.0,1.0,2020-01-10 09:38:24.722388,310.14,310.18,0
2020-01-10 09:38:25,N,AAPL,310.14,7.0,310.18,2.0,0.0,0.0,2020-01-10 09:38:25.434011,310.13,310.16,0
2020-01-10 09:38:26,N,AAPL,310.13,7.0,310.16,5.0,0.0,3.0,2020-01-10 09:38:26.242682,310.1,310.13,0
2020-01-10 09:38:27,N,AAPL,310.1,1.0,310.13,1.0,0.0,-2.0,2020-01-10 09:38:27.387815,310.08,310.14,0
2020-01-10 09:38:29,N,AAPL,310.08,4.0,310.14,3.0,3.0,2.0,2020-01-10 09:38:29.010912,310.08,310.13,0
2020-01-10 09:38:30,N,AAPL,310.08,1.0,310.13,4.0,-31.0,1.0,2020-01-10 09:38:30.050328,310.1,310.14,0
2020-01-10 09:38:31,N,AAPL,310.1,2.0,310.14,5.0,-30.0,4.0,2020-01-10 09:38:31.093869,310.11,310.13,0
2020-01-10 09:38:32,N,AAPL,310.11,4.0,310.13,1.0,2.0,-4.0,2020-01-10 09:38:32.785197,310.15,310.18,1
2020-01-10 09:38:33,N,AAPL,310.15,4.0,310.18,1.0,-1.0,0.0,2020-01-10 09:38:33.882582,310.15,310.19,0
2020-01-10 09:38:34,N,AAPL,310.15,1.0,310.19,1.0,-3.0,0.0,2020-01-10 09:38:34.006591,310.14,310.17,0
2020-01-10 09:38:35,N,AAPL,310.14,4.0,310.17,1.0,0.0,-4.0,2020-01-10 09:38:35.008129,310.11,310.17,0
2020-01-10 09:38:36,N,AAPL,310.11,1.0,310.17,2.0,0.0,-2.0,2020-01-10 09:38:36.029783,310.13,310.18,0
2020-01-10 09:38:37,N,AAPL,310.13,7.0,310.18,1.0,-2.0,0.0,2020-01-10 09:38:37.353758,310.15,310.19,0
2020-01-10 09:38:38,N,AAPL,310.15,1.0,310.19,4.0,-1.0,3.0,2020-01-10 09:38:38.312040,310.13,310.17,0
2020-01-10 09:38:40,N,AAPL,310.13,7.0,310.17,1.0,0.0,-1.0,2020-01-10 09:38:40.304886,310.11,310.13,0
2020-01-10 09:38:42,N,AAPL,310.11,1.0,310.13,4.0,-6.0,3.0,2020-01-10 09:38:42.095354,310.1,310.12,0
2020-01-10 09:38:44,N,AAPL,310.1,21.0,310.12,5.0,-16.0,4.0,2020-01-10 09:38:44.927270,310.04,310.09,-1
2020-01-10 09:38:45,N,AAPL,310.04,2.0,310.09,1.0,-2.0,-1.0,2020-01-10 09:38:45.334753,310.03,310.06,0
2020-01-10 09:38:46,N,AAPL,310.03,1.0,310.06,1.0,-1.0,-4.0,2020-01-10 09:38:46.408834,310.02,310.07,0
2020-01-10 09:38:47,N,AAPL,310.02,2.0,310.07,3.0,-1.0,2.0,2020-01-10 09:38:47.075410,310.01,310.07,0
2020-01-10 09:38:48,N,AAPL,310.01,2.0,310.07,3.0,-59.0,0.0,2020-01-10 09:38:48.549053,310.02,310.05,0
2020-01-10 09:38:49,N,AAPL,310.02,2.0,310.05,1.0,1.0,-3.0,2020-01-10 09:38:49.387943,310.01,310.05,0
2020-01-10 09:38:50,N,AAPL,310.01,1.0,310.05,2.0,0.0,-3.0,2020-01-10 09:38:50.023129,309.94,309.98,-1
2020-01-10 09:38:51,N,AAPL,309.94,7.0,309.98,1.0,0.0,0.0,2020-01-10 09:38:51.028278,309.95,310.0,0
2020-01-10 09:38:52,N,AAPL,309.95,5.0,310.0,1.0,-2.0,0.0,2020-01-10 09:38:52.323838,309.95,310.0,0
2020-01-10 09:38:53,N,AAPL,309.95,4.0,310.0,2.0,3.0,1.0,2020-01-10 09:38:53.340345,309.91,309.95,0
2020-01-10 09:38:55,N,AAPL,309.91,31.0,309.95,4.0,27.0,2.0,2020-01-10 09:38:55.339405,309.82,309.87,-1
2020-01-10 09:38:56,N,AAPL,309.82,4.0,309.87,2.0,3.0,0.0,2020-01-10 09:38:56.087328,309.8,309.82,0
2020-01-10 09:38:57,N,AAPL,309.8,8.0,309.82,1.0,-32.0,-1.0,2020-01-10 09:38:57.068918,309.86,309.89,1
2020-01-10 09:38:58,N,AAPL,309.86,2.0,309.89,2.0,0.0,0.0,2020-01-10 09:38:58.100343,309.84,309.89,0
2020-01-10 09:38:59,N,AAPL,309.84,4.0,309.89,2.0,3.0,0.0,2020-01-10 09:38:59.069473,309.88,309.93,0
2020-01-10 09:39:00,N,AAPL,309.88,3.0,309.93,2.0,1.0,1.0,2020-01-10 09:39:00.020542,309.8,309.85,-1
2020-01-10 09:39:01,N,AAPL,309.8,7.0,309.85,4.0,6.0,-3.0,2020-01-10 09:39:01.004175,309.77,309.81,0
2020-01-10 09:39:02,N,AAPL,309.77,5.0,309.81,4.0,4.0,3.0,2020-01-10 09:39:02.151236,309.73,309.81,0
2020-01-10 09:39:03,N,AAPL,309.73,2.0,309.81,3.0,0.0,2.0,2020-01-10 09:39:03.366161,309.71,309.75,0
2020-01-10 09:39:04,N,AAPL,309.71,2.0,309.75,2.0,1.0,-1.0,2020-01-10 09:39:04.060564,309.71,309.75,0
2020-01-10 09:39:05,N,AAPL,309.71,2.0,309.75,4.0,-14.0,2.0,2020-01-10 09:39:05.927277,309.71,309.75,0
2020-01-10 09:39:06,N,AAPL,309.71,2.0,309.75,1.0,-5.0,0.0,2020-01-10 09:39:06.502522,309.75,309.8,0
2020-01-10 09:39:07,N,AAPL,309.75,2.0,309.8,2.0,0.0,-1.0,2020-01-10 09:39:07.430283,309.75,309.8,0
2020-01-10 09:39:08,N,AAPL,309.75,2.0,309.8,2.0,0.0,-1.0,2020-01-10 09:39:08.379350,309.74,309.79,0
2020-01-10 09:39:09,N,AAPL,309.74,2.0,309.79,2.0,0.0,0.0,2020-01-10 09:39:09.479698,309.74,309.76,0
2020-01-10 09:39:10,N,AAPL,309.74,1.0,309.76,1.0,0.0,-2.0,2020-01-10 09:39:10.027328,309.76,309.79,0
2020-01-10 09:39:11,N,AAPL,309.76,1.0,309.79,1.0,0.0,-1.0,2020-01-10 09:39:11.542573,309.77,309.8,0
2020-01-10 09:39:12,N,AAPL,309.77,2.0,309.8,2.0,1.0,1.0,2020-01-10 09:39:12.269906,309.92,309.97,1
2020-01-10 09:39:13,N,AAPL,309.92,1.0,309.97,1.0,-1.0,-1.0,2020-01-10 09:39:13.234419,309.91,309.95,0
2020-01-10 09:39:14,N,AAPL,309.91,1.0,309.95,1.0,-1.0,-1.0,2020-01-10 09:39:14.678667,309.84,309.89,-1
2020-01-10 09:39:15,N,AAPL,309.84,1.0,309.89,1.0,-1.0,-1.0,2020-01-10 09:39:15.353055,309.78,309.82,-1
2020-01-10 09:39:17,N,AAPL,309.78,1.0,309.82,2.0,0.0,0.0,2020-01-10 09:39:17.416689,309.84,309.88,1
2020-01-10 09:39:18,N,AAPL,309.84,1.0,309.88,4.0,-1.0,0.0,2020-01-10 09:39:18.389374,309.84,309.88,0
2020-01-10 09:39:19,N,AAPL,309.84,1.0,309.88,2.0,-1.0,0.0,2020-01-10 09:39:19.001763,309.79,309.84,0
2020-01-10 09:39:20,N,AAPL,309.79,2.0,309.84,2.0,1.0,0.0,2020-01-10 09:39:20.036314,309.78,309.84,0
2020-01-10 09:39:21,N,AAPL,309.78,4.0,309.84,4.0,3.0,-1.0,2020-01-10 09:39:21.015773,309.8,309.83,0
2020-01-10 09:39:22,N,AAPL,309.8,1.0,309.83,4.0,0.0,2.0,2020-01-10 09:39:22.220993,309.8,309.86,0
2020-01-10 09:39:23,N,AAPL,309.8,3.0,309.86,2.0,2.0,1.0,2020-01-10 09:39:23.003907,309.79,309.81,0
2020-01-10 09:39:24,N,AAPL,309.79,1.0,309.81,10.0,0.0,8.0,2020-01-10 09:39:24.393988,309.85,309.89,1
2020-01-10 09:39:25,N,AAPL,309.85,1.0,309.89,3.0,0.0,0.0,2020-01-10 09:39:25.000384,309.84,309.89,0
2020-01-10 09:39:26,N,AAPL,309.84,4.0,309.89,1.0,0.0,-1.0,2020-01-10 09:39:26.128322,309.88,309.91,0
2020-01-10 09:39:27,N,AAPL,309.88,3.0,309.91,2.0,-1.0,1.0,2020-01-10 09:39:27.376090,309.93,309.97,1
2020-01-10 09:39:28,N,AAPL,309.93,1.0,309.97,1.0,-1.0,-1.0,2020-01-10 09:39:28.077920,310.01,310.05,1
2020-01-10 09:39:29,N,AAPL,310.01,1.0,310.05,2.0,0.0,1.0,2020-01-10 09:39:29.028911,309.94,309.99,-1
2020-01-10 09:39:30,N,AAPL,309.94,2.0,309.99,3.0,0.0,1.0,2020-01-10 09:39:30.046084,309.92,310.0,0
2020-01-10 09:39:31,N,AAPL,309.92,2.0,310.0,2.0,0.0,1.0,2020-01-10 09:39:31.036581,309.98,310.03,0
2020-01-10 09:39:32,N,AAPL,309.98,2.0,310.03,4.0,0.0,2.0,2020-01-10 09:39:32.014134,309.95,309.99,0
2020-01-10 09:39:33,N,AAPL,309.95,6.0,309.99,5.0,0.0,4.0,2020-01-10 09:39:33.136693,309.96,309.99,0
2020-01-10 09:39:34,N,AAPL,309.96,11.0,309.99,1.0,9.0,0.0,2020-01-10 09:39:34.342097,309.99,310.03,0
2020-01-10 09:39:36,N,AAPL,309.99,2.0,310.03,2.0,1.0,1.0,2020-01-10 09:39:36.331780,310.02,310.07,0
2020-01-10 09:39:37,N,AAPL,310.02,2.0,310.07,2.0,0.0,0.0,2020-01-10 09:39:37.011635,310.1,310.14,1
2020-01-10 09:39:38,N,AAPL,310.1,1.0,310.14,4.0,0.0,3.0,2020-01-10 09:39:38.660758,310.21,310.25,1
2020-01-10 09:39:39,N,AAPL,310.21,1.0,310.25,1.0,-1.0,0.0,2020-01-10 09:39:39.027269,310.19,310.22,0
2020-01-10 09:39:40,N,AAPL,310.19,2.0,310.22,2.0,1.0,0.0,2020-01-10 09:39:40.264122,310.15,310.16,-1
2020-01-10 09:39:41,N,AAPL,310.15,5.0,310.16,1.0,4.0,0.0,2020-01-10 09:39:41.444437,310.1,310.15,0
2020-01-10 09:39:42,N,AAPL,310.1,2.0,310.15,2.0,1.0,0.0,2020-01-10 09:39:42.022198,310.1,310.15,0
2020-01-10 09:39:43,N,AAPL,310.1,2.0,310.15,1.0,1.0,-2.0,2020-01-10 09:39:43.055834,310.1,310.14,0
2020-01-10 09:39:44,N,AAPL,310.1,2.0,310.14,1.0,0.0,0.0,2020-01-10 09:39:44.397984,310.13,310.16,0
2020-01-10 09:39:45,N,AAPL,310.13,2.0,310.16,1.0,0.0,0.0,2020-01-10 09:39:45.010271,310.16,310.22,0
2020-01-10 09:39:46,N,AAPL,310.16,1.0,310.22,1.0,0.0,0.0,2020-01-10 09:39:46.011729,310.25,310.3,1
2020-01-10 09:39:47,N,AAPL,310.25,2.0,310.3,6.0,0.0,3.0,2020-01-10 09:39:47.074279,310.36,310.4,1
2020-01-10 09:39:48,N,AAPL,310.36,1.0,310.4,1.0,0.0,0.0,2020-01-10 09:39:48.113289,310.38,310.44,0
2020-01-10 09:39:49,N,AAPL,310.38,1.0,310.44,1.0,0.0,0.0,2020-01-10 09:39:49.083691,310.38,310.46,0
2020-01-10 09:39:50,N,AAPL,310.38,2.0,310.46,1.0,1.0,0.0,2020-01-10 09:39:50.020589,310.36,310.42,0
2020-01-10 09:39:51,N,AAPL,310.36,5.0,310.42,2.0,1.0,0.0,2020-01-10 09:39:51.322540,310.35,310.4,0
2020-01-10 09:39:52,N,AAPL,310.35,2.0,310.4,2.0,-3.0,0.0,2020-01-10 09:39:52.092380,310.23,310.28,-1
2020-01-10 09:39:53,N,AAPL,310.23,1.0,310.28,2.0,-1.0,0.0,2020-01-10 09:39:53.013389,310.24,310.3,0
2020-01-10 09:39:54,N,AAPL,310.24,3.0,310.3,2.0,1.0,1.0,2020-01-10 09:39:54.765286,310.24,310.28,0
2020-01-10 09:39:55,N,AAPL,310.24,3.0,310.28,1.0,0.0,-1.0,2020-01-10 09:39:55.079494,310.27,310.33,0
2020-01-10 09:39:56,N,AAPL,310.27,2.0,310.33,3.0,0.0,2.0,2020-01-10 09:39:56.243370,310.34,310.39,1
2020-01-10 09:39:57,N,AAPL,310.34,4.0,310.39,3.0,1.0,-1.0,2020-01-10 09:39:57.293933,310.34,310.41,0
2020-01-10 09:39:58,N,AAPL,310.34,1.0,310.41,6.0,0.0,4.0,2020-01-10 09:39:58.064910,310.29,310.37,0
2020-01-10 09:39:59,N,AAPL,310.29,3.0,310.37,1.0,2.0,-1.0,2020-01-10 09:39:59.041914,310.29,310.37,0
2020-01-10 09:40:00,N,AAPL,310.29,2.0,310.37,3.0,0.0,1.0,2020-01-10 09:40:00.000434,310.3,310.37,0
2020-01-10 09:40:01,N,AAPL,310.3,2.0,310.37,4.0,1.0,1.0,2020-01-10 09:40:01.071418,310.32,310.37,0
2020-01-10 09:40:02,N,AAPL,310.32,4.0,310.37,3.0,3.0,-1.0,2020-01-10 09:40:02.283877,310.24,310.28,-1
2020-01-10 09:40:03,N,AAPL,310.24,1.0,310.28,3.0,-2.0,1.0,2020-01-10 09:40:03.038136,310.11,310.16,-1
2020-01-10 09:40:04,N,AAPL,310.11,4.0,310.16,1.0,3.0,-2.0,2020-01-10 09:40:04.496023,310.12,310.15,0
2020-01-10 09:40:06,N,AAPL,310.12,1.0,310.15,2.0,0.0,1.0,2020-01-10 09:40:06.556790,310.13,310.17,0
2020-01-10 09:40:07,N,AAPL,310.13,1.0,310.17,2.0,0.0,-2.0,2020-01-10 09:40:07.107927,310.13,310.17,0
2020-01-10 09:40:08,N,AAPL,310.13,1.0,310.17,1.0,-1.0,-1.0,2020-01-10 09:40:08.204146,310.07,310.12,-1
2020-01-10 09:40:09,N,AAPL,310.07,2.0,310.12,4.0,1.0,1.0,2020-01-10 09:40:09.424416,310.08,310.11,0
2020-01-10 09:40:10,N,AAPL,310.08,1.0,310.11,2.0,0.0,0.0,2020-01-10 09:40:10.235856,310.1,310.14,0
2020-01-10 09:40:11,N,AAPL,310.1,2.0,310.14,2.0,1.0,0.0,2020-01-10 09:40:11.208724,310.17,310.22,1
2020-01-10 09:40:12,N,AAPL,310.17,4.0,310.22,1.0,3.0,-1.0,2020-01-10 09:40:12.094439,310.22,310.27,0
2020-01-10 09:40:13,N,AAPL,310.22,1.0,310.27,2.0,0.0,-3.0,2020-01-10 09:40:13.021193,310.18,310.24,0
2020-01-10 09:40:14,N,AAPL,310.18,1.0,310.24,2.0,0.0,1.0,2020-01-10 09:40:14.034490,310.22,310.26,0
2020-01-10 09:40:15,N,AAPL,310.22,1.0,310.26,1.0,-1.0,0.0,2020-01-10 09:40:15.010623,310.2,310.25,0
2020-01-10 09:40:16,N,AAPL,310.2,2.0,310.25,2.0,1.0,1.0,2020-01-10 09:40:16.207758,310.21,310.27,0
2020-01-10 09:40:17,N,AAPL,310.21,3.0,310.27,1.0,1.0,-1.0,2020-01-10 09:40:17.060921,310.24,310.29,0
2020-01-10 09:40:18,N,AAPL,310.24,1.0,310.29,2.0,-1.0,0.0,2020-01-10 09:40:18.099117,310.25,310.28,0
2020-01-10 09:40:19,N,AAPL,310.25,2.0,310.28,1.0,0.0,-2.0,2020-01-10 09:40:19.611126,310.29,310.31,1
2020-01-10 09:40:20,N,AAPL,310.29,1.0,310.31,4.0,0.0,2.0,2020-01-10 09:40:20.750823,310.25,310.28,-1
2020-01-10 09:40:21,N,AAPL,310.25,1.0,310.28,1.0,-1.0,-4.0,2020-01-10 09:40:21.017836,310.3,310.33,1
2020-01-10 09:40:22,N,AAPL,310.3,1.0,310.33,1.0,-3.0,-4.0,2020-01-10 09:40:22.954115,310.3,310.36,0
2020-01-10 09:40:23,N,AAPL,310.3,1.0,310.36,11.0,0.0,9.0,2020-01-10 09:40:23.268033,310.34,310.39,0
2020-01-10 09:40:24,N,AAPL,310.34,2.0,310.39,1.0,1.0,-1.0,2020-01-10 09:40:24.000600,310.37,310.4,0
2020-01-10 09:40:25,N,AAPL,310.37,1.0,310.4,1.0,0.0,-1.0,2020-01-10 09:40:25.786333,310.39,310.41,0
2020-01-10 09:40:26,N,AAPL,310.39,2.0,310.41,1.0,0.0,0.0,2020-01-10 09:40:26.031391,310.44,310.48,1
2020-01-10 09:40:27,N,AAPL,310.44,2.0,310.48,6.0,-3.0,0.0,2020-01-10 09:40:27.035789,310.46,310.49,0
2020-01-10 09:40:28,N,AAPL,310.46,2.0,310.49,1.0,0.0,-6.0,2020-01-10 09:40:28.065839,310.56,310.59,1
2020-01-10 09:40:29,N,AAPL,310.56,2.0,310.59,2.0,0.0,0.0,2020-01-10 09:40:29.246138,310.53,310.55,-1
2020-01-10 09:40:31,N,AAPL,310.53,2.0,310.55,3.0,1.0,2.0,2020-01-10 09:40:31.409176,310.45,310.5,-1
2020-01-10 09:40:32,N,AAPL,310.45,2.0,310.5,2.0,0.0,0.0,2020-01-10 09:40:32.252418,310.54,310.59,1
2020-01-10 09:40:33,N,AAPL,310.54,2.0,310.59,1.0,1.0,0.0,2020-01-10 09:40:33.648338,310.6,310.64,1
2020-01-10 09:40:34,N,AAPL,310.6,2.0,310.64,2.0,1.0,-1.0,2020-01-10 09:40:34.000747,310.54,310.57,-1
2020-01-10 09:40:35,N,AAPL,310.54,1.0,310.57,1.0,-1.0,-3.0,2020-01-10 09:40:35.242757,310.55,310.61,0
2020-01-10 09:40:36,N,AAPL,310.55,5.0,310.61,3.0,4.0,1.0,2020-01-10 09:40:36.084034,310.59,310.65,0
2020-01-10 09:40:37,N,AAPL,310.59,3.0,310.65,15.0,1.0,0.0,2020-01-10 09:40:37.029197,310.6,310.65,0
2020-01-10 09:40:38,N,AAPL,310.6,2.0,310.65,15.0,1.0,0.0,2020-01-10 09:40:38.002316,310.62,310.66,0
2020-01-10 09:40:39,N,AAPL,310.62,6.0,310.66,4.0,0.0,-11.0,2020-01-10 09:40:39.586648,310.58,310.64,0
2020-01-10 09:40:40,N,AAPL,310.58,4.0,310.64,2.0,0.0,0.0,2020-01-10 09:40:40.002780,310.61,310.66,0
2020-01-10 09:40:41,N,AAPL,310.61,2.0,310.66,2.0,1.0,0.0,2020-01-10 09:40:41.457616,310.63,310.69,0
2020-01-10 09:40:42,N,AAPL,310.63,2.0,310.69,14.0,0.0,12.0,2020-01-10 09:40:42.195710,310.62,310.66,0
2020-01-10 09:40:43,N,AAPL,310.62,1.0,310.66,10.0,0.0,0.0,2020-01-10 09:40:43.220465,310.66,310.68,0
2020-01-10 09:40:44,N,AAPL,310.66,4.0,310.68,6.0,3.0,1.0,2020-01-10 09:40:44.266545,310.64,310.67,0
2020-01-10 09:40:45,N,AAPL,310.64,2.0,310.67,2.0,1.0,0.0,2020-01-10 09:40:45.284338,310.69,310.7,1
2020-01-10 09:40:46,N,AAPL,310.69,4.0,310.7,1.0,0.0,0.0,2020-01-10 09:40:46.240215,310.71,310.74,1
2020-01-10 09:40:47,N,AAPL,310.71,4.0,310.74,2.0,0.0,1.0,2020-01-10 09:40:47.064802,310.71,310.77,0
2020-01-10 09:40:48,N,AAPL,310.71,2.0,310.77,2.0,0.0,0.0,2020-01-10 09:40:48.304798,310.72,310.76,0
2020-01-10 09:40:49,N,AAPL,310.72,1.0,310.76,2.0,-1.0,-2.0,2020-01-10 09:40:49.362346,310.71,310.76,0
2020-01-10 09:40:50,N,AAPL,310.71,3.0,310.76,4.0,2.0,2.0,2020-01-10 09:40:50.347330,310.72,310.76,0
2020-01-10 09:40:51,N,AAPL,310.72,2.0,310.76,2.0,1.0,1.0,2020-01-10 09:40:51.256481,310.72,310.76,0
2020-01-10 09:40:52,N,AAPL,310.72,2.0,310.76,1.0,0.0,-1.0,2020-01-10 09:40:52.684238,310.74,310.78,0
2020-01-10 09:40:53,N,AAPL,310.74,2.0,310.78,5.0,0.0,4.0,2020-01-10 09:40:53.324499,310.72,310.77,0
2020-01-10 09:40:54,N,AAPL,310.72,2.0,310.77,2.0,0.0,1.0,2020-01-10 09:40:54.151173,310.78,310.8,1
2020-01-10 09:40:56,N,AAPL,310.78,2.0,310.8,1.0,0.0,-4.0,2020-01-10 09:40:56.700505,310.78,310.82,0
2020-01-10 09:40:57,N,AAPL,310.78,2.0,310.82,2.0,0.0,1.0,2020-01-10 09:40:57.589353,310.74,310.79,0
2020-01-10 09:40:58,N,AAPL,310.74,4.0,310.79,1.0,2.0,0.0,2020-01-10 09:40:58.253089,310.76,310.81,0
2020-01-10 09:40:59,N,AAPL,310.76,2.0,310.81,2.0,-3.0,0.0,2020-01-10 09:40:59.108049,310.82,310.85,1
2020-01-10 09:41:00,N,AAPL,310.82,3.0,310.85,4.0,1.0,2.0,2020-01-10 09:41:00.217414,310.76,310.8,-1
2020-01-10 09:41:01,N,AAPL,310.76,4.0,310.8,2.0,-1.0,-2.0,2020-01-10 09:41:01.033156,310.76,310.79,0
2020-01-10 09:41:02,N,AAPL,310.76,4.0,310.79,2.0,3.0,0.0,2020-01-10 09:41:02.535872,310.74,310.75,-1
2020-01-10 09:41:03,N,AAPL,310.74,1.0,310.75,2.0,-1.0,0.0,2020-01-10 09:41:03.192827,310.66,310.7,-1
2020-01-10 09:41:04,N,AAPL,310.66,2.0,310.7,1.0,-2.0,-3.0,2020-01-10 09:41:04.438488,310.56,310.59,-1
2020-01-10 09:41:05,N,AAPL,310.56,2.0,310.59,1.0,-2.0,0.0,2020-01-10 09:41:05.766826,310.58,310.62,0
2020-01-10 09:41:06,N,AAPL,310.58,2.0,310.62,2.0,0.0,1.0,2020-01-10 09:41:06.526837,310.57,310.61,0
2020-01-10 09:41:07,N,AAPL,310.57,2.0,310.61,2.0,-2.0,1.0,2020-01-10 09:41:07.043726,310.58,310.61,0
2020-01-10 09:41:08,N,AAPL,310.58,1.0,310.61,4.0,-1.0,2.0,2020-01-10 09:41:08.017402,310.53,310.54,-1
2020-01-10 09:41:09,N,AAPL,310.53,4.0,310.54,1.0,-2.0,-2.0,2020-01-10 09:41:09.822155,310.54,310.54,0
2020-01-10 09:41:10,N,AAPL,310.54,4.0,310.54,1.0,2.0,0.0,2020-01-10 09:41:10.320537,310.43,310.47,-1
2020-01-10 09:41:11,N,AAPL,310.43,3.0,310.47,2.0,1.0,0.0,2020-01-10 09:41:11.073010,310.4,310.43,0
2020-01-10 09:41:12,N,AAPL,310.4,3.0,310.43,1.0,1.0,0.0,2020-01-10 09:41:12.228657,310.47,310.52,1
2020-01-10 09:41:13,N,AAPL,310.47,3.0,310.52,4.0,1.0,3.0,2020-01-10 09:41:13.486485,310.51,310.54,0
2020-01-10 09:41:14,N,AAPL,310.51,2.0,310.54,2.0,-1.0,1.0,2020-01-10 09:41:14.603539,310.5,310.53,0
2020-01-10 09:41:15,N,AAPL,310.5,1.0,310.53,4.0,-1.0,3.0,2020-01-10 09:41:15.256427,310.5,310.53,0
2020-01-10 09:41:16,N,AAPL,310.5,1.0,310.53,1.0,0.0,-4.0,2020-01-10 09:41:16.065932,310.5,310.53,0
2020-01-10 09:41:19,N,AAPL,310.5,3.0,310.53,1.0,2.0,0.0,2020-01-10 09:41:19.262842,310.48,310.52,0
2020-01-10 09:41:20,N,AAPL,310.48,2.0,310.52,4.0,1.0,3.0,2020-01-10 09:41:20.274459,310.35,310.4,-1
2020-01-10 09:41:21,N,AAPL,310.35,3.0,310.4,2.0,2.0,1.0,2020-01-10 09:41:21.216637,310.35,310.38,0
2020-01-10 09:41:22,N,AAPL,310.35,2.0,310.38,2.0,-1.0,1.0,2020-01-10 09:41:22.089526,310.38,310.42,0
2020-01-10 09:41:24,N,AAPL,310.38,3.0,310.42,1.0,2.0,-1.0,2020-01-10 09:41:24.911854,310.4,310.45,0
2020-01-10 09:41:25,N,AAPL,310.4,4.0,310.45,1.0,0.0,0.0,2020-01-10 09:41:25.124166,310.4,310.45,0
2020-01-10 09:41:26,N,AAPL,310.4,2.0,310.45,1.0,0.0,0.0,2020-01-10 09:41:26.073810,310.38,310.41,0
2020-01-10 09:41:27,N,AAPL,310.38,4.0,310.41,1.0,3.0,0.0,2020-01-10 09:41:27.029343,310.4,310.44,0
2020-01-10 09:41:28,N,AAPL,310.4,2.0,310.44,4.0,0.0,3.0,2020-01-10 09:41:28.170297,310.38,310.43,0
2020-01-10 09:41:30,N,AAPL,310.38,2.0,310.43,5.0,0.0,3.0,2020-01-10 09:41:30.021391,310.39,310.42,0
2020-01-10 09:41:32,N,AAPL,310.39,3.0,310.42,5.0,1.0,0.0,2020-01-10 09:41:32.833117,310.38,310.42,0
2020-01-10 09:41:34,N,AAPL,310.38,2.0,310.42,4.0,1.0,-1.0,2020-01-10 09:41:34.210897,310.34,310.37,-1
2020-01-10 09:41:35,N,AAPL,310.34,1.0,310.37,4.0,0.0,3.0,2020-01-10 09:41:35.327305,310.3,310.33,-1
2020-01-10 09:41:36,N,AAPL,310.3,3.0,310.33,1.0,2.0,-4.0,2020-01-10 09:41:36.113140,310.31,310.35,0
2020-01-10 09:41:37,N,AAPL,310.31,3.0,310.35,2.0,1.0,1.0,2020-01-10 09:41:37.012302,310.3,310.34,0
2020-01-10 09:41:38,N,AAPL,310.3,3.0,310.34,2.0,-3.0,1.0,2020-01-10 09:41:38.045118,310.31,310.34,0
2020-01-10 09:41:39,N,AAPL,310.31,1.0,310.34,1.0,-2.0,-3.0,2020-01-10 09:41:39.352579,310.28,310.31,0
2020-01-10 09:41:40,N,AAPL,310.28,2.0,310.31,3.0,-1.0,-4.0,2020-01-10 09:41:40.565906,310.23,310.27,-1
2020-01-10 09:41:42,N,AAPL,310.23,1.0,310.27,3.0,-1.0,0.0,2020-01-10 09:41:42.164481,310.23,310.27,0
2020-01-10 09:41:44,N,AAPL,310.23,2.0,310.27,3.0,1.0,0.0,2020-01-10 09:41:44.534306,310.23,310.27,0
2020-01-10 09:41:45,N,AAPL,310.23,1.0,310.27,1.0,0.0,-2.0,2020-01-10 09:41:45.010963,310.25,310.27,0
2020-01-10 09:41:46,N,AAPL,310.25,4.0,310.27,1.0,-1.0,-2.0,2020-01-10 09:41:46.790498,310.21,310.25,0
2020-01-10 09:41:47,N,AAPL,310.21,4.0,310.25,4.0,-1.0,3.0,2020-01-10 09:41:47.206850,310.24,310.25,0
2020-01-10 09:41:51,N,AAPL,310.24,1.0,310.25,4.0,0.0,0.0,2020-01-10 09:41:51.186177,310.27,310.29,1
2020-01-10 09:41:52,N,AAPL,310.27,4.0,310.29,2.0,0.0,-1.0,2020-01-10 09:41:52.980980,310.29,310.33,0
2020-01-10 09:41:53,N,AAPL,310.29,3.0,310.33,3.0,-1.0,1.0,2020-01-10 09:41:53.010204,310.34,310.37,1
2020-01-10 09:41:54,N,AAPL,310.34,1.0,310.37,1.0,-2.0,-1.0,2020-01-10 09:41:54.247818,310.29,310.33,-1
2020-01-10 09:41:55,N,AAPL,310.29,1.0,310.33,1.0,-2.0,-1.0,2020-01-10 09:41:55.028792,310.37,310.41,1
2020-01-10 09:41:56,N,AAPL,310.37,1.0,310.41,2.0,-1.0,1.0,2020-01-10 09:41:56.900992,310.39,310.45,0
2020-01-10 09:41:57,N,AAPL,310.39,2.0,310.45,3.0,0.0,-1.0,2020-01-10 09:41:57.150749,310.44,310.48,0
2020-01-10 09:41:58,N,AAPL,310.44,1.0,310.48,3.0,-1.0,1.0,2020-01-10 09:41:58.168201,310.48,310.51,0
2020-01-10 09:41:59,N,AAPL,310.48,2.0,310.51,2.0,1.0,-1.0,2020-01-10 09:41:59.627694,310.51,310.56,0
2020-01-10 09:42:00,N,AAPL,310.51,1.0,310.56,3.0,-1.0,0.0,2020-01-10 09:42:00.100229,310.56,310.6,0
2020-01-10 09:42:01,N,AAPL,310.56,1.0,310.6,2.0,-2.0,0.0,2020-01-10 09:42:01.034821,310.58,310.61,0
2020-01-10 09:42:03,N,AAPL,310.58,2.0,310.61,4.0,1.0,1.0,2020-01-10 09:42:03.363282,310.58,310.61,0
2020-01-10 09:42:04,N,AAPL,310.58,3.0,310.61,1.0,1.0,-1.0,2020-01-10 09:42:04.126473,310.59,310.6,0
2020-01-10 09:42:05,N,AAPL,310.59,1.0,310.6,4.0,0.0,3.0,2020-01-10 09:42:05.172298,310.54,310.57,-1
2020-01-10 09:42:06,N,AAPL,310.54,1.0,310.57,4.0,-1.0,2.0,2020-01-10 09:42:06.142089,310.52,310.56,0
2020-01-10 09:42:07,N,AAPL,310.52,3.0,310.56,1.0,1.0,0.0,2020-01-10 09:42:07.290490,310.51,310.56,0
2020-01-10 09:42:08,N,AAPL,310.51,4.0,310.56,2.0,1.0,1.0,2020-01-10 09:42:08.529618,310.5,310.52,0
2020-01-10 09:42:10,N,AAPL,310.5,4.0,310.52,4.0,0.0,3.0,2020-01-10 09:42:10.649957,310.5,310.55,0
2020-01-10 09:42:11,N,AAPL,310.5,6.0,310.55,4.0,2.0,2.0,2020-01-10 09:42:11.711707,310.42,310.45,-1
2020-01-10 09:42:12,N,AAPL,310.42,2.0,310.45,3.0,0.0,1.0,2020-01-10 09:42:12.300933,310.36,310.4,-1
2020-01-10 09:42:13,N,AAPL,310.36,1.0,310.4,4.0,0.0,1.0,2020-01-10 09:42:13.204079,310.35,310.39,0
2020-01-10 09:42:14,N,AAPL,310.35,6.0,310.39,2.0,3.0,1.0,2020-01-10 09:42:14.105812,310.35,310.38,0
2020-01-10 09:42:15,N,AAPL,310.35,5.0,310.38,4.0,-1.0,2.0,2020-01-10 09:42:15.072153,310.38,310.4,0
2020-01-10 09:42:16,N,AAPL,310.38,2.0,310.4,2.0,-3.0,1.0,2020-01-10 09:42:16.301717,310.38,310.39,0
2020-01-10 09:42:18,N,AAPL,310.38,2.0,310.39,4.0,0.0,2.0,2020-01-10 09:42:18.591316,310.36,310.39,0
2020-01-10 09:42:19,N,AAPL,310.36,3.0,310.39,1.0,1.0,0.0,2020-01-10 09:42:19.280552,310.36,310.4,0
2020-01-10 09:42:20,N,AAPL,310.36,3.0,310.4,4.0,0.0,3.0,2020-01-10 09:42:20.027388,310.34,310.36,0
2020-01-10 09:42:21,N,AAPL,310.34,16.0,310.36,4.0,5.0,3.0,2020-01-10 09:42:21.227701,310.3,310.32,-1
2020-01-10 09:42:22,N,AAPL,310.3,1.0,310.32,4.0,-1.0,3.0,2020-01-10 09:42:22.402728,310.3,310.35,0
2020-01-10 09:42:23,N,AAPL,310.3,2.0,310.35,3.0,1.0,-2.0,2020-01-10 09:42:23.589542,310.32,310.38,0
2020-01-10 09:42:24,N,AAPL,310.32,3.0,310.38,1.0,1.0,0.0,2020-01-10 09:42:24.376245,310.3,310.33,0
2020-01-10 09:42:25,N,AAPL,310.3,1.0,310.33,4.0,0.0,3.0,2020-01-10 09:42:25.024644,310.3,310.33,0
2020-01-10 09:42:27,N,AAPL,310.3,1.0,310.33,2.0,0.0,1.0,2020-01-10 09:42:27.837927,310.3,310.34,0
2020-01-10 09:42:28,N,AAPL,310.3,1.0,310.34,2.0,0.0,1.0,2020-01-10 09:42:28.182615,310.27,310.31,0
2020-01-10 09:42:29,N,AAPL,310.27,2.0,310.31,3.0,1.0,1.0,2020-01-10 09:42:29.038176,310.24,310.26,-1
2020-01-10 09:42:30,N,AAPL,310.24,1.0,310.26,1.0,-4.0,-2.0,2020-01-10 09:42:30.141667,310.22,310.27,0
2020-01-10 09:42:31,N,AAPL,310.22,2.0,310.27,2.0,0.0,0.0,2020-01-10 09:42:31.380557,310.24,310.29,0
2020-01-10 09:42:32,N,AAPL,310.24,2.0,310.29,1.0,1.0,0.0,2020-01-10 09:42:32.117247,310.21,310.24,0
2020-01-10 09:42:33,N,AAPL,310.21,4.0,310.24,5.0,2.0,1.0,2020-01-10 09:42:33.707320,310.22,310.25,0
2020-01-10 09:42:34,N,AAPL,310.22,1.0,310.25,2.0,-3.0,-1.0,2020-01-10 09:42:34.232570,310.26,310.3,1
2020-01-10 09:42:35,N,AAPL,310.26,4.0,310.3,2.0,0.0,1.0,2020-01-10 09:42:35.896564,310.25,310.29,0
2020-01-10 09:42:36,N,AAPL,310.25,2.0,310.29,5.0,-3.0,3.0,2020-01-10 09:42:36.063549,310.32,310.36,1
2020-01-10 09:42:37,N,AAPL,310.32,2.0,310.36,1.0,0.0,-1.0,2020-01-10 09:42:37.061940,310.32,310.35,0
2020-01-10 09:42:38,N,AAPL,310.32,2.0,310.35,3.0,0.0,2.0,2020-01-10 09:42:38.349251,310.37,310.41,1
2020-01-10 09:42:39,N,AAPL,310.37,2.0,310.41,2.0,0.0,1.0,2020-01-10 09:42:39.949452,310.38,310.42,0
2020-01-10 09:42:41,N,AAPL,310.38,2.0,310.42,2.0,0.0,0.0,2020-01-10 09:42:41.081953,310.4,310.45,0
2020-01-10 09:42:42,N,AAPL,310.4,2.0,310.45,2.0,-2.0,1.0,2020-01-10 09:42:42.265492,310.41,310.43,0
2020-01-10 09:42:43,N,AAPL,310.41,4.0,310.43,1.0,0.0,-2.0,2020-01-10 09:42:43.430722,310.43,310.47,0
2020-01-10 09:42:44,N,AAPL,310.43,2.0,310.47,5.0,0.0,0.0,2020-01-10 09:42:44.240254,310.45,310.49,0
2020-01-10 09:42:46,N,AAPL,310.45,2.0,310.49,3.0,1.0,0.0,2020-01-10 09:42:46.773472,310.45,310.48,0
2020-01-10 09:42:48,N,AAPL,310.45,2.0,310.48,1.0,0.0,-1.0,2020-01-10 09:42:48.050548,310.49,310.51,1
2020-01-10 09:42:49,N,AAPL,310.49,1.0,310.51,2.0,-1.0,1.0,2020-01-10 09:42:49.409089,310.49,310.53,0
2020-01-10 09:42:50,N,AAPL,310.49,1.0,310.53,3.0,-2.0,1.0,2020-01-10 09:42:50.049393,310.51,310.55,0
2020-01-10 09:42:51,N,AAPL,310.51,1.0,310.55,2.0,0.0,-5.0,2020-01-10 09:42:51.428348,310.51,310.55,0
2020-01-10 09:42:52,N,AAPL,310.51,1.0,310.55,5.0,-1.0,3.0,2020-01-10 09:42:52.066820,310.55,310.58,0
2020-01-10 09:42:54,N,AAPL,310.55,2.0,310.58,1.0,1.0,-2.0,2020-01-10 09:42:54.130595,310.51,310.54,-1
2020-01-10 09:42:56,N,AAPL,310.51,1.0,310.54,1.0,-1.0,0.0,2020-01-10 09:42:56.414789,310.5,310.54,0
2020-01-10 09:42:57,N,AAPL,310.5,3.0,310.54,2.0,2.0,-1.0,2020-01-10 09:42:57.004905,310.5,310.52,0
2020-01-10 09:42:58,N,AAPL,310.5,1.0,310.52,4.0,-2.0,2.0,2020-01-10 09:42:58.956141,310.46,310.49,-1
2020-01-10 09:42:59,N,AAPL,310.46,1.0,310.49,1.0,-3.0,0.0,2020-01-10 09:42:59.035110,310.42,310.45,-1
2020-01-10 09:43:00,N,AAPL,310.42,10.0,310.45,4.0,9.0,3.0,2020-01-10 09:43:00.805185,310.4,310.42,0
2020-01-10 09:43:01,N,AAPL,310.4,2.0,310.42,2.0,-8.0,-2.0,2020-01-10 09:43:01.178817,310.42,310.45,0
2020-01-10 09:43:02,N,AAPL,310.42,1.0,310.45,1.0,0.0,0.0,2020-01-10 09:43:02.046978,310.46,310.5,1
2020-01-10 09:43:03,N,AAPL,310.46,3.0,310.5,5.0,2.0,3.0,2020-01-10 09:43:03.444818,310.47,310.51,0
2020-01-10 09:43:04,N,AAPL,310.47,2.0,310.51,4.0,0.0,2.0,2020-01-10 09:43:04.286514,310.51,310.54,0
2020-01-10 09:43:07,N,AAPL,310.51,5.0,310.54,7.0,3.0,5.0,2020-01-10 09:43:07.070768,310.58,310.6,1
2020-01-10 09:43:08,N,AAPL,310.58,1.0,310.6,7.0,-1.0,6.0,2020-01-10 09:43:08.080489,310.67,310.71,1
2020-01-10 09:43:09,N,AAPL,310.67,1.0,310.71,2.0,0.0,0.0,2020-01-10 09:43:09.222244,310.71,310.75,0
2020-01-10 09:43:10,N,AAPL,310.71,3.0,310.75,14.0,0.0,11.0,2020-01-10 09:43:10.368612,310.79,310.84,1
2020-01-10 09:43:11,N,AAPL,310.79,3.0,310.84,1.0,0.0,-4.0,2020-01-10 09:43:11.052972,310.85,310.86,1
2020-01-10 09:43:12,N,AAPL,310.85,4.0,310.86,1.0,0.0,-1.0,2020-01-10 09:43:12.427964,310.85,310.9,0
2020-01-10 09:43:13,N,AAPL,310.85,5.0,310.9,3.0,1.0,0.0,2020-01-10 09:43:13.009551,310.87,310.9,0
2020-01-10 09:43:14,N,AAPL,310.87,2.0,310.9,1.0,1.0,-2.0,2020-01-10 09:43:14.350512,310.78,310.81,-1
2020-01-10 09:43:15,N,AAPL,310.78,1.0,310.81,1.0,-1.0,0.0,2020-01-10 09:43:15.008263,310.74,310.77,-1
2020-01-10 09:43:16,N,AAPL,310.74,2.0,310.77,2.0,0.0,1.0,2020-01-10 09:43:16.080057,310.74,310.78,0
2020-01-10 09:43:17,N,AAPL,310.74,2.0,310.78,1.0,1.0,-1.0,2020-01-10 09:43:17.361404,310.71,310.75,0
2020-01-10 09:43:18,N,AAPL,310.71,6.0,310.75,2.0,4.0,1.0,2020-01-10 09:43:18.008041,310.72,310.76,0
2020-01-10 09:43:20,N,AAPL,310.72,2.0,310.76,1.0,1.0,-2.0,2020-01-10 09:43:20.039254,310.76,310.8,0
2020-01-10 09:43:21,N,AAPL,310.76,1.0,310.8,2.0,-2.0,1.0,2020-01-10 09:43:21.116885,310.79,310.81,0
2020-01-10 09:43:22,N,AAPL,310.79,4.0,310.81,21.0,3.0,20.0,2020-01-10 09:43:22.852032,310.8,310.84,0
2020-01-10 09:43:23,N,AAPL,310.8,4.0,310.84,1.0,1.0,-14.0,2020-01-10 09:43:23.733501,310.77,310.81,0
2020-01-10 09:43:24,N,AAPL,310.77,4.0,310.81,17.0,-1.0,16.0,2020-01-10 09:43:24.126809,310.77,310.79,0
2020-01-10 09:43:25,N,AAPL,310.77,2.0,310.79,4.0,0.0,-11.0,2020-01-10 09:43:25.334943,310.76,310.78,0
2020-01-10 09:43:26,N,AAPL,310.76,1.0,310.78,3.0,-2.0,-12.0,2020-01-10 09:43:26.921062,310.74,310.79,0
2020-01-10 09:43:27,N,AAPL,310.74,3.0,310.79,1.0,0.0,-1.0,2020-01-10 09:43:27.023057,310.72,310.76,0
2020-01-10 09:43:28,N,AAPL,310.72,1.0,310.76,3.0,0.0,0.0,2020-01-10 09:43:28.505963,310.73,310.76,0
2020-01-10 09:43:29,N,AAPL,310.73,1.0,310.76,2.0,0.0,-1.0,2020-01-10 09:43:29.118647,310.68,310.73,0
2020-01-10 09:43:30,N,AAPL,310.68,2.0,310.73,1.0,1.0,0.0,2020-01-10 09:43:30.022960,310.68,310.71,0
2020-01-10 09:43:31,N,AAPL,310.68,1.0,310.71,2.0,-4.0,1.0,2020-01-10 09:43:31.105929,310.66,310.7,0
2020-01-10 09:43:32,N,AAPL,310.66,4.0,310.7,3.0,2.0,-2.0,2020-01-10 09:43:32.224598,310.75,310.79,1
2020-01-10 09:43:33,N,AAPL,310.75,3.0,310.79,2.0,1.0,-1.0,2020-01-10 09:43:33.522449,310.78,310.8,0
2020-01-10 09:43:34,N,AAPL,310.78,1.0,310.8,2.0,-1.0,0.0,2020-01-10 09:43:34.923992,310.78,310.81,0
2020-01-10 09:43:35,N,AAPL,310.78,1.0,310.81,14.0,0.0,0.0,2020-01-10 09:43:35.006568,310.79,310.83,0
2020-01-10 09:43:36,N,AAPL,310.79,3.0,310.83,1.0,1.0,0.0,2020-01-10 09:43:36.424362,310.83,310.88,0
2020-01-10 09:43:37,N,AAPL,310.83,3.0,310.88,2.0,0.0,0.0,2020-01-10 09:43:37.098512,310.87,310.91,0
2020-01-10 09:43:38,N,AAPL,310.87,4.0,310.91,6.0,3.0,1.0,2020-01-10 09:43:38.065878,310.96,310.99,1
2020-01-10 09:43:39,N,AAPL,310.96,2.0,310.99,2.0,-2.0,1.0,2020-01-10 09:43:39.194430,310.97,310.99,0
2020-01-10 09:43:40,N,AAPL,310.97,1.0,310.99,4.0,0.0,0.0,2020-01-10 09:43:40.060717,311.0,311.02,1
2020-01-10 09:43:41,N,AAPL,311.0,2.0,311.02,2.0,1.0,1.0,2020-01-10 09:43:41.157018,311.06,311.09,1
2020-01-10 09:43:42,N,AAPL,311.06,1.0,311.09,2.0,-2.0,1.0,2020-01-10 09:43:42.370871,311.05,311.08,0
2020-01-10 09:43:43,N,AAPL,311.05,1.0,311.08,1.0,-1.0,0.0,2020-01-10 09:43:43.013662,311.08,311.1,0
2020-01-10 09:43:45,N,AAPL,311.08,3.0,311.1,1.0,1.0,-2.0,2020-01-10 09:43:45.757449,311.05,311.08,0
2020-01-10 09:43:50,N,AAPL,311.05,2.0,311.08,3.0,-1.0,2.0,2020-01-10 09:43:50.193874,310.99,311.0,-1
2020-01-10 09:43:51,N,AAPL,310.99,2.0,311.0,2.0,0.0,-1.0,2020-01-10 09:43:51.277530,310.94,310.99,0
2020-01-10 09:43:52,N,AAPL,310.94,5.0,310.99,1.0,4.0,0.0,2020-01-10 09:43:52.347250,310.93,310.98,0
2020-01-10 09:43:53,N,AAPL,310.93,1.0,310.98,3.0,-2.0,1.0,2020-01-10 09:43:53.214597,311.0,311.02,1
2020-01-10 09:43:54,N,AAPL,311.0,2.0,311.02,1.0,-2.0,0.0,2020-01-10 09:43:54.241564,310.96,310.99,-1
2020-01-10 09:43:55,N,AAPL,310.96,2.0,310.99,2.0,-1.0,1.0,2020-01-10 09:43:55.040245,310.95,310.99,0
2020-01-10 09:43:58,N,AAPL,310.95,2.0,310.99,1.0,0.0,-3.0,2020-01-10 09:43:58.536485,310.94,310.99,0
2020-01-10 09:43:59,N,AAPL,310.94,2.0,310.99,3.0,1.0,0.0,2020-01-10 09:43:59.330902,310.94,310.96,0
2020-01-10 09:44:01,N,AAPL,310.94,1.0,310.96,2.0,0.0,-1.0,2020-01-10 09:44:01.449900,310.91,310.96,0
2020-01-10 09:44:02,N,AAPL,310.91,2.0,310.96,3.0,-3.0,0.0,2020-01-10 09:44:02.001642,310.95,310.98,0
2020-01-10 09:44:03,N,AAPL,310.95,3.0,310.98,2.0,2.0,0.0,2020-01-10 09:44:03.206317,310.99,311.0,1
2020-01-10 09:44:04,N,AAPL,310.99,4.0,311.0,2.0,1.0,-2.0,2020-01-10 09:44:04.797163,311.07,311.1,1
2020-01-10 09:44:05,N,AAPL,311.07,2.0,311.1,2.0,1.0,0.0,2020-01-10 09:44:05.024657,311.11,311.14,1
2020-01-10 09:44:06,N,AAPL,311.11,2.0,311.14,1.0,1.0,-1.0,2020-01-10 09:44:06.035614,311.12,311.15,0
2020-01-10 09:44:07,N,AAPL,311.12,1.0,311.15,1.0,0.0,0.0,2020-01-10 09:44:07.243363,311.14,311.18,0
2020-01-10 09:44:08,N,AAPL,311.14,1.0,311.18,2.0,-2.0,1.0,2020-01-10 09:44:08.045134,311.15,311.19,0
2020-01-10 09:44:09,N,AAPL,311.15,3.0,311.19,14.0,1.0,10.0,2020-01-10 09:44:09.457195,311.13,311.15,0
2020-01-10 09:44:10,N,AAPL,311.13,2.0,311.15,1.0,-1.0,-4.0,2020-01-10 09:44:10.882881,311.1,311.13,0
2020-01-10 09:44:11,N,AAPL,311.1,2.0,311.13,4.0,0.0,3.0,2020-01-10 09:44:11.006026,311.03,311.07,-1
2020-01-10 09:44:12,N,AAPL,311.03,2.0,311.07,2.0,1.0,0.0,2020-01-10 09:44:12.361661,311.03,311.08,0
2020-01-10 09:44:13,N,AAPL,311.03,1.0,311.08,4.0,-4.0,2.0,2020-01-10 09:44:13.161010,311.01,311.06,0
2020-01-10 09:44:14,N,AAPL,311.01,1.0,311.06,2.0,0.0,-2.0,2020-01-10 09:44:14.079721,311.03,311.08,0
2020-01-10 09:44:16,N,AAPL,311.03,1.0,311.08,3.0,0.0,1.0,2020-01-10 09:44:16.154592,311.03,311.08,0
2020-01-10 09:44:17,N,AAPL,311.03,6.0,311.08,2.0,4.0,-4.0,2020-01-10 09:44:17.673838,311.04,311.08,0
2020-01-10 09:44:18,N,AAPL,311.04,1.0,311.08,2.0,0.0,0.0,2020-01-10 09:44:18.027932,310.96,311.0,-1
2020-01-10 09:44:19,N,AAPL,310.96,2.0,311.0,3.0,1.0,0.0,2020-01-10 09:44:19.407118,310.94,311.0,0
2020-01-10 09:44:20,N,AAPL,310.94,5.0,311.0,3.0,0.0,0.0,2020-01-10 09:44:20.066045,310.94,310.96,0
2020-01-10 09:44:21,N,AAPL,310.94,2.0,310.96,1.0,0.0,0.0,2020-01-10 09:44:21.534258,310.94,310.98,0
2020-01-10 09:44:22,N,AAPL,310.94,3.0,310.98,1.0,2.0,-3.0,2020-01-10 09:44:22.176765,310.97,310.99,0
2020-01-10 09:44:23,N,AAPL,310.97,1.0,310.99,1.0,0.0,0.0,2020-01-10 09:44:23.067919,310.95,310.99,0
2020-01-10 09:44:25,N,AAPL,310.95,1.0,310.99,5.0,0.0,4.0,2020-01-10 09:44:25.079923,310.98,311.03,0
2020-01-10 09:44:26,N,AAPL,310.98,2.0,311.03,2.0,0.0,1.0,2020-01-10 09:44:26.032994,310.97,310.99,0
2020-01-10 09:44:27,N,AAPL,310.97,3.0,310.99,1.0,2.0,-2.0,2020-01-10 09:44:27.829038,310.97,311.0,0
2020-01-10 09:44:28,N,AAPL,310.97,3.0,311.0,2.0,0.0,1.0,2020-01-10 09:44:28.059587,310.97,311.02,0
2020-01-10 09:44:29,N,AAPL,310.97,3.0,311.02,3.0,-1.0,2.0,2020-01-10 09:44:29.109331,311.05,311.09,1
2020-01-10 09:44:30,N,AAPL,311.05,1.0,311.09,3.0,-2.0,2.0,2020-01-10 09:44:30.144147,311.04,311.06,0
2020-01-10 09:44:31,N,AAPL,311.04,1.0,311.06,3.0,-1.0,2.0,2020-01-10 09:44:31.403128,311.02,311.06,0
2020-01-10 09:44:32,N,AAPL,311.02,4.0,311.06,1.0,3.0,0.0,2020-01-10 09:44:32.038612,311.02,311.06,0
2020-01-10 09:44:33,N,AAPL,311.02,1.0,311.06,2.0,-1.0,1.0,2020-01-10 09:44:33.272890,311.02,311.07,0
2020-01-10 09:44:34,N,AAPL,311.02,4.0,311.07,1.0,3.0,-1.0,2020-01-10 09:44:34.066546,311.02,311.06,0
2020-01-10 09:44:35,N,AAPL,311.02,3.0,311.06,1.0,2.0,0.0,2020-01-10 09:44:35.615400,311.02,311.08,0
2020-01-10 09:44:36,N,AAPL,311.02,6.0,311.08,7.0,2.0,6.0,2020-01-10 09:44:36.014309,311.1,311.13,1
2020-01-10 09:44:37,N,AAPL,311.1,1.0,311.13,2.0,-2.0,1.0,2020-01-10 09:44:37.015013,311.11,311.15,0
2020-01-10 09:44:38,N,AAPL,311.11,2.0,311.15,3.0,0.0,-1.0,2020-01-10 09:44:38.190452,311.05,311.09,-1
2020-01-10 09:44:39,N,AAPL,311.05,2.0,311.09,2.0,-1.0,1.0,2020-01-10 09:44:39.457997,311.07,311.1,0
2020-01-10 09:44:40,N,AAPL,311.07,1.0,311.1,2.0,0.0,0.0,2020-01-10 09:44:40.359604,311.09,311.12,0
2020-01-10 09:44:41,N,AAPL,311.09,1.0,311.12,4.0,-2.0,2.0,2020-01-10 09:44:41.444145,311.07,311.1,0
2020-01-10 09:44:42,N,AAPL,311.07,3.0,311.1,2.0,0.0,0.0,2020-01-10 09:44:42.200047,311.05,311.08,0
2020-01-10 09:44:43,N,AAPL,311.05,2.0,311.08,2.0,0.0,0.0,2020-01-10 09:44:43.083945,311.01,311.03,-1
2020-01-10 09:44:44,N,AAPL,311.01,1.0,311.03,2.0,-1.0,-1.0,2020-01-10 09:44:44.561915,310.98,311.03,0
2020-01-10 09:44:45,N,AAPL,310.98,4.0,311.03,2.0,3.0,0.0,2020-01-10 09:44:45.068721,311.02,311.07,0
2020-01-10 09:44:46,N,AAPL,311.02,3.0,311.07,2.0,1.0,0.0,2020-01-10 09:44:46.136482,311.08,311.13,1
2020-01-10 09:44:47,N,AAPL,311.08,4.0,311.13,1.0,2.0,-2.0,2020-01-10 09:44:47.360609,311.08,311.12,0
2020-01-10 09:44:48,N,AAPL,311.08,1.0,311.12,2.0,0.0,1.0,2020-01-10 09:44:48.184156,311.09,311.13,0
2020-01-10 09:44:49,N,AAPL,311.09,3.0,311.13,2.0,-1.0,0.0,2020-01-10 09:44:49.201524,311.06,311.1,0
2020-01-10 09:44:50,N,AAPL,311.06,2.0,311.1,2.0,-2.0,1.0,2020-01-10 09:44:50.571990,311.06,311.1,0
2020-01-10 09:44:51,N,AAPL,311.06,4.0,311.1,3.0,3.0,-1.0,2020-01-10 09:44:51.741287,311.06,311.11,0
2020-01-10 09:44:52,N,AAPL,311.06,4.0,311.11,1.0,2.0,-1.0,2020-01-10 09:44:52.014262,311.05,311.07,0
2020-01-10 09:44:53,N,AAPL,311.05,3.0,311.07,4.0,1.0,3.0,2020-01-10 09:44:53.704849,311.04,311.06,0
2020-01-10 09:44:54,N,AAPL,311.04,1.0,311.06,4.0,0.0,3.0,2020-01-10 09:44:54.202605,311.01,311.04,0
2020-01-10 09:44:55,N,AAPL,311.01,1.0,311.04,4.0,0.0,2.0,2020-01-10 09:44:55.403222,311.01,311.04,0
2020-01-10 09:44:56,N,AAPL,311.01,4.0,311.04,3.0,3.0,0.0,2020-01-10 09:44:56.487395,311.02,311.06,0
2020-01-10 09:44:58,N,AAPL,311.02,2.0,311.06,2.0,1.0,0.0,2020-01-10 09:44:58.123018,311.05,311.08,0
2020-01-10 09:44:59,N,AAPL,311.05,3.0,311.08,1.0,0.0,0.0,2020-01-10 09:44:59.279804,311.06,311.09,0
2020-01-10 09:45:00,N,AAPL,311.06,1.0,311.09,1.0,-2.0,0.0,2020-01-10 09:45:00.001365,311.03,311.05,-1
2020-01-10 09:45:01,N,AAPL,311.03,2.0,311.05,4.0,1.0,-1.0,2020-01-10 09:45:01.109885,311.06,311.09,1
2020-01-10 09:45:02,N,AAPL,311.06,1.0,311.09,1.0,0.0,0.0,2020-01-10 09:45:02.064781,311.01,311.03,-1
2020-01-10 09:45:03,N,AAPL,311.01,2.0,311.03,1.0,1.0,0.0,2020-01-10 09:45:03.540283,310.86,310.89,-1
2020-01-10 09:45:05,N,AAPL,310.86,1.0,310.89,1.0,-1.0,-1.0,2020-01-10 09:45:05.446308,310.89,310.92,0
2020-01-10 09:45:06,N,AAPL,310.89,2.0,310.92,2.0,0.0,1.0,2020-01-10 09:45:06.065169,310.88,310.92,0
2020-01-10 09:45:07,N,AAPL,310.88,2.0,310.92,4.0,0.0,2.0,2020-01-10 09:45:07.013852,310.95,310.98,1
2020-01-10 09:45:10,N,AAPL,310.95,2.0,310.98,4.0,1.0,2.0,2020-01-10 09:45:10.379259,310.94,310.99,0
2020-01-10 09:45:11,N,AAPL,310.94,2.0,310.99,2.0,1.0,1.0,2020-01-10 09:45:11.262598,310.93,310.96,0
2020-01-10 09:45:13,N,AAPL,310.93,3.0,310.96,2.0,1.0,0.0,2020-01-10 09:45:13.339832,310.81,310.83,-1
2020-01-10 09:45:14,N,AAPL,310.81,5.0,310.83,1.0,3.0,-2.0,2020-01-10 09:45:14.745746,310.8,310.83,0
2020-01-10 09:45:15,N,AAPL,310.8,2.0,310.83,4.0,-3.0,-1.0,2020-01-10 09:45:15.736501,310.84,310.89,1
2020-01-10 09:45:17,N,AAPL,310.84,3.0,310.89,1.0,0.0,0.0,2020-01-10 09:45:17.537368,310.82,310.86,0
2020-01-10 09:45:19,N,AAPL,310.82,3.0,310.86,4.0,1.0,3.0,2020-01-10 09:45:19.257044,310.79,310.83,0
2020-01-10 09:45:22,N,AAPL,310.79,3.0,310.83,2.0,1.0,1.0,2020-01-10 09:45:22.227514,310.79,310.84,0
2020-01-10 09:45:24,N,AAPL,310.79,3.0,310.84,1.0,0.0,-1.0,2020-01-10 09:45:24.414249,310.72,310.74,-1
2020-01-10 09:45:25,N,AAPL,310.72,2.0,310.74,4.0,-1.0,3.0,2020-01-10 09:45:25.049049,310.66,310.7,-1
2020-01-10 09:45:26,N,AAPL,310.66,2.0,310.7,5.0,-2.0,4.0,2020-01-10 09:45:26.009849,310.68,310.7,0
2020-01-10 09:45:27,N,AAPL,310.68,1.0,310.7,5.0,0.0,3.0,2020-01-10 09:45:27.069627,310.64,310.68,0
2020-01-10 09:45:28,N,AAPL,310.64,2.0,310.68,2.0,1.0,0.0,2020-01-10 09:45:28.289338,310.64,310.68,0
2020-01-10 09:45:29,N,AAPL,310.64,2.0,310.68,2.0,0.0,1.0,2020-01-10 09:45:29.262516,310.61,310.63,-1
2020-01-10 09:45:31,N,AAPL,310.61,2.0,310.63,1.0,0.0,0.0,2020-01-10 09:45:31.595484,310.6,310.62,0
2020-01-10 09:45:33,N,AAPL,310.6,3.0,310.62,4.0,0.0,0.0,2020-01-10 09:45:33.087088,310.51,310.55,-1
2020-01-10 09:45:34,N,AAPL,310.51,3.0,310.55,4.0,1.0,3.0,2020-01-10 09:45:34.079776,310.5,310.53,0
2020-01-10 09:45:35,N,AAPL,310.5,18.0,310.53,2.0,15.0,-2.0,2020-01-10 09:45:35.084085,310.5,310.53,0
2020-01-10 09:45:36,N,AAPL,310.5,2.0,310.53,1.0,0.0,0.0,2020-01-10 09:45:36.110574,310.6,310.63,1
2020-01-10 09:45:40,N,AAPL,310.6,1.0,310.63,4.0,0.0,-1.0,2020-01-10 09:45:40.701629,310.55,310.59,-1
2020-01-10 09:45:41,N,AAPL,310.55,1.0,310.59,3.0,0.0,2.0,2020-01-10 09:45:41.324315,310.49,310.51,-1
2020-01-10 09:45:43,N,AAPL,310.49,1.0,310.51,2.0,-3.0,-1.0,2020-01-10 09:45:43.024132,310.47,310.52,0
2020-01-10 09:45:44,N,AAPL,310.47,1.0,310.52,1.0,0.0,-6.0,2020-01-10 09:45:44.204581,310.54,310.58,1
2020-01-10 09:45:46,N,AAPL,310.54,2.0,310.58,4.0,1.0,2.0,2020-01-10 09:45:46.266102,310.55,310.59,0
2020-01-10 09:45:47,N,AAPL,310.55,1.0,310.59,2.0,0.0,1.0,2020-01-10 09:45:47.612171,310.55,310.58,0
2020-01-10 09:45:48,N,AAPL,310.55,1.0,310.58,1.0,0.0,-1.0,2020-01-10 09:45:48.004567,310.58,310.61,0
2020-01-10 09:45:49,N,AAPL,310.58,1.0,310.61,2.0,-2.0,0.0,2020-01-10 09:45:49.200652,310.57,310.61,0
2020-01-10 09:45:50,N,AAPL,310.57,1.0,310.61,2.0,-1.0,-1.0,2020-01-10 09:45:50.780265,310.61,310.65,0
2020-01-10 09:45:52,N,AAPL,310.61,1.0,310.65,2.0,0.0,-2.0,2020-01-10 09:45:52.113169,310.62,310.67,0
2020-01-10 09:45:53,N,AAPL,310.62,3.0,310.67,3.0,1.0,0.0,2020-01-10 09:45:53.264727,310.63,310.66,0
2020-01-10 09:45:54,N,AAPL,310.63,1.0,310.66,2.0,-2.0,1.0,2020-01-10 09:45:54.311637,310.63,310.67,0
2020-01-10 09:45:55,N,AAPL,310.63,1.0,310.67,2.0,0.0,0.0,2020-01-10 09:45:55.464628,310.75,310.78,1
2020-01-10 09:45:56,N,AAPL,310.75,1.0,310.78,2.0,0.0,0.0,2020-01-10 09:45:56.749996,310.67,310.71,-1
2020-01-10 09:45:57,N,AAPL,310.67,2.0,310.71,2.0,1.0,0.0,2020-01-10 09:45:57.583351,310.75,310.8,1
2020-01-10 09:45:58,N,AAPL,310.75,2.0,310.8,1.0,0.0,-1.0,2020-01-10 09:45:58.017420,310.86,310.89,1
2020-01-10 09:45:59,N,AAPL,310.86,1.0,310.89,1.0,-5.0,0.0,2020-01-10 09:45:59.056258,310.86,310.91,0
2020-01-10 09:46:00,N,AAPL,310.86,1.0,310.91,1.0,0.0,-2.0,2020-01-10 09:46:00.131823,310.84,310.89,0
2020-01-10 09:46:01,N,AAPL,310.84,3.0,310.89,4.0,2.0,2.0,2020-01-10 09:46:01.100517,310.84,310.88,0
2020-01-10 09:46:02,N,AAPL,310.84,3.0,310.88,3.0,0.0,2.0,2020-01-10 09:46:02.099849,310.74,310.77,-1
2020-01-10 09:46:03,N,AAPL,310.74,2.0,310.77,1.0,1.0,-4.0,2020-01-10 09:46:03.282183,310.73,310.75,0
2020-01-10 09:46:05,N,AAPL,310.73,1.0,310.75,4.0,-1.0,3.0,2020-01-10 09:46:05.957030,310.74,310.75,0
2020-01-10 09:46:06,N,AAPL,310.74,1.0,310.75,1.0,0.0,-2.0,2020-01-10 09:46:06.005437,310.75,310.78,0
2020-01-10 09:46:07,N,AAPL,310.75,1.0,310.78,4.0,-2.0,2.0,2020-01-10 09:46:07.040737,310.75,310.8,0
2020-01-10 09:46:08,N,AAPL,310.75,3.0,310.8,2.0,1.0,0.0,2020-01-10 09:46:08.224546,310.75,310.79,0
2020-01-10 09:46:09,N,AAPL,310.75,2.0,310.79,1.0,1.0,0.0,2020-01-10 09:46:09.237469,310.78,310.81,0
2020-01-10 09:46:10,N,AAPL,310.78,1.0,310.81,1.0,-2.0,0.0,2020-01-10 09:46:10.134029,310.71,310.74,-1
2020-01-10 09:46:11,N,AAPL,310.71,1.0,310.74,5.0,0.0,4.0,2020-01-10 09:46:11.319384,310.65,310.7,-1
2020-01-10 09:46:12,N,AAPL,310.65,2.0,310.7,4.0,-1.0,1.0,2020-01-10 09:46:12.355375,310.63,310.67,0
2020-01-10 09:46:13,N,AAPL,310.63,2.0,310.67,1.0,-1.0,-1.0,2020-01-10 09:46:13.021062,310.61,310.65,0
2020-01-10 09:46:14,N,AAPL,310.61,1.0,310.65,2.0,-1.0,-3.0,2020-01-10 09:46:14.020184,310.62,310.68,0
2020-01-10 09:46:15,N,AAPL,310.62,3.0,310.68,2.0,1.0,-2.0,2020-01-10 09:46:15.161186,310.61,310.65,0
2020-01-10 09:46:16,N,AAPL,310.61,1.0,310.65,1.0,0.0,-2.0,2020-01-10 09:46:16.063434,310.63,310.68,0
2020-01-10 09:46:18,N,AAPL,310.63,1.0,310.68,4.0,-2.0,3.0,2020-01-10 09:46:18.909028,310.67,310.72,0
2020-01-10 09:46:19,N,AAPL,310.67,1.0,310.72,2.0,-1.0,0.0,2020-01-10 09:46:19.241389,310.64,310.7,0
2020-01-10 09:46:20,N,AAPL,310.64,1.0,310.7,1.0,0.0,-1.0,2020-01-10 09:46:20.205750,310.72,310.77,1
2020-01-10 09:46:22,N,AAPL,310.72,3.0,310.77,2.0,2.0,1.0,2020-01-10 09:46:22.683865,310.7,310.77,0
2020-01-10 09:46:24,N,AAPL,310.7,3.0,310.77,2.0,0.0,0.0,2020-01-10 09:46:24.096435,310.73,310.77,0
2020-01-10 09:46:27,N,AAPL,310.73,2.0,310.77,1.0,0.0,0.0,2020-01-10 09:46:27.648560,310.72,310.74,0
2020-01-10 09:46:28,N,AAPL,310.72,1.0,310.74,1.0,-1.0,0.0,2020-01-10 09:46:28.902435,310.69,310.74,0
2020-01-10 09:46:29,N,AAPL,310.69,1.0,310.74,3.0,0.0,2.0,2020-01-10 09:46:29.715010,310.7,310.76,0
2020-01-10 09:46:30,N,AAPL,310.7,2.0,310.76,2.0,0.0,1.0,2020-01-10 09:46:30.071228,310.71,310.75,0
2020-01-10 09:46:31,N,AAPL,310.71,1.0,310.75,2.0,-1.0,1.0,2020-01-10 09:46:31.330311,310.66,310.69,-1
2020-01-10 09:46:33,N,AAPL,310.66,1.0,310.69,1.0,0.0,-1.0,2020-01-10 09:46:33.433868,310.65,310.67,0
2020-01-10 09:46:34,N,AAPL,310.65,1.0,310.67,3.0,0.0,2.0,2020-01-10 09:46:34.217808,310.64,310.69,0
2020-01-10 09:46:35,N,AAPL,310.64,1.0,310.69,2.0,-1.0,0.0,2020-01-10 09:46:35.098581,310.61,310.68,0
2020-01-10 09:46:36,N,AAPL,310.61,4.0,310.68,1.0,0.0,-2.0,2020-01-10 09:46:36.398898,310.62,310.68,0
2020-01-10 09:46:37,N,AAPL,310.62,2.0,310.68,2.0,0.0,-1.0,2020-01-10 09:46:37.982235,310.59,310.64,0
2020-01-10 09:46:38,N,AAPL,310.59,2.0,310.64,2.0,-2.0,-2.0,2020-01-10 09:46:38.231719,310.61,310.66,0
2020-01-10 09:46:39,N,AAPL,310.61,2.0,310.66,4.0,1.0,2.0,2020-01-10 09:46:39.358377,310.66,310.7,0
2020-01-10 09:46:40,N,AAPL,310.66,1.0,310.7,2.0,0.0,1.0,2020-01-10 09:46:40.251491,310.68,310.72,0
2020-01-10 09:46:44,N,AAPL,310.68,2.0,310.72,1.0,1.0,0.0,2020-01-10 09:46:44.883373,310.68,310.7,0
2020-01-10 09:46:46,N,AAPL,310.68,1.0,310.7,5.0,-1.0,4.0,2020-01-10 09:46:46.071646,310.59,310.61,-1
2020-01-10 09:46:47,N,AAPL,310.59,1.0,310.61,4.0,-1.0,3.0,2020-01-10 09:46:47.432770,310.57,310.6,0
2020-01-10 09:46:48,N,AAPL,310.57,1.0,310.6,1.0,-1.0,0.0,2020-01-10 09:46:48.005876,310.56,310.6,0
2020-01-10 09:46:50,N,AAPL,310.56,1.0,310.6,1.0,-1.0,0.0,2020-01-10 09:46:50.339979,310.56,310.6,0
2020-01-10 09:46:51,N,AAPL,310.56,1.0,310.6,4.0,0.0,3.0,2020-01-10 09:46:51.068612,310.57,310.61,0
2020-01-10 09:46:52,N,AAPL,310.57,2.0,310.61,1.0,1.0,-3.0,2020-01-10 09:46:52.084894,310.57,310.6,0
2020-01-10 09:46:53,N,AAPL,310.57,1.0,310.6,2.0,-1.0,1.0,2020-01-10 09:46:53.314743,310.63,310.66,1
2020-01-10 09:46:55,N,AAPL,310.63,2.0,310.66,3.0,1.0,1.0,2020-01-10 09:46:55.100936,310.72,310.77,1
2020-01-10 09:46:56,N,AAPL,310.72,4.0,310.77,5.0,3.0,1.0,2020-01-10 09:46:56.540351,310.72,310.77,0
2020-01-10 09:46:57,N,AAPL,310.72,2.0,310.77,4.0,0.0,2.0,2020-01-10 09:46:57.510534,310.73,310.77,0
2020-01-10 09:46:59,N,AAPL,310.73,4.0,310.77,4.0,2.0,0.0,2020-01-10 09:46:59.121730,310.74,310.78,0
2020-01-10 09:47:00,N,AAPL,310.74,2.0,310.78,2.0,-2.0,-2.0,2020-01-10 09:47:00.062316,310.77,310.8,0
2020-01-10 09:47:01,N,AAPL,310.77,2.0,310.8,1.0,1.0,0.0,2020-01-10 09:47:01.483816,310.81,310.85,1
2020-01-10 09:47:02,N,AAPL,310.81,4.0,310.85,1.0,2.0,0.0,2020-01-10 09:47:02.724496,310.82,310.87,0
2020-01-10 09:47:03,N,AAPL,310.82,3.0,310.87,1.0,1.0,-1.0,2020-01-10 09:47:03.216007,310.82,310.85,0
2020-01-10 09:47:04,N,AAPL,310.82,2.0,310.85,4.0,0.0,3.0,2020-01-10 09:47:04.171725,310.83,310.87,0
2020-01-10 09:47:05,N,AAPL,310.83,3.0,310.87,3.0,2.0,0.0,2020-01-10 09:47:05.118912,310.86,310.89,0
2020-01-10 09:47:07,N,AAPL,310.86,4.0,310.89,1.0,2.0,0.0,2020-01-10 09:47:07.946079,310.79,310.82,-1
2020-01-10 09:47:09,N,AAPL,310.79,2.0,310.82,1.0,1.0,-2.0,2020-01-10 09:47:09.160729,310.81,310.86,0
2020-01-10 09:47:10,N,AAPL,310.81,1.0,310.86,3.0,-1.0,0.0,2020-01-10 09:47:10.352241,310.79,310.84,0
2020-01-10 09:47:11,N,AAPL,310.79,16.0,310.84,3.0,0.0,0.0,2020-01-10 09:47:11.348201,310.79,310.84,0
2020-01-10 09:47:12,N,AAPL,310.79,2.0,310.84,3.0,-4.0,-1.0,2020-01-10 09:47:12.697669,310.8,310.84,0
2020-01-10 09:47:13,N,AAPL,310.8,1.0,310.84,1.0,0.0,-2.0,2020-01-10 09:47:13.955536,310.86,310.89,1
2020-01-10 09:47:14,N,AAPL,310.86,1.0,310.89,1.0,0.0,0.0,2020-01-10 09:47:14.629908,310.89,310.91,0
2020-01-10 09:47:15,N,AAPL,310.89,4.0,310.91,2.0,3.0,-3.0,2020-01-10 09:47:15.289435,310.83,310.88,-1
2020-01-10 09:47:16,N,AAPL,310.83,2.0,310.88,2.0,1.0,-1.0,2020-01-10 09:47:16.027365,310.9,310.93,1
2020-01-10 09:47:17,N,AAPL,310.9,2.0,310.93,2.0,-2.0,0.0,2020-01-10 09:47:17.273917,310.91,310.94,0
2020-01-10 09:47:18,N,AAPL,310.91,1.0,310.94,2.0,-1.0,-2.0,2020-01-10 09:47:18.027450,310.89,310.93,0
2020-01-10 09:47:19,N,AAPL,310.89,3.0,310.93,2.0,2.0,0.0,2020-01-10 09:47:19.033635,310.9,310.93,0
2020-01-10 09:47:20,N,AAPL,310.9,1.0,310.93,4.0,-9.0,2.0,2020-01-10 09:47:20.977532,310.89,310.91,0
2020-01-10 09:47:24,N,AAPL,310.89,2.0,310.91,5.0,1.0,4.0,2020-01-10 09:47:24.231528,310.86,310.9,0
2020-01-10 09:47:25,N,AAPL,310.86,1.0,310.9,2.0,-1.0,0.0,2020-01-10 09:47:25.127916,310.87,310.9,0
2020-01-10 09:47:26,N,AAPL,310.87,2.0,310.9,1.0,0.0,-1.0,2020-01-10 09:47:26.285454,310.83,310.84,-1
2020-01-10 09:47:28,N,AAPL,310.83,2.0,310.84,5.0,1.0,4.0,2020-01-10 09:47:28.217892,310.8,310.84,0
2020-01-10 09:47:29,N,AAPL,310.8,1.0,310.84,1.0,0.0,-4.0,2020-01-10 09:47:29.001059,310.81,310.83,0
2020-01-10 09:47:30,N,AAPL,310.81,1.0,310.83,1.0,0.0,-2.0,2020-01-10 09:47:30.027942,310.77,310.81,0
2020-01-10 09:47:31,N,AAPL,310.77,1.0,310.81,2.0,0.0,0.0,2020-01-10 09:47:31.253694,310.74,310.77,0
2020-01-10 09:47:32,N,AAPL,310.74,4.0,310.77,3.0,3.0,1.0,2020-01-10 09:47:32.090251,310.7,310.72,-1
2020-01-10 09:47:34,N,AAPL,310.7,4.0,310.72,1.0,2.0,-2.0,2020-01-10 09:47:34.389291,310.72,310.75,0
2020-01-10 09:47:37,N,AAPL,310.72,2.0,310.75,1.0,0.0,0.0,2020-01-10 09:47:37.376666,310.81,310.84,1
2020-01-10 09:47:38,N,AAPL,310.81,1.0,310.84,1.0,-1.0,-1.0,2020-01-10 09:47:38.033679,310.82,310.85,0
2020-01-10 09:47:39,N,AAPL,310.82,1.0,310.85,1.0,-1.0,0.0,2020-01-10 09:47:39.782542,310.82,310.86,0
2020-01-10 09:47:40,N,AAPL,310.82,1.0,310.86,2.0,0.0,1.0,2020-01-10 09:47:40.025631,310.87,310.9,1
2020-01-10 09:47:41,N,AAPL,310.87,1.0,310.9,1.0,-4.0,0.0,2020-01-10 09:47:41.398905,310.83,310.86,-1
2020-01-10 09:47:42,N,AAPL,310.83,1.0,310.86,1.0,-1.0,0.0,2020-01-10 09:47:42.267581,310.84,310.88,0
2020-01-10 09:47:43,N,AAPL,310.84,2.0,310.88,1.0,0.0,-1.0,2020-01-10 09:47:43.479499,310.85,310.87,0
2020-01-10 09:47:45,N,AAPL,310.85,1.0,310.87,1.0,-1.0,0.0,2020-01-10 09:47:45.390269,310.87,310.91,0
2020-01-10 09:47:46,N,AAPL,310.87,1.0,310.91,1.0,-1.0,0.0,2020-01-10 09:47:46.329286,310.87,310.91,0
2020-01-10 09:47:47,N,AAPL,310.87,2.0,310.91,2.0,1.0,1.0,2020-01-10 09:47:47.764582,310.87,310.9,0
2020-01-10 09:47:48,N,AAPL,310.87,2.0,310.9,1.0,0.0,-1.0,2020-01-10 09:47:48.857939,310.85,310.87,0
2020-01-10 09:47:49,N,AAPL,310.85,2.0,310.87,1.0,0.0,0.0,2020-01-10 09:47:49.814632,310.85,310.89,0
2020-01-10 09:47:51,N,AAPL,310.85,1.0,310.89,4.0,-1.0,3.0,2020-01-10 09:47:51.239793,310.83,310.85,0
2020-01-10 09:47:52,N,AAPL,310.83,1.0,310.85,4.0,0.0,0.0,2020-01-10 09:47:52.062900,310.85,310.9,0
2020-01-10 09:47:53,N,AAPL,310.85,2.0,310.9,2.0,-2.0,0.0,2020-01-10 09:47:53.071445,310.85,310.89,0
2020-01-10 09:47:54,N,AAPL,310.85,5.0,310.89,1.0,4.0,0.0,2020-01-10 09:47:54.065243,310.84,310.85,0
2020-01-10 09:47:56,N,AAPL,310.84,1.0,310.85,4.0,-4.0,3.0,2020-01-10 09:47:56.235225,310.81,310.83,-1
2020-01-10 09:47:58,N,AAPL,310.81,1.0,310.83,1.0,-3.0,0.0,2020-01-10 09:47:58.284035,310.8,310.82,0
2020-01-10 09:47:59,N,AAPL,310.8,1.0,310.82,4.0,0.0,0.0,2020-01-10 09:47:59.657259,310.75,310.78,-1
2020-01-10 09:48:00,N,AAPL,310.75,3.0,310.78,1.0,2.0,0.0,2020-01-10 09:48:00.050946,310.76,310.79,0
2020-01-10 09:48:01,N,AAPL,310.76,2.0,310.79,1.0,1.0,-1.0,2020-01-10 09:48:01.612166,310.78,310.81,0
2020-01-10 09:48:02,N,AAPL,310.78,1.0,310.81,1.0,0.0,-1.0,2020-01-10 09:48:02.156227,310.78,310.81,0
2020-01-10 09:48:03,N,AAPL,310.78,1.0,310.81,2.0,0.0,1.0,2020-01-10 09:48:03.205615,310.78,310.82,0
2020-01-10 09:48:04,N,AAPL,310.78,4.0,310.82,2.0,3.0,0.0,2020-01-10 09:48:04.185016,310.79,310.81,0
2020-01-10 09:48:05,N,AAPL,310.79,1.0,310.81,5.0,0.0,4.0,2020-01-10 09:48:05.712972,310.78,310.8,0
2020-01-10 09:48:07,N,AAPL,310.78,2.0,310.8,1.0,1.0,-4.0,2020-01-10 09:48:07.021328,310.74,310.78,0
2020-01-10 09:48:08,N,AAPL,310.74,4.0,310.78,1.0,2.0,0.0,2020-01-10 09:48:08.073541,310.73,310.74,0
2020-01-10 09:48:10,N,AAPL,310.73,1.0,310.74,2.0,-1.0,0.0,2020-01-10 09:48:10.819123,310.72,310.74,0
2020-01-10 09:48:11,N,AAPL,310.72,1.0,310.74,4.0,0.0,3.0,2020-01-10 09:48:11.694241,310.68,310.72,0
2020-01-10 09:48:12,N,AAPL,310.68,2.0,310.72,2.0,-2.0,1.0,2020-01-10 09:48:12.197104,310.69,310.72,0
2020-01-10 09:48:13,N,AAPL,310.69,2.0,310.72,4.0,0.0,2.0,2020-01-10 09:48:13.460404,310.62,310.66,-1
2020-01-10 09:48:14,N,AAPL,310.62,6.0,310.66,2.0,-3.0,-2.0,2020-01-10 09:48:14.130950,310.66,310.7,0
2020-01-10 09:48:15,N,AAPL,310.66,3.0,310.7,3.0,1.0,2.0,2020-01-10 09:48:15.132812,310.7,310.74,0
2020-01-10 09:48:16,N,AAPL,310.7,1.0,310.74,2.0,0.0,1.0,2020-01-10 09:48:16.146995,310.72,310.76,0
2020-01-10 09:48:17,N,AAPL,310.72,3.0,310.76,2.0,2.0,-1.0,2020-01-10 09:48:17.060290,310.7,310.74,0
2020-01-10 09:48:20,N,AAPL,310.7,3.0,310.74,2.0,0.0,0.0,2020-01-10 09:48:20.656644,310.67,310.69,-1
2020-01-10 09:48:21,N,AAPL,310.67,2.0,310.69,1.0,-1.0,-1.0,2020-01-10 09:48:21.059260,310.67,310.7,0
2020-01-10 09:48:22,N,AAPL,310.67,1.0,310.7,3.0,-2.0,0.0,2020-01-10 09:48:22.031739,310.74,310.77,1
2020-01-10 09:48:23,N,AAPL,310.74,2.0,310.77,2.0,-1.0,1.0,2020-01-10 09:48:23.138252,310.7,310.73,-1
2020-01-10 09:48:24,N,AAPL,310.7,2.0,310.73,2.0,0.0,0.0,2020-01-10 09:48:24.117278,310.7,310.74,0
2020-01-10 09:48:25,N,AAPL,310.7,6.0,310.74,2.0,4.0,1.0,2020-01-10 09:48:25.215614,310.66,310.68,-1
2020-01-10 09:48:26,N,AAPL,310.66,1.0,310.68,1.0,-5.0,-1.0,2020-01-10 09:48:26.666298,310.66,310.68,0
2020-01-10 09:48:28,N,AAPL,310.66,1.0,310.68,2.0,0.0,1.0,2020-01-10 09:48:28.132159,310.65,310.69,0
2020-01-10 09:48:29,N,AAPL,310.65,2.0,310.69,3.0,1.0,0.0,2020-01-10 09:48:29.396753,310.65,310.69,0
2020-01-10 09:48:30,N,AAPL,310.65,1.0,310.69,2.0,-2.0,0.0,2020-01-10 09:48:30.635473,310.65,310.69,0
2020-01-10 09:48:31,N,AAPL,310.65,1.0,310.69,1.0,0.0,-1.0,2020-01-10 09:48:31.165334,310.66,310.69,0
2020-01-10 09:48:32,N,AAPL,310.66,1.0,310.69,2.0,0.0,1.0,2020-01-10 09:48:32.231284,310.62,310.65,-1
2020-01-10 09:48:33,N,AAPL,310.62,1.0,310.65,3.0,-1.0,0.0,2020-01-10 09:48:33.097162,310.57,310.61,-1
2020-01-10 09:48:35,N,AAPL,310.57,2.0,310.61,2.0,-5.0,1.0,2020-01-10 09:48:35.727206,310.61,310.64,0
2020-01-10 09:48:36,N,AAPL,310.61,1.0,310.64,4.0,-1.0,2.0,2020-01-10 09:48:36.066810,310.58,310.62,0
2020-01-10 09:48:37,N,AAPL,310.58,8.0,310.62,3.0,5.0,2.0,2020-01-10 09:48:37.018571,310.56,310.59,0
2020-01-10 09:48:38,N,AAPL,310.56,1.0,310.59,1.0,-2.0,-3.0,2020-01-10 09:48:38.015092,310.59,310.62,0
2020-01-10 09:48:39,N,AAPL,310.59,1.0,310.62,2.0,-1.0,-1.0,2020-01-10 09:48:39.445024,310.59,310.63,0
2020-01-10 09:48:40,N,AAPL,310.59,4.0,310.63,3.0,3.0,1.0,2020-01-10 09:48:40.065215,310.6,310.65,0
2020-01-10 09:48:41,N,AAPL,310.6,3.0,310.65,4.0,0.0,1.0,2020-01-10 09:48:41.004297,310.67,310.7,1
2020-01-10 09:48:43,N,AAPL,310.67,1.0,310.7,1.0,0.0,0.0,2020-01-10 09:48:43.068243,310.66,310.7,0
2020-01-10 09:48:44,N,AAPL,310.66,1.0,310.7,2.0,-1.0,-1.0,2020-01-10 09:48:44.365969,310.66,310.7,0
2020-01-10 09:48:45,N,AAPL,310.66,2.0,310.7,2.0,1.0,0.0,2020-01-10 09:48:45.143243,310.65,310.66,0
2020-01-10 09:48:47,N,AAPL,310.65,20.0,310.66,4.0,17.0,3.0,2020-01-10 09:48:47.012422,310.58,310.61,-1
2020-01-10 09:48:49,N,AAPL,310.58,1.0,310.61,4.0,0.0,1.0,2020-01-10 09:48:49.092797,310.57,310.6,0
2020-01-10 09:48:50,N,AAPL,310.57,1.0,310.6,1.0,-3.0,0.0,2020-01-10 09:48:50.028433,310.58,310.62,0
2020-01-10 09:48:51,N,AAPL,310.58,1.0,310.62,1.0,-4.0,-2.0,2020-01-10 09:48:51.033798,310.58,310.61,0
2020-01-10 09:48:52,N,AAPL,310.58,5.0,310.61,1.0,3.0,0.0,2020-01-10 09:48:52.737309,310.61,310.64,0
2020-01-10 09:48:53,N,AAPL,310.61,4.0,310.64,3.0,0.0,2.0,2020-01-10 09:48:53.413467,310.61,310.65,0
2020-01-10 09:48:55,N,AAPL,310.61,1.0,310.65,7.0,0.0,6.0,2020-01-10 09:48:55.227700,310.6,310.63,0
2020-01-10 09:48:56,N,AAPL,310.6,6.0,310.63,3.0,4.0,-4.0,2020-01-10 09:48:56.005121,310.6,310.6,0
2020-01-10 09:48:57,N,AAPL,310.6,1.0,310.6,2.0,-5.0,-1.0,2020-01-10 09:48:57.000170,310.59,310.62,0
2020-01-10 09:48:58,N,AAPL,310.59,4.0,310.62,1.0,3.0,-2.0,2020-01-10 09:48:58.240325,310.57,310.6,0
2020-01-10 09:48:59,N,AAPL,310.57,1.0,310.6,2.0,0.0,1.0,2020-01-10 09:48:59.206941,310.57,310.61,0
2020-01-10 09:49:00,N,AAPL,310.57,4.0,310.61,3.0,3.0,0.0,2020-01-10 09:49:00.000481,310.55,310.58,0
2020-01-10 09:49:01,N,AAPL,310.55,4.0,310.58,3.0,3.0,1.0,2020-01-10 09:49:01.332957,310.58,310.61,0
2020-01-10 09:49:02,N,AAPL,310.58,1.0,310.61,1.0,-1.0,0.0,2020-01-10 09:49:02.003923,310.57,310.6,0
2020-01-10 09:49:03,N,AAPL,310.57,1.0,310.6,1.0,-3.0,-3.0,2020-01-10 09:49:03.023587,310.59,310.61,0
2020-01-10 09:49:04,N,AAPL,310.59,1.0,310.61,1.0,-3.0,0.0,2020-01-10 09:49:04.586697,310.56,310.61,0
2020-01-10 09:49:05,N,AAPL,310.56,8.0,310.61,1.0,7.0,0.0,2020-01-10 09:49:05.008403,310.61,310.64,0
2020-01-10 09:49:08,N,AAPL,310.61,2.0,310.64,2.0,1.0,-2.0,2020-01-10 09:49:08.899424,310.62,310.65,0
2020-01-10 09:49:09,N,AAPL,310.62,1.0,310.65,5.0,0.0,4.0,2020-01-10 09:49:09.848914,310.66,310.68,1
2020-01-10 09:49:10,N,AAPL,310.66,1.0,310.68,2.0,0.0,-3.0,2020-01-10 09:49:10.364940,310.71,310.74,1
2020-01-10 09:49:11,N,AAPL,310.71,3.0,310.74,2.0,2.0,1.0,2020-01-10 09:49:11.616910,310.73,310.76,0
2020-01-10 09:49:12,N,AAPL,310.73,1.0,310.76,3.0,-1.0,2.0,2020-01-10 09:49:12.262434,310.73,310.76,0
2020-01-10 09:49:13,N,AAPL,310.73,1.0,310.76,1.0,0.0,0.0,2020-01-10 09:49:13.004606,310.73,310.75,0
2020-01-10 09:49:14,N,AAPL,310.73,1.0,310.75,4.0,-1.0,2.0,2020-01-10 09:49:14.912159,310.72,310.74,0
2020-01-10 09:49:16,N,AAPL,310.72,2.0,310.74,3.0,1.0,2.0,2020-01-10 09:49:16.071532,310.73,310.75,0
2020-01-10 09:49:17,N,AAPL,310.73,4.0,310.75,3.0,2.0,2.0,2020-01-10 09:49:17.009269,310.74,310.78,0
2020-01-10 09:49:18,N,AAPL,310.74,4.0,310.78,17.0,3.0,14.0,2020-01-10 09:49:18.334042,310.73,310.77,0
2020-01-10 09:49:19,N,AAPL,310.73,2.0,310.77,1.0,0.0,0.0,2020-01-10 09:49:19.018681,310.77,310.81,0
2020-01-10 09:49:20,N,AAPL,310.77,3.0,310.81,2.0,1.0,1.0,2020-01-10 09:49:20.164973,310.84,310.87,1
2020-01-10 09:49:21,N,AAPL,310.84,1.0,310.87,1.0,-3.0,-1.0,2020-01-10 09:49:21.460471,310.8,310.83,-1
2020-01-10 09:49:22,N,AAPL,310.8,5.0,310.83,1.0,3.0,-4.0,2020-01-10 09:49:22.916906,310.8,310.83,0
2020-01-10 09:49:23,N,AAPL,310.8,1.0,310.83,2.0,-1.0,1.0,2020-01-10 09:49:23.791181,310.8,310.83,0
2020-01-10 09:49:24,N,AAPL,310.8,1.0,310.83,2.0,0.0,0.0,2020-01-10 09:49:24.249207,310.82,310.86,0
2020-01-10 09:49:25,N,AAPL,310.82,2.0,310.86,3.0,0.0,1.0,2020-01-10 09:49:25.685161,310.82,310.86,0
2020-01-10 09:49:26,N,AAPL,310.82,2.0,310.86,4.0,0.0,0.0,2020-01-10 09:49:26.760730,310.82,310.85,0
2020-01-10 09:49:27,N,AAPL,310.82,1.0,310.85,2.0,-2.0,0.0,2020-01-10 09:49:27.922450,310.82,310.86,0
2020-01-10 09:49:28,N,AAPL,310.82,4.0,310.86,2.0,3.0,-1.0,2020-01-10 09:49:28.485777,310.82,310.85,0
2020-01-10 09:49:30,N,AAPL,310.82,1.0,310.85,3.0,0.0,0.0,2020-01-10 09:49:30.241908,310.75,310.78,-1
2020-01-10 09:49:31,N,AAPL,310.75,2.0,310.78,3.0,-3.0,1.0,2020-01-10 09:49:31.050171,310.74,310.75,0
2020-01-10 09:49:34,N,AAPL,310.74,1.0,310.75,4.0,-4.0,2.0,2020-01-10 09:49:34.055620,310.74,310.77,0
2020-01-10 09:49:36,N,AAPL,310.74,4.0,310.77,2.0,3.0,0.0,2020-01-10 09:49:36.490563,310.76,310.78,0
2020-01-10 09:49:37,N,AAPL,310.76,4.0,310.78,2.0,0.0,0.0,2020-01-10 09:49:37.210111,310.78,310.8,0
2020-01-10 09:49:38,N,AAPL,310.78,1.0,310.8,2.0,0.0,0.0,2020-01-10 09:49:38.142028,310.73,310.76,-1
2020-01-10 09:49:39,N,AAPL,310.73,2.0,310.76,1.0,1.0,0.0,2020-01-10 09:49:39.007864,310.78,310.79,1
2020-01-10 09:49:40,N,AAPL,310.78,2.0,310.79,2.0,1.0,0.0,2020-01-10 09:49:40.097726,310.76,310.79,0
2020-01-10 09:49:41,N,AAPL,310.76,2.0,310.79,1.0,0.0,-2.0,2020-01-10 09:49:41.311936,310.77,310.81,0
2020-01-10 09:49:42,N,AAPL,310.77,2.0,310.81,1.0,1.0,-1.0,2020-01-10 09:49:42.145740,310.79,310.82,0
2020-01-10 09:49:46,N,AAPL,310.79,2.0,310.82,2.0,1.0,-2.0,2020-01-10 09:49:46.121547,310.86,310.88,1
2020-01-10 09:49:47,N,AAPL,310.86,3.0,310.88,1.0,-2.0,-4.0,2020-01-10 09:49:47.480112,310.84,310.88,0
2020-01-10 09:49:48,N,AAPL,310.84,2.0,310.88,1.0,-2.0,-4.0,2020-01-10 09:49:48.007255,310.82,310.85,0
2020-01-10 09:49:49,N,AAPL,310.82,4.0,310.85,10.0,3.0,0.0,2020-01-10 09:49:49.658187,310.85,310.89,0
2020-01-10 09:49:50,N,AAPL,310.85,3.0,310.89,2.0,1.0,-4.0,2020-01-10 09:49:50.477292,310.86,310.89,0
2020-01-10 09:49:54,N,AAPL,310.86,3.0,310.89,2.0,1.0,0.0,2020-01-10 09:49:54.200861,310.93,310.95,1
