last_interval,Exchange,Symbol,Best_Bid_Price,FB0,Best_Offer_Price,FA0,FB2,FA2,p_time,Next_Best_Bid,Next_Best_Offer,outcome
2020-01-24 09:30:02,N,AAPL,320.3,1.0,320.34,1.0,0.0,0.0,2020-01-24 09:30:02.231010,320.26,320.31,0
2020-01-24 09:30:03,N,AAPL,320.26,1.0,320.31,1.0,0.0,-9.0,2020-01-24 09:30:03.572790,320.26,320.29,0
2020-01-24 09:30:04,N,AAPL,320.26,2.0,320.29,1.0,1.0,0.0,2020-01-24 09:30:04.408067,320.02,320.08,-1
2020-01-24 09:30:06,N,AAPL,320.02,2.0,320.08,6.0,1.0,5.0,2020-01-24 09:30:06.268612,320.02,320.06,0
2020-01-24 09:30:07,N,AAPL,320.02,1.0,320.06,2.0,-1.0,-4.0,2020-01-24 09:30:07.072558,319.97,320.01,-1
2020-01-24 09:30:22,N,AAPL,319.97,2.0,320.01,1.0,1.0,-2.0,2020-01-24 09:30:22.503008,319.97,320.02,0
2020-01-24 09:30:23,N,AAPL,319.97,1.0,320.02,10.0,-2.0,0.0,2020-01-24 09:30:23.038751,319.88,319.97,0
2020-01-24 09:30:24,N,AAPL,319.88,3.0,319.97,5.0,1.0,4.0,2020-01-24 09:30:24.142355,319.95,320.0,0
2020-01-24 09:30:25,N,AAPL,319.95,4.0,320.0,1.0,0.0,-1.0,2020-01-24 09:30:25.029320,319.86,319.93,-1
2020-01-24 09:30:26,N,AAPL,319.86,2.0,319.93,2.0,0.0,0.0,2020-01-24 09:30:26.107619,319.98,320.03,1
2020-01-24 09:30:27,N,AAPL,319.98,3.0,320.03,2.0,2.0,-2.0,2020-01-24 09:30:27.981274,320.06,320.09,1
2020-01-24 09:30:28,N,AAPL,320.06,2.0,320.09,2.0,0.0,0.0,2020-01-24 09:30:28.360703,320.03,320.1,0
2020-01-24 09:30:29,N,AAPL,320.03,1.0,320.1,2.0,0.0,-2.0,2020-01-24 09:30:29.235230,320.09,320.12,0
2020-01-24 09:30:30,N,AAPL,320.09,2.0,320.12,1.0,1.0,0.0,2020-01-24 09:30:30.030969,320.03,320.1,0
2020-01-24 09:30:32,N,AAPL,320.03,2.0,320.1,1.0,-1.0,-10.0,2020-01-24 09:30:32.508267,320.01,320.05,0
2020-01-24 09:30:33,N,AAPL,320.01,2.0,320.05,1.0,1.0,-1.0,2020-01-24 09:30:33.378420,319.94,319.98,-1
2020-01-24 09:30:34,N,AAPL,319.94,2.0,319.98,2.0,1.0,1.0,2020-01-24 09:30:34.254066,319.9,319.94,0
2020-01-24 09:30:36,N,AAPL,319.9,1.0,319.94,4.0,-1.0,2.0,2020-01-24 09:30:36.169867,319.89,319.95,0
2020-01-24 09:30:37,N,AAPL,319.89,1.0,319.95,3.0,-1.0,1.0,2020-01-24 09:30:37.327921,319.95,320.03,0
2020-01-24 09:30:38,N,AAPL,319.95,2.0,320.03,1.0,0.0,-2.0,2020-01-24 09:30:38.045824,319.99,320.05,0
2020-01-24 09:30:39,N,AAPL,319.99,5.0,320.05,1.0,2.0,-5.0,2020-01-24 09:30:39.025069,319.97,320.03,0
2020-01-24 09:30:40,N,AAPL,319.97,2.0,320.03,4.0,0.0,2.0,2020-01-24 09:30:40.238556,320.02,320.09,0
2020-01-24 09:30:41,N,AAPL,320.02,1.0,320.09,3.0,-1.0,2.0,2020-01-24 09:30:41.260782,320.01,320.09,0
2020-01-24 09:30:42,N,AAPL,320.01,2.0,320.09,2.0,0.0,0.0,2020-01-24 09:30:42.280712,320.01,320.09,0
2020-01-24 09:30:43,N,AAPL,320.01,2.0,320.09,2.0,0.0,0.0,2020-01-24 09:30:43.292908,320.07,320.12,0
2020-01-24 09:30:44,N,AAPL,320.07,3.0,320.12,2.0,1.0,0.0,2020-01-24 09:30:44.483264,320.08,320.16,0
2020-01-24 09:30:45,N,AAPL,320.08,1.0,320.16,2.0,-1.0,1.0,2020-01-24 09:30:45.246758,320.09,320.13,0
2020-01-24 09:30:46,N,AAPL,320.09,2.0,320.13,1.0,-4.0,0.0,2020-01-24 09:30:46.989912,320.12,320.17,0
2020-01-24 09:30:47,N,AAPL,320.12,2.0,320.17,20.0,0.0,19.0,2020-01-24 09:30:47.022947,320.15,320.2,0
2020-01-24 09:30:48,N,AAPL,320.15,2.0,320.2,2.0,0.0,-18.0,2020-01-24 09:30:48.079490,320.13,320.2,0
2020-01-24 09:30:49,N,AAPL,320.13,2.0,320.2,4.0,-2.0,2.0,2020-01-24 09:30:49.049396,320.13,320.19,0
2020-01-24 09:30:50,N,AAPL,320.13,3.0,320.19,4.0,-1.0,2.0,2020-01-24 09:30:50.073552,320.11,320.17,0
2020-01-24 09:30:51,N,AAPL,320.11,2.0,320.17,1.0,1.0,-3.0,2020-01-24 09:30:51.084276,320.1,320.17,0
2020-01-24 09:30:52,N,AAPL,320.1,4.0,320.17,1.0,3.0,0.0,2020-01-24 09:30:52.756928,320.1,320.18,0
2020-01-24 09:30:53,N,AAPL,320.1,1.0,320.18,1.0,0.0,0.0,2020-01-24 09:30:53.144070,320.08,320.12,0
2020-01-24 09:30:54,N,AAPL,320.08,2.0,320.12,2.0,1.0,1.0,2020-01-24 09:30:54.093484,320.05,320.09,0
2020-01-24 09:30:55,N,AAPL,320.05,5.0,320.09,2.0,-2.0,-2.0,2020-01-24 09:30:55.337111,320.08,320.16,0
2020-01-24 09:30:56,N,AAPL,320.08,2.0,320.16,3.0,0.0,1.0,2020-01-24 09:30:56.069174,320.08,320.16,0
2020-01-24 09:30:58,N,AAPL,320.08,2.0,320.16,1.0,0.0,-1.0,2020-01-24 09:30:58.136631,320.05,320.13,0
2020-01-24 09:30:59,N,AAPL,320.05,7.0,320.13,4.0,1.0,2.0,2020-01-24 09:30:59.068935,320.05,320.13,0
2020-01-24 09:31:00,N,AAPL,320.05,6.0,320.13,2.0,4.0,-2.0,2020-01-24 09:31:00.117586,320.04,320.07,0
2020-01-24 09:31:01,N,AAPL,320.04,2.0,320.07,1.0,-4.0,-1.0,2020-01-24 09:31:01.011314,320.02,320.08,0
2020-01-24 09:31:02,N,AAPL,320.02,4.0,320.08,2.0,2.0,0.0,2020-01-24 09:31:02.006554,320.02,320.08,0
2020-01-24 09:31:03,N,AAPL,320.02,4.0,320.08,1.0,3.0,-2.0,2020-01-24 09:31:03.860074,320.02,320.03,0
2020-01-24 09:31:04,N,AAPL,320.02,2.0,320.03,2.0,0.0,0.0,2020-01-24 09:31:04.048675,319.97,320.03,0
2020-01-24 09:31:05,N,AAPL,319.97,2.0,320.03,2.0,1.0,-1.0,2020-01-24 09:31:05.037894,319.99,320.05,0
2020-01-24 09:31:06,N,AAPL,319.99,4.0,320.05,2.0,2.0,1.0,2020-01-24 09:31:06.007525,320.06,320.12,1
2020-01-24 09:31:07,N,AAPL,320.06,2.0,320.12,2.0,0.0,0.0,2020-01-24 09:31:07.150274,320.02,320.08,0
2020-01-24 09:31:08,N,AAPL,320.02,2.0,320.08,4.0,0.0,2.0,2020-01-24 09:31:08.362706,320.09,320.15,1
2020-01-24 09:31:09,N,AAPL,320.09,2.0,320.15,2.0,0.0,0.0,2020-01-24 09:31:09.023108,320.17,320.24,1
2020-01-24 09:31:10,N,AAPL,320.17,2.0,320.24,3.0,0.0,2.0,2020-01-24 09:31:10.070659,320.34,320.39,1
2020-01-24 09:31:11,N,AAPL,320.34,3.0,320.39,1.0,-1.0,-1.0,2020-01-24 09:31:11.036174,320.33,320.4,0
2020-01-24 09:31:12,N,AAPL,320.33,4.0,320.4,2.0,2.0,0.0,2020-01-24 09:31:12.033996,320.35,320.43,0
2020-01-24 09:31:13,N,AAPL,320.35,1.0,320.43,4.0,-9.0,2.0,2020-01-24 09:31:13.086595,320.46,320.5,1
2020-01-24 09:31:14,N,AAPL,320.46,4.0,320.5,25.0,2.0,24.0,2020-01-24 09:31:14.179277,320.58,320.6,1
2020-01-24 09:31:16,N,AAPL,320.58,4.0,320.6,1.0,2.0,-2.0,2020-01-24 09:31:16.880868,320.59,320.6,0
2020-01-24 09:31:17,N,AAPL,320.59,2.0,320.6,1.0,-2.0,0.0,2020-01-24 09:31:17.002299,320.65,320.7,1
2020-01-24 09:31:19,N,AAPL,320.65,1.0,320.7,5.0,0.0,4.0,2020-01-24 09:31:19.834810,320.63,320.69,0
2020-01-24 09:31:20,N,AAPL,320.63,3.0,320.69,2.0,2.0,-2.0,2020-01-24 09:31:20.147506,320.62,320.66,0
2020-01-24 09:31:21,N,AAPL,320.62,1.0,320.66,1.0,-1.0,-3.0,2020-01-24 09:31:21.055614,320.6,320.64,0
2020-01-24 09:31:22,N,AAPL,320.6,2.0,320.64,2.0,-1.0,0.0,2020-01-24 09:31:22.059830,320.56,320.64,0
2020-01-24 09:31:23,N,AAPL,320.56,2.0,320.64,2.0,-1.0,-1.0,2020-01-24 09:31:23.058594,320.54,320.58,0
2020-01-24 09:31:26,N,AAPL,320.54,2.0,320.58,4.0,0.0,-18.0,2020-01-24 09:31:26.362442,320.48,320.55,0
2020-01-24 09:31:27,N,AAPL,320.48,1.0,320.55,2.0,-1.0,0.0,2020-01-24 09:31:27.347714,320.48,320.54,0
2020-01-24 09:31:28,N,AAPL,320.48,1.0,320.54,3.0,0.0,1.0,2020-01-24 09:31:28.000670,320.45,320.49,0
2020-01-24 09:31:29,N,AAPL,320.45,2.0,320.49,2.0,1.0,-1.0,2020-01-24 09:31:29.049758,320.4,320.45,0
2020-01-24 09:31:31,N,AAPL,320.4,2.0,320.45,2.0,1.0,1.0,2020-01-24 09:31:31.037289,320.37,320.44,0
2020-01-24 09:31:32,N,AAPL,320.37,2.0,320.44,2.0,1.0,1.0,2020-01-24 09:31:32.038217,320.42,320.48,0
2020-01-24 09:31:33,N,AAPL,320.42,2.0,320.48,5.0,0.0,3.0,2020-01-24 09:31:33.411690,320.44,320.5,0
2020-01-24 09:31:34,N,AAPL,320.44,2.0,320.5,2.0,-1.0,0.0,2020-01-24 09:31:34.432175,320.48,320.55,0
2020-01-24 09:31:35,N,AAPL,320.48,1.0,320.55,13.0,-3.0,12.0,2020-01-24 09:31:35.991057,320.48,320.55,0
2020-01-24 09:31:36,N,AAPL,320.48,4.0,320.55,13.0,0.0,0.0,2020-01-24 09:31:36.053130,320.53,320.56,0
2020-01-24 09:31:37,N,AAPL,320.53,4.0,320.56,1.0,-24.0,-14.0,2020-01-24 09:31:37.040077,320.53,320.59,0
2020-01-24 09:31:38,N,AAPL,320.53,2.0,320.59,15.0,0.0,0.0,2020-01-24 09:31:38.124061,320.58,320.59,0
2020-01-24 09:31:39,N,AAPL,320.58,3.0,320.59,10.0,1.0,-5.0,2020-01-24 09:31:39.921789,320.54,320.59,0
2020-01-24 09:31:40,N,AAPL,320.54,2.0,320.59,10.0,-5.0,0.0,2020-01-24 09:31:40.176372,320.56,320.59,0
2020-01-24 09:31:41,N,AAPL,320.56,4.0,320.59,16.0,2.0,-1.0,2020-01-24 09:31:41.122766,320.63,320.68,1
2020-01-24 09:31:42,N,AAPL,320.63,2.0,320.68,2.0,0.0,-2.0,2020-01-24 09:31:42.123399,320.59,320.66,0
2020-01-24 09:31:43,N,AAPL,320.59,4.0,320.66,3.0,3.0,1.0,2020-01-24 09:31:43.036122,320.6,320.65,0
2020-01-24 09:31:44,N,AAPL,320.6,1.0,320.65,2.0,-1.0,0.0,2020-01-24 09:31:44.439219,320.65,320.7,0
2020-01-24 09:31:45,N,AAPL,320.65,2.0,320.7,3.0,0.0,1.0,2020-01-24 09:31:45.352502,320.67,320.73,0
2020-01-24 09:31:46,N,AAPL,320.67,1.0,320.73,4.0,-1.0,2.0,2020-01-24 09:31:46.110305,320.7,320.77,0
2020-01-24 09:31:47,N,AAPL,320.7,2.0,320.77,1.0,0.0,0.0,2020-01-24 09:31:47.050589,320.71,320.78,0
2020-01-24 09:31:48,N,AAPL,320.71,4.0,320.78,1.0,2.0,0.0,2020-01-24 09:31:48.021011,320.65,320.73,0
2020-01-24 09:31:49,N,AAPL,320.65,3.0,320.73,2.0,2.0,-2.0,2020-01-24 09:31:49.095218,320.67,320.71,0
2020-01-24 09:31:50,N,AAPL,320.67,1.0,320.71,1.0,-1.0,0.0,2020-01-24 09:31:50.019579,320.75,320.78,1
2020-01-24 09:31:52,N,AAPL,320.75,2.0,320.78,1.0,1.0,-1.0,2020-01-24 09:31:52.483524,320.76,320.79,0
2020-01-24 09:31:53,N,AAPL,320.76,1.0,320.79,2.0,-1.0,1.0,2020-01-24 09:31:53.052348,320.81,320.85,1
2020-01-24 09:31:55,N,AAPL,320.81,2.0,320.85,1.0,1.0,-1.0,2020-01-24 09:31:55.111842,320.85,320.87,0
2020-01-24 09:31:57,N,AAPL,320.85,4.0,320.87,2.0,2.0,1.0,2020-01-24 09:31:57.532472,320.76,320.81,-1
2020-01-24 09:31:58,N,AAPL,320.76,3.0,320.81,2.0,2.0,1.0,2020-01-24 09:31:58.028731,320.71,320.76,0
2020-01-24 09:31:59,N,AAPL,320.71,1.0,320.76,4.0,-1.0,3.0,2020-01-24 09:31:59.395345,320.77,320.83,1
2020-01-24 09:32:00,N,AAPL,320.77,3.0,320.83,2.0,1.0,1.0,2020-01-24 09:32:00.112715,320.75,320.82,0
2020-01-24 09:32:01,N,AAPL,320.75,1.0,320.82,2.0,-1.0,0.0,2020-01-24 09:32:01.190571,320.81,320.86,0
2020-01-24 09:32:02,N,AAPL,320.81,2.0,320.86,2.0,1.0,-2.0,2020-01-24 09:32:02.091940,320.71,320.75,-1
2020-01-24 09:32:03,N,AAPL,320.71,1.0,320.75,3.0,0.0,1.0,2020-01-24 09:32:03.105913,320.64,320.69,-1
2020-01-24 09:32:04,N,AAPL,320.64,1.0,320.69,3.0,-3.0,-1.0,2020-01-24 09:32:04.039642,320.68,320.72,0
2020-01-24 09:32:05,N,AAPL,320.68,2.0,320.72,2.0,1.0,-1.0,2020-01-24 09:32:05.616804,320.67,320.76,0
2020-01-24 09:32:06,N,AAPL,320.67,1.0,320.76,2.0,0.0,-2.0,2020-01-24 09:32:06.003944,320.71,320.76,0
2020-01-24 09:32:07,N,AAPL,320.71,1.0,320.76,4.0,0.0,3.0,2020-01-24 09:32:07.135677,320.74,320.81,0
2020-01-24 09:32:08,N,AAPL,320.74,3.0,320.81,3.0,-1.0,0.0,2020-01-24 09:32:08.038015,320.76,320.84,0
2020-01-24 09:32:09,N,AAPL,320.76,4.0,320.84,2.0,2.0,0.0,2020-01-24 09:32:09.021700,320.71,320.76,0
2020-01-24 09:32:11,N,AAPL,320.71,3.0,320.76,3.0,-1.0,2.0,2020-01-24 09:32:11.063072,320.74,320.81,0
2020-01-24 09:32:13,N,AAPL,320.74,2.0,320.81,2.0,-1.0,-2.0,2020-01-24 09:32:13.511892,320.76,320.82,0
2020-01-24 09:32:14,N,AAPL,320.76,1.0,320.82,2.0,-1.0,0.0,2020-01-24 09:32:14.050792,320.76,320.8,0
2020-01-24 09:32:15,N,AAPL,320.76,1.0,320.8,4.0,-1.0,2.0,2020-01-24 09:32:15.699854,320.72,320.77,0
2020-01-24 09:32:16,N,AAPL,320.72,1.0,320.77,2.0,0.0,0.0,2020-01-24 09:32:16.093624,320.67,320.71,-1
2020-01-24 09:32:17,N,AAPL,320.67,1.0,320.71,3.0,-3.0,1.0,2020-01-24 09:32:17.081564,320.62,320.71,0
2020-01-24 09:32:18,N,AAPL,320.62,3.0,320.71,2.0,2.0,0.0,2020-01-24 09:32:18.024646,320.66,320.71,0
2020-01-24 09:32:20,N,AAPL,320.66,1.0,320.71,4.0,0.0,0.0,2020-01-24 09:32:20.391866,320.66,320.71,0
2020-01-24 09:32:21,N,AAPL,320.66,1.0,320.71,4.0,0.0,3.0,2020-01-24 09:32:21.104095,320.61,320.66,0
2020-01-24 09:32:22,N,AAPL,320.61,9.0,320.66,1.0,0.0,-3.0,2020-01-24 09:32:22.064651,320.61,320.63,0
2020-01-24 09:32:23,N,AAPL,320.61,1.0,320.63,2.0,-1.0,1.0,2020-01-24 09:32:23.096256,320.64,320.68,1
2020-01-24 09:32:24,N,AAPL,320.64,2.0,320.68,2.0,1.0,-1.0,2020-01-24 09:32:24.188468,320.66,320.74,0
2020-01-24 09:32:25,N,AAPL,320.66,1.0,320.74,2.0,0.0,-2.0,2020-01-24 09:32:25.010373,320.63,320.71,0
2020-01-24 09:32:26,N,AAPL,320.63,11.0,320.71,2.0,0.0,-2.0,2020-01-24 09:32:26.002253,320.77,320.83,1
2020-01-24 09:32:27,N,AAPL,320.77,2.0,320.83,2.0,1.0,1.0,2020-01-24 09:32:27.677270,320.77,320.84,0
2020-01-24 09:32:28,N,AAPL,320.77,3.0,320.84,1.0,1.0,-1.0,2020-01-24 09:32:28.166544,320.79,320.83,0
2020-01-24 09:32:29,N,AAPL,320.79,1.0,320.83,1.0,0.0,0.0,2020-01-24 09:32:29.039219,320.85,320.91,1
2020-01-24 09:32:30,N,AAPL,320.85,3.0,320.91,1.0,-2.0,-1.0,2020-01-24 09:32:30.123013,320.91,320.93,0
2020-01-24 09:32:31,N,AAPL,320.91,2.0,320.93,2.0,1.0,0.0,2020-01-24 09:32:31.175904,320.9,320.94,0
2020-01-24 09:32:32,N,AAPL,320.9,5.0,320.94,4.0,3.0,3.0,2020-01-24 09:32:32.363294,320.9,320.93,0
2020-01-24 09:32:33,N,AAPL,320.9,1.0,320.93,4.0,-1.0,-16.0,2020-01-24 09:32:33.545853,320.85,320.88,-1
2020-01-24 09:32:34,N,AAPL,320.85,2.0,320.88,4.0,0.0,3.0,2020-01-24 09:32:34.111131,320.9,320.95,1
2020-01-24 09:32:35,N,AAPL,320.9,2.0,320.95,2.0,0.0,1.0,2020-01-24 09:32:35.206600,320.88,320.95,0
2020-01-24 09:32:36,N,AAPL,320.88,4.0,320.95,3.0,-4.0,-1.0,2020-01-24 09:32:36.018517,320.83,320.88,0
2020-01-24 09:32:37,N,AAPL,320.83,4.0,320.88,4.0,2.0,0.0,2020-01-24 09:32:37.117510,320.87,320.92,0
2020-01-24 09:32:38,N,AAPL,320.87,1.0,320.92,2.0,-2.0,-2.0,2020-01-24 09:32:38.510833,320.87,320.94,0
2020-01-24 09:32:39,N,AAPL,320.87,2.0,320.94,4.0,0.0,2.0,2020-01-24 09:32:39.099343,320.87,320.93,0
2020-01-24 09:32:40,N,AAPL,320.87,2.0,320.93,2.0,0.0,1.0,2020-01-24 09:32:40.014897,320.89,320.93,0
2020-01-24 09:32:41,N,AAPL,320.89,2.0,320.93,2.0,0.0,1.0,2020-01-24 09:32:41.388380,320.86,320.9,0
2020-01-24 09:32:42,N,AAPL,320.86,5.0,320.9,3.0,3.0,1.0,2020-01-24 09:32:42.252909,320.81,320.87,0
2020-01-24 09:32:43,N,AAPL,320.81,4.0,320.87,16.0,-3.0,14.0,2020-01-24 09:32:43.134587,320.78,320.8,-1
2020-01-24 09:32:44,N,AAPL,320.78,1.0,320.8,4.0,0.0,2.0,2020-01-24 09:32:44.426457,320.76,320.82,0
2020-01-24 09:32:45,N,AAPL,320.76,9.0,320.82,2.0,0.0,0.0,2020-01-24 09:32:45.871633,320.77,320.82,0
2020-01-24 09:32:46,N,AAPL,320.77,4.0,320.82,2.0,3.0,0.0,2020-01-24 09:32:46.004327,320.77,320.82,0
2020-01-24 09:32:47,N,AAPL,320.77,2.0,320.82,1.0,-7.0,-1.0,2020-01-24 09:32:47.221033,320.79,320.85,0
2020-01-24 09:32:48,N,AAPL,320.79,2.0,320.85,3.0,0.0,0.0,2020-01-24 09:32:48.106021,320.8,320.85,0
2020-01-24 09:32:49,N,AAPL,320.8,1.0,320.85,11.0,-2.0,10.0,2020-01-24 09:32:49.706252,320.81,320.86,0
2020-01-24 09:32:50,N,AAPL,320.81,4.0,320.86,4.0,3.0,-8.0,2020-01-24 09:32:50.701669,320.83,320.87,0
2020-01-24 09:32:51,N,AAPL,320.83,5.0,320.87,42.0,0.0,1.0,2020-01-24 09:32:51.122422,320.8,320.85,0
2020-01-24 09:32:52,N,AAPL,320.8,6.0,320.85,1.0,-2.0,0.0,2020-01-24 09:32:52.138480,320.76,320.81,0
2020-01-24 09:32:53,N,AAPL,320.76,5.0,320.81,2.0,4.0,0.0,2020-01-24 09:32:53.069275,320.8,320.87,0
2020-01-24 09:32:54,N,AAPL,320.8,4.0,320.87,50.0,2.0,48.0,2020-01-24 09:32:54.006419,320.85,320.87,0
2020-01-24 09:32:55,N,AAPL,320.85,1.0,320.87,88.0,0.0,31.0,2020-01-24 09:32:55.136803,320.88,320.93,1
2020-01-24 09:32:56,N,AAPL,320.88,2.0,320.93,1.0,1.0,-3.0,2020-01-24 09:32:56.348705,320.89,320.94,0
2020-01-24 09:32:57,N,AAPL,320.89,2.0,320.94,1.0,0.0,-2.0,2020-01-24 09:32:57.384962,320.91,320.96,0
2020-01-24 09:32:58,N,AAPL,320.91,2.0,320.96,4.0,1.0,1.0,2020-01-24 09:32:58.007268,320.89,320.93,0
2020-01-24 09:32:59,N,AAPL,320.89,2.0,320.93,2.0,0.0,0.0,2020-01-24 09:32:59.413630,320.89,320.95,0
2020-01-24 09:33:00,N,AAPL,320.89,1.0,320.95,3.0,0.0,1.0,2020-01-24 09:33:00.011974,320.78,320.82,-1
2020-01-24 09:33:03,N,AAPL,320.78,5.0,320.82,2.0,3.0,-1.0,2020-01-24 09:33:03.089081,320.81,320.85,0
2020-01-24 09:33:04,N,AAPL,320.81,6.0,320.85,2.0,5.0,0.0,2020-01-24 09:33:04.744193,320.84,320.91,0
2020-01-24 09:33:05,N,AAPL,320.84,3.0,320.91,1.0,-1.0,-1.0,2020-01-24 09:33:05.238647,320.87,320.92,0
2020-01-24 09:33:06,N,AAPL,320.87,4.0,320.92,1.0,2.0,0.0,2020-01-24 09:33:06.036659,320.91,320.95,0
2020-01-24 09:33:07,N,AAPL,320.91,2.0,320.95,4.0,0.0,2.0,2020-01-24 09:33:07.473731,320.95,320.97,0
2020-01-24 09:33:09,N,AAPL,320.95,1.0,320.97,2.0,-1.0,-2.0,2020-01-24 09:33:09.491866,320.96,320.99,0
2020-01-24 09:33:10,N,AAPL,320.96,2.0,320.99,4.0,0.0,0.0,2020-01-24 09:33:10.689803,320.95,321.0,0
2020-01-24 09:33:11,N,AAPL,320.95,1.0,321.0,152.0,0.0,148.0,2020-01-24 09:33:11.519968,320.91,320.95,0
2020-01-24 09:33:12,N,AAPL,320.91,1.0,320.95,1.0,-3.0,-3.0,2020-01-24 09:33:12.020702,320.87,320.91,0
2020-01-24 09:33:13,N,AAPL,320.87,1.0,320.91,1.0,-1.0,-1.0,2020-01-24 09:33:13.025239,320.86,320.93,0
2020-01-24 09:33:14,N,AAPL,320.86,2.0,320.93,2.0,-2.0,1.0,2020-01-24 09:33:14.136911,320.82,320.87,0
2020-01-24 09:33:16,N,AAPL,320.82,9.0,320.87,1.0,1.0,0.0,2020-01-24 09:33:16.513565,320.82,320.89,0
2020-01-24 09:33:17,N,AAPL,320.82,6.0,320.89,1.0,1.0,-1.0,2020-01-24 09:33:17.074441,320.93,320.96,1
2020-01-24 09:33:18,N,AAPL,320.93,1.0,320.96,2.0,-6.0,0.0,2020-01-24 09:33:18.242320,320.92,320.96,0
2020-01-24 09:33:19,N,AAPL,320.92,4.0,320.96,1.0,0.0,-1.0,2020-01-24 09:33:19.030775,320.92,320.98,0
2020-01-24 09:33:20,N,AAPL,320.92,6.0,320.98,2.0,2.0,1.0,2020-01-24 09:33:20.216399,320.9,320.93,0
2020-01-24 09:33:21,N,AAPL,320.9,2.0,320.93,2.0,0.0,0.0,2020-01-24 09:33:21.344480,320.84,320.89,-1
2020-01-24 09:33:22,N,AAPL,320.84,3.0,320.89,1.0,1.0,0.0,2020-01-24 09:33:22.339347,320.85,320.89,0
2020-01-24 09:33:23,N,AAPL,320.85,1.0,320.89,1.0,-2.0,0.0,2020-01-24 09:33:23.440149,320.89,320.91,0
2020-01-24 09:33:24,N,AAPL,320.89,1.0,320.91,2.0,-2.0,-1.0,2020-01-24 09:33:24.524196,320.87,320.91,0
2020-01-24 09:33:25,N,AAPL,320.87,2.0,320.91,2.0,0.0,0.0,2020-01-24 09:33:25.401071,320.91,320.93,0
2020-01-24 09:33:26,N,AAPL,320.91,4.0,320.93,7.0,0.0,5.0,2020-01-24 09:33:26.188631,320.89,320.92,0
2020-01-24 09:33:27,N,AAPL,320.89,3.0,320.92,2.0,2.0,-5.0,2020-01-24 09:33:27.496569,320.86,320.88,-1
2020-01-24 09:33:30,N,AAPL,320.86,4.0,320.88,1.0,-5.0,-1.0,2020-01-24 09:33:30.368835,320.85,320.9,0
2020-01-24 09:33:31,N,AAPL,320.85,9.0,320.9,2.0,-1.0,0.0,2020-01-24 09:33:31.366081,320.83,320.89,0
2020-01-24 09:33:32,N,AAPL,320.83,6.0,320.89,2.0,0.0,1.0,2020-01-24 09:33:32.089833,320.84,320.88,0
2020-01-24 09:33:33,N,AAPL,320.84,1.0,320.88,2.0,-5.0,0.0,2020-01-24 09:33:33.497192,320.84,320.87,0
2020-01-24 09:33:34,N,AAPL,320.84,9.0,320.87,4.0,-1.0,2.0,2020-01-24 09:33:34.141084,320.83,320.87,0
2020-01-24 09:33:35,N,AAPL,320.83,6.0,320.87,2.0,4.0,0.0,2020-01-24 09:33:35.896490,320.83,320.89,0
2020-01-24 09:33:36,N,AAPL,320.83,6.0,320.89,3.0,0.0,1.0,2020-01-24 09:33:36.034800,320.88,320.9,0
2020-01-24 09:33:38,N,AAPL,320.88,4.0,320.9,1.0,-5.0,-1.0,2020-01-24 09:33:38.537826,320.9,320.93,0
2020-01-24 09:33:39,N,AAPL,320.9,1.0,320.93,3.0,0.0,2.0,2020-01-24 09:33:39.822343,320.89,320.93,0
2020-01-24 09:33:40,N,AAPL,320.89,1.0,320.93,6.0,-1.0,0.0,2020-01-24 09:33:40.004831,320.84,320.87,-1
2020-01-24 09:33:41,N,AAPL,320.84,10.0,320.87,4.0,8.0,0.0,2020-01-24 09:33:41.016880,320.87,320.91,0
2020-01-24 09:33:43,N,AAPL,320.87,2.0,320.91,1.0,-1.0,-3.0,2020-01-24 09:33:43.080710,320.82,320.84,-1
2020-01-24 09:33:44,N,AAPL,320.82,2.0,320.84,2.0,0.0,0.0,2020-01-24 09:33:44.460547,320.76,320.79,-1
2020-01-24 09:33:45,N,AAPL,320.76,2.0,320.79,2.0,1.0,0.0,2020-01-24 09:33:45.334978,320.69,320.75,-1
2020-01-24 09:33:46,N,AAPL,320.69,2.0,320.75,2.0,0.0,0.0,2020-01-24 09:33:46.055665,320.7,320.75,0
2020-01-24 09:33:47,N,AAPL,320.7,2.0,320.75,1.0,1.0,-1.0,2020-01-24 09:33:47.217985,320.74,320.79,0
2020-01-24 09:33:48,N,AAPL,320.74,3.0,320.79,2.0,1.0,0.0,2020-01-24 09:33:48.305537,320.74,320.78,0
2020-01-24 09:33:49,N,AAPL,320.74,3.0,320.78,2.0,1.0,0.0,2020-01-24 09:33:49.047758,320.77,320.83,0
2020-01-24 09:33:50,N,AAPL,320.77,4.0,320.83,3.0,2.0,1.0,2020-01-24 09:33:50.128806,320.77,320.82,0
2020-01-24 09:33:51,N,AAPL,320.77,3.0,320.82,2.0,2.0,0.0,2020-01-24 09:33:51.063107,320.76,320.79,0
2020-01-24 09:33:52,N,AAPL,320.76,2.0,320.79,1.0,1.0,-1.0,2020-01-24 09:33:52.106462,320.74,320.79,0
2020-01-24 09:33:53,N,AAPL,320.74,4.0,320.79,2.0,3.0,0.0,2020-01-24 09:33:53.813633,320.72,320.76,0
2020-01-24 09:33:54,N,AAPL,320.72,11.0,320.76,2.0,7.0,0.0,2020-01-24 09:33:54.289127,320.78,320.81,1
2020-01-24 09:33:55,N,AAPL,320.78,2.0,320.81,2.0,0.0,1.0,2020-01-24 09:33:55.343463,320.79,320.83,0
2020-01-24 09:33:57,N,AAPL,320.79,1.0,320.83,4.0,-1.0,2.0,2020-01-24 09:33:57.353027,320.8,320.84,0
2020-01-24 09:33:58,N,AAPL,320.8,1.0,320.84,4.0,-2.0,3.0,2020-01-24 09:33:58.344128,320.84,320.88,0
2020-01-24 09:34:00,N,AAPL,320.84,2.0,320.88,2.0,1.0,1.0,2020-01-24 09:34:00.321626,320.81,320.85,0
2020-01-24 09:34:01,N,AAPL,320.81,9.0,320.85,1.0,3.0,-1.0,2020-01-24 09:34:01.119289,320.79,320.81,0
2020-01-24 09:34:02,N,AAPL,320.79,6.0,320.81,4.0,-3.0,3.0,2020-01-24 09:34:02.064983,320.74,320.77,-1
2020-01-24 09:34:03,N,AAPL,320.74,3.0,320.77,2.0,1.0,0.0,2020-01-24 09:34:03.315170,320.73,320.76,0
2020-01-24 09:34:05,N,AAPL,320.73,3.0,320.76,4.0,0.0,3.0,2020-01-24 09:34:05.115595,320.7,320.75,0
2020-01-24 09:34:06,N,AAPL,320.7,5.0,320.75,2.0,0.0,-2.0,2020-01-24 09:34:06.014461,320.67,320.72,0
2020-01-24 09:34:07,N,AAPL,320.67,2.0,320.72,2.0,-3.0,-2.0,2020-01-24 09:34:07.683090,320.64,320.69,0
2020-01-24 09:34:08,N,AAPL,320.64,3.0,320.69,2.0,1.0,1.0,2020-01-24 09:34:08.329420,320.61,320.64,0
2020-01-24 09:34:09,N,AAPL,320.61,1.0,320.64,4.0,-1.0,2.0,2020-01-24 09:34:09.072538,320.6,320.61,0
2020-01-24 09:34:10,N,AAPL,320.6,2.0,320.61,4.0,1.0,3.0,2020-01-24 09:34:10.102182,320.6,320.66,0
2020-01-24 09:34:11,N,AAPL,320.6,2.0,320.66,3.0,0.0,-4.0,2020-01-24 09:34:11.046149,320.67,320.7,1
2020-01-24 09:34:12,N,AAPL,320.67,4.0,320.7,2.0,2.0,-5.0,2020-01-24 09:34:12.753790,320.7,320.74,0
2020-01-24 09:34:13,N,AAPL,320.7,2.0,320.74,1.0,-2.0,-1.0,2020-01-24 09:34:13.747182,320.7,320.74,0
2020-01-24 09:34:14,N,AAPL,320.7,2.0,320.74,1.0,-2.0,0.0,2020-01-24 09:34:14.003162,320.74,320.78,0
2020-01-24 09:34:15,N,AAPL,320.74,1.0,320.78,3.0,0.0,1.0,2020-01-24 09:34:15.013431,320.73,320.77,0
2020-01-24 09:34:16,N,AAPL,320.73,2.0,320.77,2.0,0.0,1.0,2020-01-24 09:34:16.094329,320.66,320.72,-1
2020-01-24 09:34:17,N,AAPL,320.66,2.0,320.72,3.0,0.0,1.0,2020-01-24 09:34:17.040311,320.66,320.72,0
2020-01-24 09:34:18,N,AAPL,320.66,7.0,320.72,2.0,6.0,0.0,2020-01-24 09:34:18.606517,320.73,320.79,1
2020-01-24 09:34:19,N,AAPL,320.73,3.0,320.79,3.0,1.0,1.0,2020-01-24 09:34:19.596727,320.72,320.75,0
2020-01-24 09:34:20,N,AAPL,320.72,2.0,320.75,1.0,0.0,-1.0,2020-01-24 09:34:20.604478,320.75,320.79,0
2020-01-24 09:34:21,N,AAPL,320.75,4.0,320.79,2.0,-2.0,0.0,2020-01-24 09:34:21.067347,320.8,320.84,1
2020-01-24 09:34:22,N,AAPL,320.8,1.0,320.84,2.0,-1.0,1.0,2020-01-24 09:34:22.199266,320.79,320.84,0
2020-01-24 09:34:23,N,AAPL,320.79,2.0,320.84,2.0,1.0,1.0,2020-01-24 09:34:23.070383,320.79,320.84,0
2020-01-24 09:34:24,N,AAPL,320.79,2.0,320.84,1.0,0.0,0.0,2020-01-24 09:34:24.012230,320.79,320.85,0
2020-01-24 09:34:25,N,AAPL,320.79,2.0,320.85,4.0,0.0,2.0,2020-01-24 09:34:25.024086,320.87,320.91,1
2020-01-24 09:34:26,N,AAPL,320.87,2.0,320.91,2.0,-2.0,-2.0,2020-01-24 09:34:26.110552,320.85,320.89,0
2020-01-24 09:34:27,N,AAPL,320.85,8.0,320.89,4.0,5.0,3.0,2020-01-24 09:34:27.058280,320.86,320.91,0
2020-01-24 09:34:28,N,AAPL,320.86,2.0,320.91,2.0,-5.0,0.0,2020-01-24 09:34:28.011471,320.86,320.9,0
2020-01-24 09:34:29,N,AAPL,320.86,1.0,320.9,2.0,-1.0,0.0,2020-01-24 09:34:29.691816,320.86,320.9,0
2020-01-24 09:34:31,N,AAPL,320.86,1.0,320.9,2.0,0.0,0.0,2020-01-24 09:34:31.297547,320.86,320.91,0
2020-01-24 09:34:32,N,AAPL,320.86,2.0,320.91,2.0,-5.0,0.0,2020-01-24 09:34:32.040107,320.91,320.93,0
2020-01-24 09:34:34,N,AAPL,320.91,2.0,320.93,1.0,-4.0,-1.0,2020-01-24 09:34:34.059379,320.94,320.96,1
2020-01-24 09:34:36,N,AAPL,320.94,2.0,320.96,2.0,0.0,1.0,2020-01-24 09:34:36.953210,320.89,320.91,-1
2020-01-24 09:34:37,N,AAPL,320.89,1.0,320.91,4.0,-9.0,1.0,2020-01-24 09:34:37.484492,320.88,320.92,0
2020-01-24 09:34:38,N,AAPL,320.88,4.0,320.92,2.0,3.0,-2.0,2020-01-24 09:34:38.247984,320.85,320.87,-1
2020-01-24 09:34:39,N,AAPL,320.85,7.0,320.87,4.0,5.0,2.0,2020-01-24 09:34:39.390216,320.85,320.9,0
2020-01-24 09:34:40,N,AAPL,320.85,7.0,320.9,2.0,0.0,0.0,2020-01-24 09:34:40.222835,320.84,320.87,0
2020-01-24 09:34:41,N,AAPL,320.84,1.0,320.87,1.0,-10.0,-1.0,2020-01-24 09:34:41.338459,320.86,320.87,0
2020-01-24 09:34:43,N,AAPL,320.86,2.0,320.87,2.0,1.0,1.0,2020-01-24 09:34:43.473107,320.86,320.88,0
2020-01-24 09:34:45,N,AAPL,320.86,1.0,320.88,2.0,-1.0,1.0,2020-01-24 09:34:45.118002,320.82,320.86,0
2020-01-24 09:34:46,N,AAPL,320.82,4.0,320.86,4.0,2.0,3.0,2020-01-24 09:34:46.225719,320.84,320.87,0
2020-01-24 09:34:47,N,AAPL,320.84,2.0,320.87,1.0,0.0,0.0,2020-01-24 09:34:47.042393,320.82,320.85,0
2020-01-24 09:34:49,N,AAPL,320.82,4.0,320.85,4.0,2.0,3.0,2020-01-24 09:34:49.551198,320.81,320.86,0
2020-01-24 09:34:50,N,AAPL,320.81,9.0,320.86,7.0,5.0,3.0,2020-01-24 09:34:50.013886,320.75,320.77,-1
2020-01-24 09:34:51,N,AAPL,320.75,1.0,320.77,1.0,-7.0,-1.0,2020-01-24 09:34:51.149179,320.73,320.76,0
2020-01-24 09:34:52,N,AAPL,320.73,1.0,320.76,4.0,-1.0,3.0,2020-01-24 09:34:52.027802,320.73,320.77,0
2020-01-24 09:34:53,N,AAPL,320.73,2.0,320.77,4.0,0.0,2.0,2020-01-24 09:34:53.033257,320.74,320.78,0
2020-01-24 09:34:54,N,AAPL,320.74,3.0,320.78,2.0,2.0,1.0,2020-01-24 09:34:54.018047,320.73,320.8,0
2020-01-24 09:34:55,N,AAPL,320.73,2.0,320.8,3.0,0.0,0.0,2020-01-24 09:34:55.232348,320.75,320.8,0
2020-01-24 09:34:56,N,AAPL,320.75,4.0,320.8,2.0,0.0,1.0,2020-01-24 09:34:56.142986,320.75,320.8,0
2020-01-24 09:34:57,N,AAPL,320.75,1.0,320.8,4.0,-3.0,2.0,2020-01-24 09:34:57.432157,320.8,320.84,0
2020-01-24 09:34:58,N,AAPL,320.8,1.0,320.84,4.0,0.0,2.0,2020-01-24 09:34:58.259662,320.85,320.88,1
2020-01-24 09:35:00,N,AAPL,320.85,2.0,320.88,4.0,0.0,3.0,2020-01-24 09:35:00.057676,320.84,320.88,0
2020-01-24 09:35:01,N,AAPL,320.84,5.0,320.88,1.0,3.0,0.0,2020-01-24 09:35:01.084196,320.8,320.85,0
2020-01-24 09:35:02,N,AAPL,320.8,5.0,320.85,4.0,3.0,2.0,2020-01-24 09:35:02.031452,320.83,320.88,0
2020-01-24 09:35:03,N,AAPL,320.83,2.0,320.88,1.0,0.0,-1.0,2020-01-24 09:35:03.420474,320.89,320.91,1
2020-01-24 09:35:04,N,AAPL,320.89,2.0,320.91,2.0,-1.0,1.0,2020-01-24 09:35:04.510842,320.89,320.93,0
2020-01-24 09:35:05,N,AAPL,320.89,2.0,320.93,4.0,0.0,3.0,2020-01-24 09:35:05.169743,320.86,320.9,0
2020-01-24 09:35:06,N,AAPL,320.86,2.0,320.9,2.0,1.0,-1.0,2020-01-24 09:35:06.104480,320.85,320.9,0
2020-01-24 09:35:07,N,AAPL,320.85,1.0,320.9,4.0,-3.0,0.0,2020-01-24 09:35:07.004239,320.92,320.94,1
2020-01-24 09:35:09,N,AAPL,320.92,1.0,320.94,5.0,-2.0,3.0,2020-01-24 09:35:09.607395,320.91,320.94,0
2020-01-24 09:35:10,N,AAPL,320.91,4.0,320.94,4.0,2.0,2.0,2020-01-24 09:35:10.123568,320.98,321.0,1
2020-01-24 09:35:11,N,AAPL,320.98,8.0,321.0,155.0,6.0,153.0,2020-01-24 09:35:11.331320,320.93,320.98,0
2020-01-24 09:35:12,N,AAPL,320.93,2.0,320.98,4.0,0.0,3.0,2020-01-24 09:35:12.172168,320.94,320.99,0
2020-01-24 09:35:13,N,AAPL,320.94,2.0,320.99,4.0,1.0,-125.0,2020-01-24 09:35:13.107324,320.95,321.0,0
2020-01-24 09:35:14,N,AAPL,320.95,1.0,321.0,127.0,0.0,125.0,2020-01-24 09:35:14.008846,320.93,320.97,0
2020-01-24 09:35:15,N,AAPL,320.93,3.0,320.97,2.0,2.0,0.0,2020-01-24 09:35:15.503528,320.95,320.98,0
2020-01-24 09:35:16,N,AAPL,320.95,2.0,320.98,4.0,-1.0,2.0,2020-01-24 09:35:16.235549,320.95,320.98,0
2020-01-24 09:35:18,N,AAPL,320.95,3.0,320.98,4.0,1.0,0.0,2020-01-24 09:35:18.714796,320.97,321.0,0
2020-01-24 09:35:19,N,AAPL,320.97,1.0,321.0,113.0,-2.0,111.0,2020-01-24 09:35:19.699525,321.0,321.0,0
2020-01-24 09:35:20,N,AAPL,321.0,8.0,321.0,1.0,7.0,-112.0,2020-01-24 09:35:20.255019,321.02,321.07,1
2020-01-24 09:35:21,N,AAPL,321.02,1.0,321.07,4.0,0.0,3.0,2020-01-24 09:35:21.001419,321.05,321.08,0
2020-01-24 09:35:22,N,AAPL,321.05,1.0,321.08,2.0,0.0,-1.0,2020-01-24 09:35:22.462218,321.07,321.1,0
2020-01-24 09:35:23,N,AAPL,321.07,2.0,321.1,17.0,1.0,16.0,2020-01-24 09:35:23.123618,321.09,321.1,0
2020-01-24 09:35:24,N,AAPL,321.09,4.0,321.1,1.0,3.0,-16.0,2020-01-24 09:35:24.500717,321.08,321.09,0
2020-01-24 09:35:25,N,AAPL,321.08,1.0,321.09,1.0,0.0,0.0,2020-01-24 09:35:25.600473,321.08,321.1,0
2020-01-24 09:35:26,N,AAPL,321.08,3.0,321.1,1.0,2.0,0.0,2020-01-24 09:35:26.599233,321.08,321.1,0
2020-01-24 09:35:27,N,AAPL,321.08,1.0,321.1,1.0,0.0,0.0,2020-01-24 09:35:27.002384,321.04,321.08,0
2020-01-24 09:35:28,N,AAPL,321.04,4.0,321.08,1.0,1.0,-1.0,2020-01-24 09:35:28.023368,321.03,321.06,0
2020-01-24 09:35:29,N,AAPL,321.03,1.0,321.06,2.0,0.0,1.0,2020-01-24 09:35:29.130096,321.03,321.07,0
2020-01-24 09:35:30,N,AAPL,321.03,1.0,321.07,1.0,-1.0,0.0,2020-01-24 09:35:30.009539,320.98,321.0,-1
2020-01-24 09:35:31,N,AAPL,320.98,1.0,321.0,4.0,-1.0,2.0,2020-01-24 09:35:31.041773,320.92,320.96,-1
2020-01-24 09:35:32,N,AAPL,320.92,1.0,320.96,2.0,-2.0,-2.0,2020-01-24 09:35:32.233165,320.93,320.96,0
2020-01-24 09:35:33,N,AAPL,320.93,4.0,320.96,2.0,1.0,0.0,2020-01-24 09:35:33.083484,320.92,320.94,0
2020-01-24 09:35:34,N,AAPL,320.92,3.0,320.94,4.0,0.0,0.0,2020-01-24 09:35:34.202932,320.97,321.01,1
2020-01-24 09:35:35,N,AAPL,320.97,4.0,321.01,2.0,2.0,1.0,2020-01-24 09:35:35.432454,320.97,321.0,0
2020-01-24 09:35:36,N,AAPL,320.97,2.0,321.0,1.0,1.0,0.0,2020-01-24 09:35:36.497565,320.94,320.98,0
2020-01-24 09:35:37,N,AAPL,320.94,2.0,320.98,2.0,-2.0,0.0,2020-01-24 09:35:37.034479,320.97,321.02,0
2020-01-24 09:35:38,N,AAPL,320.97,3.0,321.02,2.0,2.0,0.0,2020-01-24 09:35:38.540865,320.99,321.03,0
2020-01-24 09:35:39,N,AAPL,320.99,1.0,321.03,1.0,0.0,-1.0,2020-01-24 09:35:39.788745,320.99,321.03,0
2020-01-24 09:35:40,N,AAPL,320.99,2.0,321.03,1.0,1.0,-1.0,2020-01-24 09:35:40.394938,320.94,320.97,-1
2020-01-24 09:35:41,N,AAPL,320.94,2.0,320.97,4.0,1.0,2.0,2020-01-24 09:35:41.002181,320.99,321.03,1
2020-01-24 09:35:42,N,AAPL,320.99,1.0,321.03,1.0,0.0,-2.0,2020-01-24 09:35:42.669718,321.01,321.05,0
2020-01-24 09:35:43,N,AAPL,321.01,2.0,321.05,1.0,1.0,0.0,2020-01-24 09:35:43.122669,320.99,321.04,0
2020-01-24 09:35:44,N,AAPL,320.99,1.0,321.04,3.0,-2.0,0.0,2020-01-24 09:35:44.158773,320.94,320.99,0
2020-01-24 09:35:45,N,AAPL,320.94,3.0,320.99,2.0,1.0,0.0,2020-01-24 09:35:45.023150,320.87,320.91,-1
2020-01-24 09:35:46,N,AAPL,320.87,2.0,320.91,2.0,0.0,1.0,2020-01-24 09:35:46.457671,320.85,320.9,0
2020-01-24 09:35:47,N,AAPL,320.85,2.0,320.9,2.0,-1.0,0.0,2020-01-24 09:35:47.187016,320.91,320.94,1
2020-01-24 09:35:48,N,AAPL,320.91,4.0,320.94,1.0,2.0,0.0,2020-01-24 09:35:48.126506,320.98,321.04,1
2020-01-24 09:35:49,N,AAPL,320.98,2.0,321.04,2.0,0.0,1.0,2020-01-24 09:35:49.008418,320.99,321.01,0
2020-01-24 09:35:51,N,AAPL,320.99,2.0,321.01,1.0,0.0,-2.0,2020-01-24 09:35:51.022642,321.0,321.04,0
2020-01-24 09:35:53,N,AAPL,321.0,1.0,321.04,2.0,-4.0,1.0,2020-01-24 09:35:53.858392,321.01,321.04,0
2020-01-24 09:35:54,N,AAPL,321.01,3.0,321.04,1.0,2.0,-1.0,2020-01-24 09:35:54.524883,320.98,321.01,0
2020-01-24 09:35:55,N,AAPL,320.98,2.0,321.01,3.0,-1.0,2.0,2020-01-24 09:35:55.885151,320.94,320.99,0
2020-01-24 09:35:56,N,AAPL,320.94,1.0,320.99,1.0,-1.0,-3.0,2020-01-24 09:35:56.211683,320.96,321.01,0
2020-01-24 09:35:57,N,AAPL,320.96,4.0,321.01,1.0,1.0,-1.0,2020-01-24 09:35:57.310211,320.96,321.01,0
2020-01-24 09:35:58,N,AAPL,320.96,2.0,321.01,1.0,-1.0,-1.0,2020-01-24 09:35:58.007694,320.88,320.93,-1
2020-01-24 09:35:59,N,AAPL,320.88,2.0,320.93,2.0,1.0,0.0,2020-01-24 09:35:59.250529,320.88,320.93,0
2020-01-24 09:36:00,N,AAPL,320.88,3.0,320.93,1.0,2.0,-1.0,2020-01-24 09:36:00.698255,320.9,320.94,0
2020-01-24 09:36:01,N,AAPL,320.9,2.0,320.94,1.0,1.0,0.0,2020-01-24 09:36:01.301907,320.9,320.95,0
2020-01-24 09:36:02,N,AAPL,320.9,2.0,320.95,2.0,1.0,0.0,2020-01-24 09:36:02.163571,320.9,320.93,0
2020-01-24 09:36:03,N,AAPL,320.9,1.0,320.93,2.0,0.0,0.0,2020-01-24 09:36:03.015405,320.92,320.96,0
2020-01-24 09:36:04,N,AAPL,320.92,2.0,320.96,1.0,-1.0,-1.0,2020-01-24 09:36:04.065861,320.96,321.0,0
2020-01-24 09:36:05,N,AAPL,320.96,2.0,321.0,2.0,1.0,0.0,2020-01-24 09:36:05.326941,320.95,321.0,0
2020-01-24 09:36:06,N,AAPL,320.95,1.0,321.0,4.0,0.0,1.0,2020-01-24 09:36:06.490256,320.95,321.0,0
2020-01-24 09:36:07,N,AAPL,320.95,2.0,321.0,1.0,1.0,-1.0,2020-01-24 09:36:07.074025,320.96,321.01,0
2020-01-24 09:36:08,N,AAPL,320.96,2.0,321.01,2.0,0.0,1.0,2020-01-24 09:36:08.120657,320.9,320.93,-1
2020-01-24 09:36:09,N,AAPL,320.9,1.0,320.93,1.0,-1.0,-1.0,2020-01-24 09:36:09.256333,320.83,320.87,-1
2020-01-24 09:36:10,N,AAPL,320.83,2.0,320.87,4.0,1.0,2.0,2020-01-24 09:36:10.479542,320.85,320.9,0
2020-01-24 09:36:11,N,AAPL,320.85,2.0,320.9,1.0,0.0,-3.0,2020-01-24 09:36:11.013646,320.81,320.85,0
2020-01-24 09:36:12,N,AAPL,320.81,2.0,320.85,2.0,1.0,0.0,2020-01-24 09:36:12.386814,320.82,320.87,0
2020-01-24 09:36:13,N,AAPL,320.82,1.0,320.87,4.0,0.0,2.0,2020-01-24 09:36:13.227666,320.85,320.91,0
2020-01-24 09:36:14,N,AAPL,320.85,2.0,320.91,2.0,0.0,-1.0,2020-01-24 09:36:14.103246,320.95,320.98,1
2020-01-24 09:36:15,N,AAPL,320.95,3.0,320.98,2.0,1.0,0.0,2020-01-24 09:36:15.863054,320.96,320.99,0
2020-01-24 09:36:16,N,AAPL,320.96,3.0,320.99,2.0,0.0,0.0,2020-01-24 09:36:16.103739,320.97,320.99,0
2020-01-24 09:36:17,N,AAPL,320.97,1.0,320.99,2.0,-3.0,-2.0,2020-01-24 09:36:17.020918,320.97,321.0,0
2020-01-24 09:36:18,N,AAPL,320.97,1.0,321.0,4.0,-1.0,0.0,2020-01-24 09:36:18.136137,320.98,321.01,0
2020-01-24 09:36:19,N,AAPL,320.98,2.0,321.01,2.0,0.0,1.0,2020-01-24 09:36:19.279087,320.97,321.01,0
2020-01-24 09:36:20,N,AAPL,320.97,4.0,321.01,2.0,2.0,0.0,2020-01-24 09:36:20.113137,320.91,320.96,-1
2020-01-24 09:36:21,N,AAPL,320.91,4.0,320.96,2.0,1.0,0.0,2020-01-24 09:36:21.117415,320.94,320.98,0
2020-01-24 09:36:23,N,AAPL,320.94,2.0,320.98,1.0,-1.0,0.0,2020-01-24 09:36:23.946951,320.95,320.98,0
2020-01-24 09:36:24,N,AAPL,320.95,1.0,320.98,4.0,-1.0,3.0,2020-01-24 09:36:24.614911,320.91,320.95,0
2020-01-24 09:36:25,N,AAPL,320.91,1.0,320.95,1.0,0.0,-1.0,2020-01-24 09:36:25.020035,320.89,320.94,0
2020-01-24 09:36:26,N,AAPL,320.89,3.0,320.94,1.0,1.0,-1.0,2020-01-24 09:36:26.123773,320.95,320.99,1
2020-01-24 09:36:27,N,AAPL,320.95,2.0,320.99,3.0,0.0,1.0,2020-01-24 09:36:27.078870,320.94,320.98,0
2020-01-24 09:36:28,N,AAPL,320.94,2.0,320.98,1.0,-2.0,0.0,2020-01-24 09:36:28.068532,321.03,321.05,1
2020-01-24 09:36:29,N,AAPL,321.03,2.0,321.05,12.0,1.0,9.0,2020-01-24 09:36:29.911332,320.98,321.02,-1
2020-01-24 09:36:30,N,AAPL,320.98,4.0,321.02,1.0,3.0,0.0,2020-01-24 09:36:30.002001,320.93,320.97,-1
2020-01-24 09:36:31,N,AAPL,320.93,2.0,320.97,2.0,0.0,0.0,2020-01-24 09:36:31.288394,320.92,320.96,0
2020-01-24 09:36:32,N,AAPL,320.92,2.0,320.96,1.0,1.0,0.0,2020-01-24 09:36:32.657880,320.9,320.94,0
2020-01-24 09:36:33,N,AAPL,320.9,1.0,320.94,2.0,-1.0,0.0,2020-01-24 09:36:33.075819,320.86,320.9,0
2020-01-24 09:36:34,N,AAPL,320.86,4.0,320.9,1.0,0.0,0.0,2020-01-24 09:36:34.131250,320.82,320.87,0
2020-01-24 09:36:35,N,AAPL,320.82,4.0,320.87,3.0,3.0,0.0,2020-01-24 09:36:35.057675,320.83,320.87,0
2020-01-24 09:36:36,N,AAPL,320.83,3.0,320.87,1.0,1.0,0.0,2020-01-24 09:36:36.088791,320.85,320.9,0
2020-01-24 09:36:37,N,AAPL,320.85,4.0,320.9,3.0,2.0,0.0,2020-01-24 09:36:37.040790,320.88,320.91,0
2020-01-24 09:36:38,N,AAPL,320.88,2.0,320.91,2.0,0.0,0.0,2020-01-24 09:36:38.152428,320.87,320.91,0
2020-01-24 09:36:40,N,AAPL,320.87,2.0,320.91,2.0,-1.0,1.0,2020-01-24 09:36:40.123485,320.83,320.88,0
2020-01-24 09:36:42,N,AAPL,320.83,4.0,320.88,2.0,0.0,0.0,2020-01-24 09:36:42.299861,320.86,320.92,0
2020-01-24 09:36:43,N,AAPL,320.86,1.0,320.92,2.0,-2.0,1.0,2020-01-24 09:36:43.016305,320.99,321.01,1
2020-01-24 09:36:45,N,AAPL,320.99,2.0,321.01,2.0,0.0,-2.0,2020-01-24 09:36:45.919624,321.04,321.06,1
2020-01-24 09:36:46,N,AAPL,321.04,2.0,321.06,1.0,0.0,-1.0,2020-01-24 09:36:46.185569,321.03,321.07,0
2020-01-24 09:36:47,N,AAPL,321.03,2.0,321.07,1.0,0.0,0.0,2020-01-24 09:36:47.026766,321.05,321.1,0
2020-01-24 09:36:48,N,AAPL,321.05,2.0,321.1,5.0,0.0,4.0,2020-01-24 09:36:48.502981,321.08,321.11,0
2020-01-24 09:36:49,N,AAPL,321.08,1.0,321.11,2.0,-1.0,1.0,2020-01-24 09:36:49.020746,321.11,321.14,0
2020-01-24 09:36:50,N,AAPL,321.11,11.0,321.14,2.0,1.0,1.0,2020-01-24 09:36:50.090350,321.14,321.16,0
2020-01-24 09:36:51,N,AAPL,321.14,2.0,321.16,2.0,-8.0,-45.0,2020-01-24 09:36:51.160168,321.11,321.16,0
2020-01-24 09:36:52,N,AAPL,321.11,2.0,321.16,2.0,-1.0,-1.0,2020-01-24 09:36:52.040697,321.09,321.14,0
2020-01-24 09:36:53,N,AAPL,321.09,1.0,321.14,2.0,-1.0,0.0,2020-01-24 09:36:53.391934,321.08,321.11,0
2020-01-24 09:36:54,N,AAPL,321.08,1.0,321.11,2.0,0.0,0.0,2020-01-24 09:36:54.218537,321.02,321.06,-1
2020-01-24 09:36:55,N,AAPL,321.02,2.0,321.06,2.0,1.0,0.0,2020-01-24 09:36:55.112349,320.98,321.02,0
2020-01-24 09:36:56,N,AAPL,320.98,2.0,321.02,4.0,1.0,2.0,2020-01-24 09:36:56.569475,320.97,321.02,0
2020-01-24 09:36:57,N,AAPL,320.97,1.0,321.02,2.0,-1.0,0.0,2020-01-24 09:36:57.143930,320.97,321.0,0
2020-01-24 09:36:58,N,AAPL,320.97,1.0,321.0,2.0,0.0,0.0,2020-01-24 09:36:58.015675,320.97,321.02,0
2020-01-24 09:36:59,N,AAPL,320.97,4.0,321.02,2.0,2.0,-1.0,2020-01-24 09:36:59.045082,321.01,321.05,0
2020-01-24 09:37:00,N,AAPL,321.01,3.0,321.05,1.0,-1.0,0.0,2020-01-24 09:37:00.000333,321.08,321.12,1
2020-01-24 09:37:01,N,AAPL,321.08,4.0,321.12,1.0,0.0,-1.0,2020-01-24 09:37:01.968756,321.05,321.11,0
2020-01-24 09:37:02,N,AAPL,321.05,1.0,321.11,3.0,0.0,-1.0,2020-01-24 09:37:02.040873,321.08,321.12,0
2020-01-24 09:37:03,N,AAPL,321.08,1.0,321.12,2.0,0.0,0.0,2020-01-24 09:37:03.052750,321.1,321.14,0
2020-01-24 09:37:04,N,AAPL,321.1,2.0,321.14,3.0,-2.0,1.0,2020-01-24 09:37:04.078419,321.13,321.15,0
2020-01-24 09:37:05,N,AAPL,321.13,1.0,321.15,1.0,-1.0,-2.0,2020-01-24 09:37:05.178850,321.07,321.1,-1
2020-01-24 09:37:06,N,AAPL,321.07,1.0,321.1,2.0,-1.0,1.0,2020-01-24 09:37:06.843986,321.06,321.09,0
2020-01-24 09:37:07,N,AAPL,321.06,1.0,321.09,2.0,0.0,1.0,2020-01-24 09:37:07.053445,321.04,321.09,0
2020-01-24 09:37:08,N,AAPL,321.04,2.0,321.09,2.0,0.0,0.0,2020-01-24 09:37:08.024794,321.05,321.09,0
2020-01-24 09:37:09,N,AAPL,321.05,1.0,321.09,1.0,0.0,-3.0,2020-01-24 09:37:09.735788,321.05,321.08,0
2020-01-24 09:37:10,N,AAPL,321.05,1.0,321.08,2.0,0.0,1.0,2020-01-24 09:37:10.601493,321.07,321.1,0
2020-01-24 09:37:11,N,AAPL,321.07,2.0,321.1,2.0,0.0,0.0,2020-01-24 09:37:11.007561,321.06,321.09,0
2020-01-24 09:37:12,N,AAPL,321.06,2.0,321.09,2.0,-3.0,-1.0,2020-01-24 09:37:12.024890,321.04,321.08,0
2020-01-24 09:37:13,N,AAPL,321.04,2.0,321.08,1.0,0.0,0.0,2020-01-24 09:37:13.038279,321.01,321.05,0
2020-01-24 09:37:14,N,AAPL,321.01,2.0,321.05,4.0,0.0,3.0,2020-01-24 09:37:14.241762,320.96,321.0,-1
2020-01-24 09:37:15,N,AAPL,320.96,1.0,321.0,3.0,-1.0,2.0,2020-01-24 09:37:15.890466,320.93,320.98,0
2020-01-24 09:37:16,N,AAPL,320.93,2.0,320.98,3.0,1.0,1.0,2020-01-24 09:37:16.090768,320.91,320.96,0
2020-01-24 09:37:17,N,AAPL,320.91,1.0,320.96,3.0,-1.0,1.0,2020-01-24 09:37:17.179994,320.84,320.87,-1
2020-01-24 09:37:18,N,AAPL,320.84,3.0,320.87,4.0,2.0,2.0,2020-01-24 09:37:18.198192,320.85,320.88,0
2020-01-24 09:37:19,N,AAPL,320.85,4.0,320.88,2.0,-2.0,1.0,2020-01-24 09:37:19.279970,320.84,320.88,0
2020-01-24 09:37:20,N,AAPL,320.84,1.0,320.88,4.0,-3.0,2.0,2020-01-24 09:37:20.956730,320.82,320.84,0
2020-01-24 09:37:21,N,AAPL,320.82,2.0,320.84,10.0,0.0,8.0,2020-01-24 09:37:21.149513,320.81,320.84,0
2020-01-24 09:37:22,N,AAPL,320.81,5.0,320.84,2.0,3.0,-8.0,2020-01-24 09:37:22.043272,320.82,320.84,0
2020-01-24 09:37:24,N,AAPL,320.82,4.0,320.84,5.0,-18.0,-5.0,2020-01-24 09:37:24.453558,320.81,320.84,0
2020-01-24 09:37:26,N,AAPL,320.81,2.0,320.84,4.0,1.0,-6.0,2020-01-24 09:37:26.889824,320.82,320.85,0
2020-01-24 09:37:27,N,AAPL,320.82,6.0,320.85,2.0,4.0,-2.0,2020-01-24 09:37:27.451437,320.82,320.86,0
2020-01-24 09:37:29,N,AAPL,320.82,2.0,320.86,2.0,1.0,0.0,2020-01-24 09:37:29.484410,320.79,320.81,-1
2020-01-24 09:37:30,N,AAPL,320.79,2.0,320.81,4.0,1.0,3.0,2020-01-24 09:37:30.254861,320.8,320.83,0
2020-01-24 09:37:31,N,AAPL,320.8,1.0,320.83,1.0,0.0,0.0,2020-01-24 09:37:31.261855,320.85,320.87,1
2020-01-24 09:37:32,N,AAPL,320.85,2.0,320.87,1.0,-1.0,-1.0,2020-01-24 09:37:32.519178,320.87,320.9,0
2020-01-24 09:37:33,N,AAPL,320.87,3.0,320.9,1.0,1.0,-1.0,2020-01-24 09:37:33.478822,320.86,320.87,0
2020-01-24 09:37:35,N,AAPL,320.86,1.0,320.87,4.0,-2.0,3.0,2020-01-24 09:37:35.174412,320.75,320.79,-1
2020-01-24 09:37:36,N,AAPL,320.75,7.0,320.79,5.0,6.0,4.0,2020-01-24 09:37:36.727919,320.65,320.68,-1
2020-01-24 09:37:37,N,AAPL,320.65,1.0,320.68,4.0,0.0,3.0,2020-01-24 09:37:37.614323,320.66,320.69,0
2020-01-24 09:37:39,N,AAPL,320.66,2.0,320.69,3.0,1.0,2.0,2020-01-24 09:37:39.228423,320.7,320.75,1
2020-01-24 09:37:40,N,AAPL,320.7,2.0,320.75,2.0,0.0,0.0,2020-01-24 09:37:40.041348,320.76,320.8,1
2020-01-24 09:37:41,N,AAPL,320.76,2.0,320.8,2.0,0.0,-1.0,2020-01-24 09:37:41.206159,320.74,320.79,0
2020-01-24 09:37:42,N,AAPL,320.74,4.0,320.79,1.0,2.0,-1.0,2020-01-24 09:37:42.068436,320.8,320.84,1
2020-01-24 09:37:43,N,AAPL,320.8,1.0,320.84,2.0,-3.0,1.0,2020-01-24 09:37:43.204916,320.86,320.91,1
2020-01-24 09:37:44,N,AAPL,320.86,1.0,320.91,2.0,-1.0,1.0,2020-01-24 09:37:44.416905,320.86,320.91,0
2020-01-24 09:37:45,N,AAPL,320.86,3.0,320.91,2.0,0.0,-2.0,2020-01-24 09:37:45.021046,320.88,320.93,0
2020-01-24 09:37:46,N,AAPL,320.88,3.0,320.93,2.0,-2.0,0.0,2020-01-24 09:37:46.291598,320.83,320.87,-1
2020-01-24 09:37:48,N,AAPL,320.83,3.0,320.87,2.0,2.0,1.0,2020-01-24 09:37:48.122855,320.86,320.91,0
2020-01-24 09:37:49,N,AAPL,320.86,2.0,320.91,1.0,0.0,-2.0,2020-01-24 09:37:49.291556,320.87,320.91,0
2020-01-24 09:37:50,N,AAPL,320.87,4.0,320.91,2.0,3.0,1.0,2020-01-24 09:37:50.050542,320.88,320.93,0
2020-01-24 09:37:51,N,AAPL,320.88,5.0,320.93,2.0,1.0,0.0,2020-01-24 09:37:51.205677,320.9,320.92,0
2020-01-24 09:37:52,N,AAPL,320.9,1.0,320.92,2.0,-3.0,1.0,2020-01-24 09:37:52.124612,320.88,320.89,-1
2020-01-24 09:37:54,N,AAPL,320.88,1.0,320.89,2.0,0.0,0.0,2020-01-24 09:37:54.460358,320.83,320.88,0
2020-01-24 09:37:55,N,AAPL,320.83,4.0,320.88,5.0,2.0,4.0,2020-01-24 09:37:55.041528,320.83,320.87,0
2020-01-24 09:37:56,N,AAPL,320.83,3.0,320.87,3.0,2.0,-1.0,2020-01-24 09:37:56.344493,320.82,320.87,0
2020-01-24 09:37:57,N,AAPL,320.82,2.0,320.87,2.0,1.0,0.0,2020-01-24 09:37:57.100630,320.82,320.84,0
2020-01-24 09:37:59,N,AAPL,320.82,5.0,320.84,4.0,4.0,2.0,2020-01-24 09:37:59.664696,320.88,320.9,1
2020-01-24 09:38:02,N,AAPL,320.88,1.0,320.9,4.0,-4.0,2.0,2020-01-24 09:38:02.916491,320.88,320.9,0
2020-01-24 09:38:03,N,AAPL,320.88,1.0,320.9,3.0,0.0,-1.0,2020-01-24 09:38:03.020716,320.91,320.95,1
2020-01-24 09:38:05,N,AAPL,320.91,3.0,320.95,1.0,1.0,-1.0,2020-01-24 09:38:05.361014,320.95,320.96,0
2020-01-24 09:38:06,N,AAPL,320.95,2.0,320.96,4.0,1.0,2.0,2020-01-24 09:38:06.067841,320.95,320.96,0
2020-01-24 09:38:07,N,AAPL,320.95,4.0,320.96,1.0,2.0,-3.0,2020-01-24 09:38:07.049530,320.96,320.97,0
2020-01-24 09:38:10,N,AAPL,320.96,1.0,320.97,3.0,0.0,1.0,2020-01-24 09:38:10.171325,320.91,320.95,-1
2020-01-24 09:38:11,N,AAPL,320.91,2.0,320.95,2.0,-4.0,-1.0,2020-01-24 09:38:11.051945,320.91,320.95,0
2020-01-24 09:38:12,N,AAPL,320.91,4.0,320.95,4.0,3.0,-3.0,2020-01-24 09:38:12.020522,320.96,320.99,1
2020-01-24 09:38:13,N,AAPL,320.96,2.0,320.99,2.0,-1.0,-4.0,2020-01-24 09:38:13.064338,320.96,320.99,0
2020-01-24 09:38:14,N,AAPL,320.96,2.0,320.99,2.0,1.0,-4.0,2020-01-24 09:38:14.586316,321.0,321.03,1
2020-01-24 09:38:15,N,AAPL,321.0,2.0,321.03,2.0,0.0,0.0,2020-01-24 09:38:15.174980,321.01,321.04,0
2020-01-24 09:38:16,N,AAPL,321.01,2.0,321.04,2.0,0.0,0.0,2020-01-24 09:38:16.010384,320.97,321.0,-1
2020-01-24 09:38:17,N,AAPL,320.97,5.0,321.0,4.0,0.0,2.0,2020-01-24 09:38:17.065235,320.97,320.99,0
2020-01-24 09:38:18,N,AAPL,320.97,4.0,320.99,1.0,2.0,-8.0,2020-01-24 09:38:18.415356,320.96,320.99,0
2020-01-24 09:38:20,N,AAPL,320.96,4.0,320.99,2.0,1.0,-1.0,2020-01-24 09:38:20.443604,320.96,320.98,0
2020-01-24 09:38:21,N,AAPL,320.96,4.0,320.98,5.0,0.0,4.0,2020-01-24 09:38:21.811774,320.96,320.99,0
2020-01-24 09:38:22,N,AAPL,320.96,3.0,320.99,1.0,0.0,0.0,2020-01-24 09:38:22.207651,320.95,320.96,0
2020-01-24 09:38:23,N,AAPL,320.95,1.0,320.96,5.0,0.0,4.0,2020-01-24 09:38:23.528858,320.92,320.95,0
2020-01-24 09:38:24,N,AAPL,320.92,5.0,320.95,3.0,0.0,2.0,2020-01-24 09:38:24.019529,320.84,320.86,-1
2020-01-24 09:38:25,N,AAPL,320.84,1.0,320.86,4.0,-4.0,3.0,2020-01-24 09:38:25.979706,320.85,320.88,0
2020-01-24 09:38:26,N,AAPL,320.85,2.0,320.88,1.0,-33.0,-1.0,2020-01-24 09:38:26.187331,320.91,320.95,1
2020-01-24 09:38:27,N,AAPL,320.91,1.0,320.95,2.0,-3.0,1.0,2020-01-24 09:38:27.100048,320.96,320.99,1
2020-01-24 09:38:28,N,AAPL,320.96,2.0,320.99,1.0,-2.0,0.0,2020-01-24 09:38:28.538460,320.95,320.98,0
2020-01-24 09:38:30,N,AAPL,320.95,2.0,320.98,4.0,0.0,3.0,2020-01-24 09:38:30.196248,320.91,320.95,0
2020-01-24 09:38:31,N,AAPL,320.91,4.0,320.95,1.0,0.0,-1.0,2020-01-24 09:38:31.287882,320.91,320.95,0
2020-01-24 09:38:32,N,AAPL,320.91,4.0,320.95,1.0,0.0,0.0,2020-01-24 09:38:32.320032,320.91,320.96,0
2020-01-24 09:38:33,N,AAPL,320.91,4.0,320.96,3.0,0.0,2.0,2020-01-24 09:38:33.325725,320.86,320.9,-1
2020-01-24 09:38:34,N,AAPL,320.86,1.0,320.9,3.0,-2.0,2.0,2020-01-24 09:38:34.188984,320.86,320.9,0
2020-01-24 09:38:35,N,AAPL,320.86,2.0,320.9,1.0,-1.0,-2.0,2020-01-24 09:38:35.054379,320.84,320.87,0
2020-01-24 09:38:36,N,AAPL,320.84,3.0,320.87,2.0,0.0,0.0,2020-01-24 09:38:36.356993,320.84,320.86,0
2020-01-24 09:38:39,N,AAPL,320.84,1.0,320.86,1.0,-2.0,0.0,2020-01-24 09:38:39.421915,320.86,320.88,0
2020-01-24 09:38:40,N,AAPL,320.86,1.0,320.88,2.0,0.0,0.0,2020-01-24 09:38:40.378865,320.89,320.92,1
2020-01-24 09:38:41,N,AAPL,320.89,2.0,320.92,2.0,1.0,1.0,2020-01-24 09:38:41.291926,320.92,320.94,0
2020-01-24 09:38:42,N,AAPL,320.92,1.0,320.94,1.0,-1.0,-3.0,2020-01-24 09:38:42.566376,320.93,320.96,0
2020-01-24 09:38:43,N,AAPL,320.93,4.0,320.96,1.0,3.0,0.0,2020-01-24 09:38:43.064885,320.94,320.98,0
2020-01-24 09:38:44,N,AAPL,320.94,2.0,320.98,1.0,1.0,0.0,2020-01-24 09:38:44.032105,320.96,320.99,0
2020-01-24 09:38:45,N,AAPL,320.96,4.0,320.99,1.0,1.0,0.0,2020-01-24 09:38:45.365135,320.97,320.99,0
2020-01-24 09:38:46,N,AAPL,320.97,4.0,320.99,1.0,-2.0,0.0,2020-01-24 09:38:46.003392,320.93,320.96,-1
2020-01-24 09:38:47,N,AAPL,320.93,5.0,320.96,1.0,0.0,-3.0,2020-01-24 09:38:47.012270,320.94,320.97,0
2020-01-24 09:38:48,N,AAPL,320.94,2.0,320.97,1.0,0.0,0.0,2020-01-24 09:38:48.139416,320.96,321.0,0
2020-01-24 09:38:49,N,AAPL,320.96,3.0,321.0,9.0,-1.0,8.0,2020-01-24 09:38:49.472526,320.96,321.0,0
2020-01-24 09:38:50,N,AAPL,320.96,2.0,321.0,9.0,1.0,7.0,2020-01-24 09:38:50.239573,320.96,320.98,0
2020-01-24 09:38:51,N,AAPL,320.96,4.0,320.98,1.0,3.0,0.0,2020-01-24 09:38:51.011922,320.95,320.97,0
2020-01-24 09:38:52,N,AAPL,320.95,3.0,320.97,4.0,0.0,0.0,2020-01-24 09:38:52.249997,320.94,320.97,0
2020-01-24 09:38:53,N,AAPL,320.94,5.0,320.97,1.0,4.0,0.0,2020-01-24 09:38:53.015995,320.93,320.97,0
2020-01-24 09:38:54,N,AAPL,320.93,3.0,320.97,1.0,1.0,0.0,2020-01-24 09:38:54.076052,320.96,320.99,0
2020-01-24 09:38:56,N,AAPL,320.96,4.0,320.99,5.0,2.0,4.0,2020-01-24 09:38:56.164516,321.03,321.05,1
2020-01-24 09:38:57,N,AAPL,321.03,5.0,321.05,9.0,3.0,7.0,2020-01-24 09:38:57.536515,321.03,321.07,0
2020-01-24 09:38:58,N,AAPL,321.03,2.0,321.07,1.0,0.0,-9.0,2020-01-24 09:38:58.334476,321.03,321.06,0
2020-01-24 09:38:59,N,AAPL,321.03,3.0,321.06,1.0,1.0,-1.0,2020-01-24 09:38:59.200672,321.03,321.06,0
2020-01-24 09:39:00,N,AAPL,321.03,3.0,321.06,1.0,0.0,0.0,2020-01-24 09:39:00.000371,321.03,321.05,0
2020-01-24 09:39:01,N,AAPL,321.03,2.0,321.05,4.0,-1.0,3.0,2020-01-24 09:39:01.417165,321.01,321.04,0
2020-01-24 09:39:02,N,AAPL,321.01,4.0,321.04,1.0,3.0,-3.0,2020-01-24 09:39:02.210180,321.01,321.04,0
2020-01-24 09:39:03,N,AAPL,321.01,2.0,321.04,1.0,-2.0,0.0,2020-01-24 09:39:03.019452,321.03,321.05,0
2020-01-24 09:39:04,N,AAPL,321.03,1.0,321.05,5.0,0.0,4.0,2020-01-24 09:39:04.431254,321.06,321.09,1
2020-01-24 09:39:05,N,AAPL,321.06,2.0,321.09,1.0,0.0,0.0,2020-01-24 09:39:05.316203,321.09,321.12,0
2020-01-24 09:39:06,N,AAPL,321.09,4.0,321.12,3.0,2.0,1.0,2020-01-24 09:39:06.541205,321.05,321.09,0
2020-01-24 09:39:07,N,AAPL,321.05,3.0,321.09,2.0,1.0,0.0,2020-01-24 09:39:07.007376,321.05,321.1,0
2020-01-24 09:39:08,N,AAPL,321.05,2.0,321.1,3.0,1.0,0.0,2020-01-24 09:39:08.315802,321.04,321.08,0
2020-01-24 09:39:09,N,AAPL,321.04,4.0,321.08,2.0,1.0,0.0,2020-01-24 09:39:09.146040,321.07,321.12,0
2020-01-24 09:39:10,N,AAPL,321.07,3.0,321.12,3.0,1.0,0.0,2020-01-24 09:39:10.282636,321.07,321.1,0
2020-01-24 09:39:11,N,AAPL,321.07,1.0,321.1,1.0,-1.0,-1.0,2020-01-24 09:39:11.161029,321.07,321.1,0
2020-01-24 09:39:12,N,AAPL,321.07,1.0,321.1,4.0,0.0,3.0,2020-01-24 09:39:12.767371,321.07,321.1,0
2020-01-24 09:39:13,N,AAPL,321.07,1.0,321.1,1.0,0.0,0.0,2020-01-24 09:39:13.039865,321.14,321.16,1
2020-01-24 09:39:14,N,AAPL,321.14,1.0,321.16,1.0,-1.0,-4.0,2020-01-24 09:39:14.124141,321.11,321.15,0
2020-01-24 09:39:15,N,AAPL,321.11,2.0,321.15,4.0,0.0,3.0,2020-01-24 09:39:15.167202,321.12,321.16,0
2020-01-24 09:39:16,N,AAPL,321.12,4.0,321.16,1.0,2.0,-1.0,2020-01-24 09:39:16.215721,321.12,321.17,0
2020-01-24 09:39:17,N,AAPL,321.12,2.0,321.17,2.0,-1.0,0.0,2020-01-24 09:39:17.020666,321.06,321.1,-1
2020-01-24 09:39:18,N,AAPL,321.06,1.0,321.1,2.0,-4.0,1.0,2020-01-24 09:39:18.014810,321.07,321.1,0
2020-01-24 09:39:19,N,AAPL,321.07,2.0,321.1,2.0,1.0,1.0,2020-01-24 09:39:19.091806,321.08,321.11,0
2020-01-24 09:39:20,N,AAPL,321.08,1.0,321.11,2.0,0.0,0.0,2020-01-24 09:39:20.378288,321.07,321.1,0
2020-01-24 09:39:21,N,AAPL,321.07,1.0,321.1,2.0,0.0,0.0,2020-01-24 09:39:21.526607,321.07,321.1,0
2020-01-24 09:39:22,N,AAPL,321.07,5.0,321.1,1.0,3.0,0.0,2020-01-24 09:39:22.001113,321.09,321.13,0
2020-01-24 09:39:23,N,AAPL,321.09,1.0,321.13,2.0,-1.0,1.0,2020-01-24 09:39:23.037447,321.13,321.16,0
2020-01-24 09:39:24,N,AAPL,321.13,1.0,321.16,1.0,-2.0,0.0,2020-01-24 09:39:24.196260,321.12,321.13,0
2020-01-24 09:39:25,N,AAPL,321.12,2.0,321.13,4.0,-3.0,-1.0,2020-01-24 09:39:25.534678,321.12,321.16,0
2020-01-24 09:39:26,N,AAPL,321.12,3.0,321.16,5.0,0.0,1.0,2020-01-24 09:39:26.052070,321.16,321.18,0
2020-01-24 09:39:27,N,AAPL,321.16,6.0,321.18,2.0,0.0,0.0,2020-01-24 09:39:27.000207,321.07,321.1,-1
2020-01-24 09:39:28,N,AAPL,321.07,1.0,321.1,3.0,0.0,1.0,2020-01-24 09:39:28.311683,321.05,321.08,0
2020-01-24 09:39:29,N,AAPL,321.05,2.0,321.08,2.0,0.0,0.0,2020-01-24 09:39:29.187084,321.06,321.1,0
2020-01-24 09:39:30,N,AAPL,321.06,1.0,321.1,4.0,-1.0,2.0,2020-01-24 09:39:30.126891,321.06,321.1,0
2020-01-24 09:39:31,N,AAPL,321.06,4.0,321.1,2.0,2.0,0.0,2020-01-24 09:39:31.426220,321.08,321.11,0
2020-01-24 09:39:32,N,AAPL,321.08,3.0,321.11,1.0,2.0,-1.0,2020-01-24 09:39:32.192960,321.08,321.11,0
2020-01-24 09:39:33,N,AAPL,321.08,2.0,321.11,1.0,1.0,0.0,2020-01-24 09:39:33.129458,321.07,321.1,0
2020-01-24 09:39:34,N,AAPL,321.07,1.0,321.1,2.0,0.0,-1.0,2020-01-24 09:39:34.345009,321.08,321.11,0
2020-01-24 09:39:35,N,AAPL,321.08,1.0,321.11,2.0,0.0,0.0,2020-01-24 09:39:35.413307,321.1,321.11,0
2020-01-24 09:39:36,N,AAPL,321.1,1.0,321.11,1.0,0.0,-1.0,2020-01-24 09:39:36.672322,321.1,321.11,0
2020-01-24 09:39:37,N,AAPL,321.1,1.0,321.11,1.0,-3.0,0.0,2020-01-24 09:39:37.506301,321.09,321.11,0
2020-01-24 09:39:38,N,AAPL,321.09,2.0,321.11,1.0,1.0,0.0,2020-01-24 09:39:38.202590,321.06,321.09,0
2020-01-24 09:39:39,N,AAPL,321.06,1.0,321.09,4.0,-1.0,3.0,2020-01-24 09:39:39.038743,321.09,321.13,0
2020-01-24 09:39:40,N,AAPL,321.09,4.0,321.13,1.0,3.0,0.0,2020-01-24 09:39:40.137512,321.11,321.15,0
2020-01-24 09:39:41,N,AAPL,321.11,1.0,321.15,5.0,0.0,4.0,2020-01-24 09:39:41.112139,321.14,321.18,0
2020-01-24 09:39:42,N,AAPL,321.14,2.0,321.18,5.0,1.0,3.0,2020-01-24 09:39:42.110347,321.11,321.15,0
2020-01-24 09:39:43,N,AAPL,321.11,1.0,321.15,2.0,-1.0,0.0,2020-01-24 09:39:43.527001,321.16,321.19,1
2020-01-24 09:39:46,N,AAPL,321.16,4.0,321.19,5.0,3.0,3.0,2020-01-24 09:39:46.585846,321.19,321.2,0
2020-01-24 09:39:47,N,AAPL,321.19,5.0,321.2,3.0,4.0,-23.0,2020-01-24 09:39:47.970912,321.19,321.21,0
2020-01-24 09:39:49,N,AAPL,321.19,4.0,321.21,5.0,-1.0,2.0,2020-01-24 09:39:49.079025,321.24,321.26,1
2020-01-24 09:39:50,N,AAPL,321.24,2.0,321.26,2.0,-2.0,-1.0,2020-01-24 09:39:50.031742,321.29,321.31,1
2020-01-24 09:39:52,N,AAPL,321.29,1.0,321.31,2.0,-1.0,0.0,2020-01-24 09:39:52.298636,321.28,321.31,0
2020-01-24 09:39:53,N,AAPL,321.28,1.0,321.31,2.0,0.0,1.0,2020-01-24 09:39:53.155860,321.32,321.33,1
2020-01-24 09:39:54,N,AAPL,321.32,1.0,321.33,10.0,0.0,9.0,2020-01-24 09:39:54.899083,321.34,321.36,1
2020-01-24 09:39:55,N,AAPL,321.34,1.0,321.36,27.0,0.0,23.0,2020-01-24 09:39:55.132375,321.34,321.37,0
2020-01-24 09:39:58,N,AAPL,321.34,4.0,321.37,2.0,-1.0,1.0,2020-01-24 09:39:58.310396,321.34,321.35,0
2020-01-24 09:40:00,N,AAPL,321.34,5.0,321.35,4.0,4.0,-15.0,2020-01-24 09:40:00.114875,321.33,321.33,-1
2020-01-24 09:40:01,N,AAPL,321.33,1.0,321.33,8.0,-4.0,4.0,2020-01-24 09:40:01.117209,321.35,321.38,1
2020-01-24 09:40:02,N,AAPL,321.35,2.0,321.38,4.0,-3.0,2.0,2020-01-24 09:40:02.507126,321.38,321.39,0
2020-01-24 09:40:03,N,AAPL,321.38,1.0,321.39,5.0,-132.0,1.0,2020-01-24 09:40:03.693449,321.37,321.39,0
2020-01-24 09:40:04,N,AAPL,321.37,132.0,321.39,2.0,131.0,0.0,2020-01-24 09:40:04.071917,321.39,321.4,0
2020-01-24 09:40:05,N,AAPL,321.39,5.0,321.4,3.0,4.0,1.0,2020-01-24 09:40:05.120742,321.39,321.4,0
2020-01-24 09:40:07,N,AAPL,321.39,8.0,321.4,2.0,-120.0,-5.0,2020-01-24 09:40:07.832364,321.4,321.42,0
2020-01-24 09:40:08,N,AAPL,321.4,4.0,321.42,2.0,3.0,0.0,2020-01-24 09:40:08.061075,321.41,321.44,0
2020-01-24 09:40:09,N,AAPL,321.41,1.0,321.44,6.0,0.0,5.0,2020-01-24 09:40:09.419458,321.44,321.46,0
2020-01-24 09:40:10,N,AAPL,321.44,3.0,321.46,1.0,1.0,0.0,2020-01-24 09:40:10.643500,321.48,321.49,1
2020-01-24 09:40:11,N,AAPL,321.48,96.0,321.49,4.0,-10.0,-4.0,2020-01-24 09:40:11.360481,321.41,321.45,-1
2020-01-24 09:40:12,N,AAPL,321.41,2.0,321.45,4.0,1.0,2.0,2020-01-24 09:40:12.150792,321.37,321.41,0
2020-01-24 09:40:13,N,AAPL,321.37,1.0,321.41,4.0,0.0,0.0,2020-01-24 09:40:13.009696,321.44,321.47,1
2020-01-24 09:40:14,N,AAPL,321.44,2.0,321.47,1.0,1.0,-1.0,2020-01-24 09:40:14.505065,321.44,321.48,0
2020-01-24 09:40:15,N,AAPL,321.44,2.0,321.48,3.0,0.0,1.0,2020-01-24 09:40:15.129179,321.46,321.48,0
2020-01-24 09:40:16,N,AAPL,321.46,1.0,321.48,1.0,-4.0,-2.0,2020-01-24 09:40:16.628810,321.46,321.48,0
2020-01-24 09:40:17,N,AAPL,321.46,1.0,321.48,1.0,0.0,0.0,2020-01-24 09:40:17.488804,321.48,321.5,0
2020-01-24 09:40:18,N,AAPL,321.48,4.0,321.5,42.0,3.0,41.0,2020-01-24 09:40:18.696366,321.49,321.5,0
2020-01-24 09:40:19,N,AAPL,321.49,4.0,321.5,5.0,0.0,-37.0,2020-01-24 09:40:19.053394,321.57,321.58,1
2020-01-24 09:40:21,N,AAPL,321.57,5.0,321.58,2.0,4.0,0.0,2020-01-24 09:40:21.000120,321.57,321.59,0
2020-01-24 09:40:22,N,AAPL,321.57,2.0,321.59,5.0,-3.0,2.0,2020-01-24 09:40:22.158727,321.51,321.55,-1
2020-01-24 09:40:23,N,AAPL,321.51,2.0,321.55,2.0,1.0,0.0,2020-01-24 09:40:23.105597,321.55,321.57,0
2020-01-24 09:40:24,N,AAPL,321.55,1.0,321.57,8.0,-1.0,6.0,2020-01-24 09:40:24.736359,321.55,321.59,0
2020-01-24 09:40:25,N,AAPL,321.55,1.0,321.59,3.0,-1.0,1.0,2020-01-24 09:40:25.434575,321.62,321.63,1
2020-01-24 09:40:26,N,AAPL,321.62,2.0,321.63,1.0,-3.0,-3.0,2020-01-24 09:40:26.304425,321.51,321.53,-1
2020-01-24 09:40:27,N,AAPL,321.51,2.0,321.53,65.0,1.0,-1.0,2020-01-24 09:40:27.139390,321.46,321.48,-1
2020-01-24 09:40:28,N,AAPL,321.46,3.0,321.48,2.0,2.0,1.0,2020-01-24 09:40:28.497277,321.44,321.49,0
2020-01-24 09:40:29,N,AAPL,321.44,3.0,321.49,1.0,-1.0,0.0,2020-01-24 09:40:29.007823,321.38,321.4,-1
2020-01-24 09:40:30,N,AAPL,321.38,1.0,321.4,4.0,-4.0,2.0,2020-01-24 09:40:30.055579,321.35,321.38,0
2020-01-24 09:40:31,N,AAPL,321.35,2.0,321.38,1.0,0.0,-1.0,2020-01-24 09:40:31.306940,321.38,321.42,0
2020-01-24 09:40:33,N,AAPL,321.38,4.0,321.42,3.0,2.0,2.0,2020-01-24 09:40:33.488365,321.32,321.34,-1
2020-01-24 09:40:34,N,AAPL,321.32,1.0,321.34,5.0,0.0,3.0,2020-01-24 09:40:34.033303,321.27,321.31,-1
2020-01-24 09:40:35,N,AAPL,321.27,6.0,321.31,5.0,4.0,4.0,2020-01-24 09:40:35.175416,321.29,321.31,0
2020-01-24 09:40:37,N,AAPL,321.29,2.0,321.31,3.0,0.0,2.0,2020-01-24 09:40:37.447700,321.34,321.39,1
2020-01-24 09:40:38,N,AAPL,321.34,2.0,321.39,4.0,0.0,0.0,2020-01-24 09:40:38.024222,321.39,321.43,0
2020-01-24 09:40:39,N,AAPL,321.39,1.0,321.43,3.0,0.0,2.0,2020-01-24 09:40:39.175683,321.43,321.48,0
2020-01-24 09:40:40,N,AAPL,321.43,3.0,321.48,1.0,1.0,0.0,2020-01-24 09:40:40.002226,321.45,321.5,0
2020-01-24 09:40:41,N,AAPL,321.45,4.0,321.5,1.0,-2.0,0.0,2020-01-24 09:40:41.247196,321.47,321.5,0
2020-01-24 09:40:42,N,AAPL,321.47,5.0,321.5,3.0,1.0,2.0,2020-01-24 09:40:42.503583,321.46,321.49,0
2020-01-24 09:40:43,N,AAPL,321.46,1.0,321.49,1.0,0.0,-2.0,2020-01-24 09:40:43.107787,321.46,321.49,0
2020-01-24 09:40:44,N,AAPL,321.46,3.0,321.49,4.0,-1.0,1.0,2020-01-24 09:40:44.020782,321.49,321.52,0
2020-01-24 09:40:45,N,AAPL,321.49,4.0,321.52,2.0,2.0,1.0,2020-01-24 09:40:45.635862,321.5,321.52,0
2020-01-24 09:40:46,N,AAPL,321.5,2.0,321.52,1.0,0.0,-60.0,2020-01-24 09:40:46.008470,321.51,321.53,0
2020-01-24 09:40:47,N,AAPL,321.51,1.0,321.53,1.0,-2.0,-1.0,2020-01-24 09:40:47.008650,321.5,321.54,0
2020-01-24 09:40:49,N,AAPL,321.5,14.0,321.54,3.0,10.0,-2.0,2020-01-24 09:40:49.131263,321.5,321.54,0
2020-01-24 09:40:50,N,AAPL,321.5,15.0,321.54,8.0,1.0,5.0,2020-01-24 09:40:50.258331,321.5,321.53,0
2020-01-24 09:40:51,N,AAPL,321.5,15.0,321.53,5.0,0.0,-3.0,2020-01-24 09:40:51.578688,321.5,321.52,0
2020-01-24 09:40:52,N,AAPL,321.5,12.0,321.52,2.0,-3.0,-1.0,2020-01-24 09:40:52.027517,321.48,321.51,0
2020-01-24 09:40:53,N,AAPL,321.48,1.0,321.51,5.0,-10.0,3.0,2020-01-24 09:40:53.303634,321.4,321.43,-1
2020-01-24 09:40:54,N,AAPL,321.4,3.0,321.43,5.0,1.0,4.0,2020-01-24 09:40:54.487546,321.38,321.41,0
2020-01-24 09:40:55,N,AAPL,321.38,5.0,321.41,1.0,2.0,0.0,2020-01-24 09:40:55.051691,321.42,321.46,1
2020-01-24 09:40:56,N,AAPL,321.42,4.0,321.46,2.0,3.0,1.0,2020-01-24 09:40:56.465166,321.38,321.41,-1
2020-01-24 09:40:57,N,AAPL,321.38,5.0,321.41,4.0,0.0,1.0,2020-01-24 09:40:57.563311,321.37,321.39,0
2020-01-24 09:40:58,N,AAPL,321.37,4.0,321.39,5.0,1.0,4.0,2020-01-24 09:40:58.730159,321.32,321.36,-1
2020-01-24 09:40:59,N,AAPL,321.32,1.0,321.36,1.0,-9.0,-1.0,2020-01-24 09:40:59.456382,321.35,321.37,0
2020-01-24 09:41:00,N,AAPL,321.35,1.0,321.37,1.0,-1.0,-1.0,2020-01-24 09:41:00.491640,321.36,321.4,0
2020-01-24 09:41:01,N,AAPL,321.36,2.0,321.4,3.0,1.0,2.0,2020-01-24 09:41:01.049958,321.36,321.38,0
2020-01-24 09:41:02,N,AAPL,321.36,2.0,321.38,4.0,1.0,2.0,2020-01-24 09:41:02.394717,321.37,321.41,0
2020-01-24 09:41:03,N,AAPL,321.37,1.0,321.41,2.0,0.0,1.0,2020-01-24 09:41:03.016756,321.39,321.41,0
2020-01-24 09:41:04,N,AAPL,321.39,2.0,321.41,2.0,0.0,1.0,2020-01-24 09:41:04.548039,321.39,321.4,0
2020-01-24 09:41:06,N,AAPL,321.39,1.0,321.4,4.0,-1.0,3.0,2020-01-24 09:41:06.871113,321.37,321.4,0
2020-01-24 09:41:07,N,AAPL,321.37,1.0,321.4,3.0,-1.0,1.0,2020-01-24 09:41:07.803579,321.41,321.45,1
2020-01-24 09:41:08,N,AAPL,321.41,4.0,321.45,3.0,0.0,2.0,2020-01-24 09:41:08.055920,321.41,321.44,0
2020-01-24 09:41:09,N,AAPL,321.41,3.0,321.44,1.0,2.0,-1.0,2020-01-24 09:41:09.805367,321.43,321.46,0
2020-01-24 09:41:10,N,AAPL,321.43,3.0,321.46,1.0,1.0,0.0,2020-01-24 09:41:10.021961,321.42,321.43,0
2020-01-24 09:41:11,N,AAPL,321.42,1.0,321.43,1.0,-4.0,-1.0,2020-01-24 09:41:11.481056,321.38,321.42,0
2020-01-24 09:41:12,N,AAPL,321.38,3.0,321.42,3.0,-2.0,2.0,2020-01-24 09:41:12.184455,321.43,321.46,1
2020-01-24 09:41:13,N,AAPL,321.43,2.0,321.46,1.0,1.0,-1.0,2020-01-24 09:41:13.095916,321.42,321.46,0
2020-01-24 09:41:14,N,AAPL,321.42,3.0,321.46,2.0,2.0,1.0,2020-01-24 09:41:14.143379,321.41,321.44,0
2020-01-24 09:41:15,N,AAPL,321.41,4.0,321.44,1.0,3.0,-1.0,2020-01-24 09:41:15.706948,321.46,321.49,1
2020-01-24 09:41:16,N,AAPL,321.46,1.0,321.49,2.0,0.0,1.0,2020-01-24 09:41:16.763724,321.46,321.5,0
2020-01-24 09:41:17,N,AAPL,321.46,2.0,321.5,1.0,-1.0,-2.0,2020-01-24 09:41:17.240146,321.48,321.53,0
2020-01-24 09:41:18,N,AAPL,321.48,3.0,321.53,4.0,0.0,2.0,2020-01-24 09:41:18.189142,321.5,321.52,0
2020-01-24 09:41:19,N,AAPL,321.5,1.0,321.52,2.0,0.0,0.0,2020-01-24 09:41:19.618884,321.48,321.52,0
2020-01-24 09:41:20,N,AAPL,321.48,3.0,321.52,2.0,0.0,-1.0,2020-01-24 09:41:20.123752,321.5,321.53,0
2020-01-24 09:41:21,N,AAPL,321.5,2.0,321.53,1.0,1.0,-1.0,2020-01-24 09:41:21.323099,321.48,321.51,0
2020-01-24 09:41:23,N,AAPL,321.48,1.0,321.51,1.0,-1.0,0.0,2020-01-24 09:41:23.099099,321.46,321.5,0
2020-01-24 09:41:24,N,AAPL,321.46,2.0,321.5,4.0,1.0,2.0,2020-01-24 09:41:24.145604,321.46,321.49,0
2020-01-24 09:41:26,N,AAPL,321.46,1.0,321.49,5.0,-2.0,4.0,2020-01-24 09:41:26.752218,321.46,321.49,0
2020-01-24 09:41:27,N,AAPL,321.46,1.0,321.49,4.0,0.0,1.0,2020-01-24 09:41:27.946253,321.5,321.52,1
2020-01-24 09:41:28,N,AAPL,321.5,2.0,321.52,3.0,1.0,-1.0,2020-01-24 09:41:28.896144,321.5,321.53,0
2020-01-24 09:41:30,N,AAPL,321.5,1.0,321.53,2.0,0.0,1.0,2020-01-24 09:41:30.308819,321.49,321.53,0
2020-01-24 09:41:31,N,AAPL,321.49,2.0,321.53,2.0,-1.0,1.0,2020-01-24 09:41:31.007755,321.49,321.52,0
2020-01-24 09:41:32,N,AAPL,321.49,1.0,321.52,2.0,0.0,-1.0,2020-01-24 09:41:32.298643,321.4,321.43,-1
2020-01-24 09:41:33,N,AAPL,321.4,4.0,321.43,1.0,-1.0,-1.0,2020-01-24 09:41:33.008661,321.48,321.53,1
2020-01-24 09:41:34,N,AAPL,321.48,4.0,321.53,2.0,2.0,1.0,2020-01-24 09:41:34.042350,321.46,321.49,0
2020-01-24 09:41:35,N,AAPL,321.46,1.0,321.49,2.0,-1.0,-1.0,2020-01-24 09:41:35.171168,321.47,321.49,0
2020-01-24 09:41:38,N,AAPL,321.47,1.0,321.49,5.0,-1.0,2.0,2020-01-24 09:41:38.130116,321.41,321.43,-1
2020-01-24 09:41:39,N,AAPL,321.41,2.0,321.43,4.0,1.0,1.0,2020-01-24 09:41:39.015863,321.43,321.46,0
2020-01-24 09:41:40,N,AAPL,321.43,2.0,321.46,2.0,-1.0,-2.0,2020-01-24 09:41:40.240135,321.46,321.49,0
2020-01-24 09:41:42,N,AAPL,321.46,1.0,321.49,2.0,0.0,-1.0,2020-01-24 09:41:42.155701,321.47,321.48,0
2020-01-24 09:41:43,N,AAPL,321.47,1.0,321.48,1.0,-1.0,0.0,2020-01-24 09:41:43.670537,321.46,321.49,0
2020-01-24 09:41:44,N,AAPL,321.46,3.0,321.49,2.0,0.0,1.0,2020-01-24 09:41:44.615551,321.51,321.54,1
2020-01-24 09:41:45,N,AAPL,321.51,4.0,321.54,2.0,1.0,-3.0,2020-01-24 09:41:45.135276,321.49,321.53,0
2020-01-24 09:41:46,N,AAPL,321.49,1.0,321.53,2.0,-3.0,0.0,2020-01-24 09:41:46.266760,321.55,321.55,1
2020-01-24 09:41:48,N,AAPL,321.55,2.0,321.55,2.0,-2.0,1.0,2020-01-24 09:41:48.173329,321.54,321.57,0
2020-01-24 09:41:49,N,AAPL,321.54,2.0,321.57,4.0,-2.0,3.0,2020-01-24 09:41:49.504979,321.53,321.57,0
2020-01-24 09:41:50,N,AAPL,321.53,3.0,321.57,2.0,1.0,-1.0,2020-01-24 09:41:50.292844,321.56,321.58,0
2020-01-24 09:41:53,N,AAPL,321.56,1.0,321.58,4.0,-2.0,3.0,2020-01-24 09:41:53.666500,321.53,321.56,0
2020-01-24 09:41:54,N,AAPL,321.53,1.0,321.56,5.0,0.0,3.0,2020-01-24 09:41:54.791228,321.53,321.56,0
2020-01-24 09:41:55,N,AAPL,321.53,2.0,321.56,2.0,1.0,1.0,2020-01-24 09:41:55.434325,321.46,321.49,-1
2020-01-24 09:41:57,N,AAPL,321.46,2.0,321.49,4.0,0.0,1.0,2020-01-24 09:41:57.609001,321.45,321.46,0
2020-01-24 09:41:58,N,AAPL,321.45,1.0,321.46,4.0,0.0,2.0,2020-01-24 09:41:58.040366,321.43,321.46,0
2020-01-24 09:41:59,N,AAPL,321.43,2.0,321.46,1.0,1.0,-2.0,2020-01-24 09:41:59.764523,321.4,321.42,-1
2020-01-24 09:42:00,N,AAPL,321.4,2.0,321.42,1.0,0.0,0.0,2020-01-24 09:42:00.906561,321.4,321.43,0
2020-01-24 09:42:01,N,AAPL,321.4,9.0,321.43,2.0,7.0,1.0,2020-01-24 09:42:01.788174,321.45,321.49,1
2020-01-24 09:42:02,N,AAPL,321.45,2.0,321.49,2.0,0.0,0.0,2020-01-24 09:42:02.318032,321.46,321.48,0
2020-01-24 09:42:05,N,AAPL,321.46,1.0,321.48,5.0,-2.0,-18.0,2020-01-24 09:42:05.841139,321.44,321.47,0
2020-01-24 09:42:07,N,AAPL,321.44,2.0,321.47,2.0,0.0,0.0,2020-01-24 09:42:07.121443,321.4,321.43,-1
2020-01-24 09:42:09,N,AAPL,321.4,4.0,321.43,4.0,-2.0,2.0,2020-01-24 09:42:09.303700,321.42,321.45,0
2020-01-24 09:42:10,N,AAPL,321.42,3.0,321.45,1.0,-1.0,-3.0,2020-01-24 09:42:10.359063,321.42,321.45,0
2020-01-24 09:42:11,N,AAPL,321.42,3.0,321.45,1.0,0.0,0.0,2020-01-24 09:42:11.279700,321.46,321.49,1
2020-01-24 09:42:12,N,AAPL,321.46,1.0,321.49,2.0,-2.0,1.0,2020-01-24 09:42:12.047632,321.43,321.46,0
2020-01-24 09:42:13,N,AAPL,321.43,2.0,321.46,1.0,-1.0,-1.0,2020-01-24 09:42:13.301567,321.42,321.45,0
2020-01-24 09:42:15,N,AAPL,321.42,1.0,321.45,2.0,-2.0,-2.0,2020-01-24 09:42:15.313402,321.46,321.5,1
2020-01-24 09:42:16,N,AAPL,321.46,1.0,321.5,2.0,0.0,0.0,2020-01-24 09:42:16.125388,321.45,321.49,0
2020-01-24 09:42:17,N,AAPL,321.45,1.0,321.49,3.0,0.0,2.0,2020-01-24 09:42:17.314402,321.44,321.47,0
2020-01-24 09:42:18,N,AAPL,321.44,2.0,321.47,1.0,1.0,0.0,2020-01-24 09:42:18.132508,321.5,321.53,1
2020-01-24 09:42:22,N,AAPL,321.5,3.0,321.53,2.0,0.0,1.0,2020-01-24 09:42:22.821130,321.5,321.53,0
2020-01-24 09:42:23,N,AAPL,321.5,3.0,321.53,2.0,0.0,0.0,2020-01-24 09:42:23.308404,321.53,321.57,0
2020-01-24 09:42:27,N,AAPL,321.53,2.0,321.57,3.0,-1.0,1.0,2020-01-24 09:42:27.697656,321.51,321.55,0
2020-01-24 09:42:28,N,AAPL,321.51,3.0,321.55,2.0,-1.0,0.0,2020-01-24 09:42:28.316880,321.5,321.52,0
2020-01-24 09:42:29,N,AAPL,321.5,5.0,321.52,4.0,4.0,2.0,2020-01-24 09:42:29.234445,321.51,321.54,0
2020-01-24 09:42:30,N,AAPL,321.51,3.0,321.54,1.0,0.0,0.0,2020-01-24 09:42:30.865458,321.52,321.54,0
2020-01-24 09:42:31,N,AAPL,321.52,1.0,321.54,1.0,-2.0,0.0,2020-01-24 09:42:31.246208,321.54,321.57,0
2020-01-24 09:42:32,N,AAPL,321.54,1.0,321.57,1.0,-3.0,-1.0,2020-01-24 09:42:32.461495,321.55,321.56,0
2020-01-24 09:42:33,N,AAPL,321.55,1.0,321.56,4.0,0.0,3.0,2020-01-24 09:42:33.950810,321.56,321.58,0
2020-01-24 09:42:34,N,AAPL,321.56,2.0,321.58,2.0,1.0,0.0,2020-01-24 09:42:34.574994,321.59,321.61,1
2020-01-24 09:42:40,N,AAPL,321.59,1.0,321.61,2.0,0.0,0.0,2020-01-24 09:42:40.068288,321.58,321.6,0
2020-01-24 09:42:42,N,AAPL,321.58,1.0,321.6,4.0,-1.0,1.0,2020-01-24 09:42:42.931527,321.58,321.61,0
2020-01-24 09:42:43,N,AAPL,321.58,3.0,321.61,5.0,2.0,1.0,2020-01-24 09:42:43.417136,321.57,321.6,0
2020-01-24 09:42:45,N,AAPL,321.57,3.0,321.6,8.0,0.0,3.0,2020-01-24 09:42:45.753220,321.54,321.56,-1
2020-01-24 09:42:46,N,AAPL,321.54,2.0,321.56,4.0,-1.0,-2.0,2020-01-24 09:42:46.947761,321.54,321.57,0
2020-01-24 09:42:47,N,AAPL,321.54,4.0,321.57,1.0,2.0,-3.0,2020-01-24 09:42:47.062990,321.59,321.61,1
2020-01-24 09:42:50,N,AAPL,321.59,2.0,321.61,2.0,1.0,0.0,2020-01-24 09:42:50.665395,321.57,321.6,0
2020-01-24 09:42:52,N,AAPL,321.57,5.0,321.6,1.0,3.0,-1.0,2020-01-24 09:42:52.539663,321.61,321.64,1
2020-01-24 09:42:53,N,AAPL,321.61,3.0,321.64,1.0,-2.0,0.0,2020-01-24 09:42:53.760363,321.63,321.65,0
2020-01-24 09:42:59,N,AAPL,321.63,1.0,321.65,3.0,-2.0,1.0,2020-01-24 09:42:59.289201,321.61,321.64,0
2020-01-24 09:43:00,N,AAPL,321.61,2.0,321.64,4.0,1.0,1.0,2020-01-24 09:43:00.588424,321.62,321.64,0
2020-01-24 09:43:01,N,AAPL,321.62,1.0,321.64,2.0,-1.0,-2.0,2020-01-24 09:43:01.198039,321.57,321.6,-1
2020-01-24 09:43:02,N,AAPL,321.57,2.0,321.6,1.0,-2.0,-1.0,2020-01-24 09:43:02.512651,321.51,321.53,-1
2020-01-24 09:43:04,N,AAPL,321.51,1.0,321.53,3.0,-1.0,2.0,2020-01-24 09:43:04.695838,321.54,321.56,1
2020-01-24 09:43:05,N,AAPL,321.54,1.0,321.56,1.0,0.0,0.0,2020-01-24 09:43:05.003165,321.54,321.56,0
2020-01-24 09:43:08,N,AAPL,321.54,1.0,321.56,1.0,0.0,0.0,2020-01-24 09:43:08.424894,321.54,321.56,0
2020-01-24 09:43:09,N,AAPL,321.54,4.0,321.56,2.0,3.0,1.0,2020-01-24 09:43:09.196173,321.5,321.53,-1
2020-01-24 09:43:10,N,AAPL,321.5,12.0,321.53,1.0,-1.0,-2.0,2020-01-24 09:43:10.043533,321.54,321.56,1
2020-01-24 09:43:12,N,AAPL,321.54,1.0,321.56,4.0,0.0,2.0,2020-01-24 09:43:12.623636,321.5,321.54,0
2020-01-24 09:43:13,N,AAPL,321.5,12.0,321.54,2.0,3.0,0.0,2020-01-24 09:43:13.147754,321.53,321.56,0
2020-01-24 09:43:14,N,AAPL,321.53,1.0,321.56,4.0,-2.0,1.0,2020-01-24 09:43:14.053326,321.57,321.58,1
2020-01-24 09:43:16,N,AAPL,321.57,1.0,321.58,2.0,0.0,0.0,2020-01-24 09:43:16.357426,321.58,321.59,0
2020-01-24 09:43:18,N,AAPL,321.58,2.0,321.59,4.0,1.0,2.0,2020-01-24 09:43:18.678945,321.52,321.56,-1
2020-01-24 09:43:19,N,AAPL,321.52,2.0,321.56,3.0,0.0,2.0,2020-01-24 09:43:19.153258,321.54,321.57,0
2020-01-24 09:43:21,N,AAPL,321.54,1.0,321.57,2.0,0.0,1.0,2020-01-24 09:43:21.026607,321.54,321.57,0
2020-01-24 09:43:27,N,AAPL,321.54,2.0,321.57,4.0,1.0,2.0,2020-01-24 09:43:27.532573,321.55,321.59,0
2020-01-24 09:43:28,N,AAPL,321.55,2.0,321.59,3.0,0.0,2.0,2020-01-24 09:43:28.252844,321.55,321.58,0
2020-01-24 09:43:29,N,AAPL,321.55,1.0,321.58,1.0,-2.0,-2.0,2020-01-24 09:43:29.681373,321.54,321.58,0
2020-01-24 09:43:30,N,AAPL,321.54,1.0,321.58,3.0,0.0,2.0,2020-01-24 09:43:30.490359,321.55,321.58,0
2020-01-24 09:43:31,N,AAPL,321.55,7.0,321.58,2.0,6.0,1.0,2020-01-24 09:43:31.632851,321.58,321.6,0
2020-01-24 09:43:33,N,AAPL,321.58,1.0,321.6,5.0,-6.0,3.0,2020-01-24 09:43:33.766419,321.58,321.6,0
2020-01-24 09:43:37,N,AAPL,321.58,1.0,321.6,2.0,0.0,-3.0,2020-01-24 09:43:37.001985,321.56,321.59,0
2020-01-24 09:43:38,N,AAPL,321.56,1.0,321.59,1.0,0.0,-1.0,2020-01-24 09:43:38.220455,321.56,321.59,0
2020-01-24 09:43:41,N,AAPL,321.56,4.0,321.59,1.0,3.0,0.0,2020-01-24 09:43:41.272092,321.57,321.59,0
2020-01-24 09:43:43,N,AAPL,321.57,3.0,321.59,2.0,-1.0,1.0,2020-01-24 09:43:43.080221,321.57,321.59,0
2020-01-24 09:43:44,N,AAPL,321.57,2.0,321.59,2.0,-1.0,0.0,2020-01-24 09:43:44.042585,321.62,321.64,1
2020-01-24 09:43:47,N,AAPL,321.62,2.0,321.64,2.0,1.0,-1.0,2020-01-24 09:43:47.290710,321.62,321.64,0
2020-01-24 09:43:51,N,AAPL,321.62,2.0,321.64,2.0,0.0,0.0,2020-01-24 09:43:51.897865,321.62,321.63,0
2020-01-24 09:43:52,N,AAPL,321.62,2.0,321.63,4.0,0.0,2.0,2020-01-24 09:43:52.080429,321.58,321.6,-1
2020-01-24 09:43:53,N,AAPL,321.58,4.0,321.6,4.0,3.0,2.0,2020-01-24 09:43:53.003618,321.5,321.54,-1
2020-01-24 09:43:54,N,AAPL,321.5,11.0,321.54,3.0,7.0,0.0,2020-01-24 09:43:54.821380,321.57,321.61,1
2020-01-24 09:43:57,N,AAPL,321.57,4.0,321.61,1.0,-7.0,-2.0,2020-01-24 09:43:57.974486,321.56,321.58,0
2020-01-24 09:44:01,N,AAPL,321.56,2.0,321.58,2.0,-2.0,1.0,2020-01-24 09:44:01.320702,321.57,321.59,0
2020-01-24 09:44:03,N,AAPL,321.57,2.0,321.59,2.0,0.0,1.0,2020-01-24 09:44:03.588479,321.59,321.6,0
2020-01-24 09:44:07,N,AAPL,321.59,1.0,321.6,1.0,-1.0,0.0,2020-01-24 09:44:07.622252,321.56,321.59,0
2020-01-24 09:44:08,N,AAPL,321.56,1.0,321.59,4.0,0.0,-3.0,2020-01-24 09:44:08.710698,321.56,321.58,0
2020-01-24 09:44:09,N,AAPL,321.56,1.0,321.58,9.0,0.0,8.0,2020-01-24 09:44:09.952480,321.58,321.61,0
2020-01-24 09:44:10,N,AAPL,321.58,2.0,321.61,4.0,1.0,-5.0,2020-01-24 09:44:10.208560,321.56,321.6,0
2020-01-24 09:44:11,N,AAPL,321.56,3.0,321.6,1.0,0.0,-1.0,2020-01-24 09:44:11.155446,321.56,321.59,0
2020-01-24 09:44:14,N,AAPL,321.56,2.0,321.59,4.0,-1.0,3.0,2020-01-24 09:44:14.807194,321.56,321.58,0
2020-01-24 09:44:15,N,AAPL,321.56,1.0,321.58,2.0,0.0,1.0,2020-01-24 09:44:15.237182,321.57,321.59,0
2020-01-24 09:44:16,N,AAPL,321.57,2.0,321.59,1.0,1.0,-1.0,2020-01-24 09:44:16.293452,321.61,321.64,1
2020-01-24 09:44:17,N,AAPL,321.61,3.0,321.64,1.0,1.0,-3.0,2020-01-24 09:44:17.066404,321.56,321.58,-1
2020-01-24 09:44:18,N,AAPL,321.56,1.0,321.58,2.0,-3.0,1.0,2020-01-24 09:44:18.409230,321.56,321.57,0
2020-01-24 09:44:21,N,AAPL,321.56,1.0,321.57,4.0,0.0,2.0,2020-01-24 09:44:21.147278,321.53,321.57,0
2020-01-24 09:44:22,N,AAPL,321.53,6.0,321.57,2.0,2.0,-2.0,2020-01-24 09:44:22.979794,321.53,321.56,0
2020-01-24 09:44:23,N,AAPL,321.53,6.0,321.56,4.0,0.0,2.0,2020-01-24 09:44:23.085769,321.55,321.56,0
2020-01-24 09:44:26,N,AAPL,321.55,1.0,321.56,1.0,-1.0,-2.0,2020-01-24 09:44:26.338338,321.55,321.58,0
2020-01-24 09:44:31,N,AAPL,321.55,2.0,321.58,2.0,1.0,1.0,2020-01-24 09:44:31.816712,321.55,321.58,0
2020-01-24 09:44:32,N,AAPL,321.55,4.0,321.58,1.0,-1.0,0.0,2020-01-24 09:44:32.036562,321.56,321.58,0
2020-01-24 09:44:33,N,AAPL,321.56,2.0,321.58,2.0,1.0,-7.0,2020-01-24 09:44:33.594896,321.55,321.59,0
2020-01-24 09:44:34,N,AAPL,321.55,4.0,321.59,3.0,3.0,1.0,2020-01-24 09:44:34.195268,321.52,321.54,-1
2020-01-24 09:44:35,N,AAPL,321.52,3.0,321.54,3.0,1.0,-1.0,2020-01-24 09:44:35.595681,321.52,321.54,0
2020-01-24 09:44:36,N,AAPL,321.52,4.0,321.54,1.0,1.0,-2.0,2020-01-24 09:44:36.046139,321.54,321.57,0
2020-01-24 09:44:39,N,AAPL,321.54,3.0,321.57,20.0,-3.0,0.0,2020-01-24 09:44:39.331058,321.55,321.57,0
2020-01-24 09:44:41,N,AAPL,321.55,4.0,321.57,21.0,0.0,0.0,2020-01-24 09:44:41.703704,321.55,321.57,0
2020-01-24 09:44:42,N,AAPL,321.55,9.0,321.57,16.0,-1.0,-2.0,2020-01-24 09:44:42.004793,321.55,321.57,0
2020-01-24 09:44:43,N,AAPL,321.55,4.0,321.57,12.0,-6.0,-4.0,2020-01-24 09:44:43.952134,321.55,321.57,0
2020-01-24 09:44:44,N,AAPL,321.55,4.0,321.57,12.0,0.0,0.0,2020-01-24 09:44:44.136262,321.55,321.56,0
2020-01-24 09:44:45,N,AAPL,321.55,5.0,321.56,1.0,1.0,-11.0,2020-01-24 09:44:45.320424,321.55,321.57,0
2020-01-24 09:44:46,N,AAPL,321.55,5.0,321.57,2.0,1.0,1.0,2020-01-24 09:44:46.099269,321.55,321.56,0
2020-01-24 09:44:52,N,AAPL,321.55,1.0,321.56,3.0,0.0,1.0,2020-01-24 09:44:52.689910,321.57,321.58,1
2020-01-24 09:44:58,N,AAPL,321.57,1.0,321.58,4.0,-1.0,1.0,2020-01-24 09:44:58.812325,321.56,321.58,0
2020-01-24 09:44:59,N,AAPL,321.56,2.0,321.58,1.0,1.0,-3.0,2020-01-24 09:44:59.150057,321.57,321.58,0
2020-01-24 09:45:00,N,AAPL,321.57,1.0,321.58,1.0,-1.0,0.0,2020-01-24 09:45:00.003699,321.56,321.57,0
2020-01-24 09:45:01,N,AAPL,321.56,1.0,321.57,2.0,-1.0,-2.0,2020-01-24 09:45:01.620406,321.56,321.57,0
2020-01-24 09:45:02,N,AAPL,321.56,1.0,321.57,2.0,0.0,0.0,2020-01-24 09:45:02.309303,321.55,321.56,0
2020-01-24 09:45:04,N,AAPL,321.55,2.0,321.56,3.0,1.0,1.0,2020-01-24 09:45:04.610346,321.44,321.46,-1
2020-01-24 09:45:05,N,AAPL,321.44,3.0,321.46,1.0,1.0,-4.0,2020-01-24 09:45:05.263062,321.43,321.45,0
2020-01-24 09:45:06,N,AAPL,321.43,1.0,321.45,1.0,-7.0,0.0,2020-01-24 09:45:06.308325,321.4,321.45,0
2020-01-24 09:45:07,N,AAPL,321.4,2.0,321.45,4.0,1.0,2.0,2020-01-24 09:45:07.222744,321.44,321.49,0
2020-01-24 09:45:08,N,AAPL,321.44,2.0,321.49,1.0,1.0,0.0,2020-01-24 09:45:08.550506,321.44,321.49,0
2020-01-24 09:45:09,N,AAPL,321.44,3.0,321.49,1.0,1.0,0.0,2020-01-24 09:45:09.105498,321.38,321.4,-1
2020-01-24 09:45:10,N,AAPL,321.38,1.0,321.4,3.0,0.0,2.0,2020-01-24 09:45:10.309680,321.4,321.45,0
2020-01-24 09:45:11,N,AAPL,321.4,2.0,321.45,1.0,0.0,-1.0,2020-01-24 09:45:11.374902,321.44,321.46,0
2020-01-24 09:45:13,N,AAPL,321.44,1.0,321.46,1.0,0.0,0.0,2020-01-24 09:45:13.996968,321.44,321.47,0
2020-01-24 09:45:14,N,AAPL,321.44,1.0,321.47,2.0,0.0,1.0,2020-01-24 09:45:14.001840,321.45,321.47,0
2020-01-24 09:45:16,N,AAPL,321.45,1.0,321.47,1.0,0.0,-1.0,2020-01-24 09:45:16.116770,321.44,321.49,0
2020-01-24 09:45:17,N,AAPL,321.44,3.0,321.49,3.0,1.0,2.0,2020-01-24 09:45:17.887666,321.44,321.5,0
2020-01-24 09:45:19,N,AAPL,321.44,3.0,321.5,2.0,0.0,-1.0,2020-01-24 09:45:19.066756,321.41,321.43,-1
2020-01-24 09:45:20,N,AAPL,321.41,2.0,321.43,3.0,0.0,1.0,2020-01-24 09:45:20.410481,321.4,321.42,0
2020-01-24 09:45:22,N,AAPL,321.4,1.0,321.42,1.0,-2.0,-1.0,2020-01-24 09:45:22.080328,321.36,321.39,-1
2020-01-24 09:45:23,N,AAPL,321.36,4.0,321.39,3.0,3.0,2.0,2020-01-24 09:45:23.960929,321.36,321.39,0
2020-01-24 09:45:24,N,AAPL,321.36,5.0,321.39,3.0,1.0,0.0,2020-01-24 09:45:24.232585,321.37,321.42,0
2020-01-24 09:45:25,N,AAPL,321.37,2.0,321.42,4.0,-3.0,1.0,2020-01-24 09:45:25.317199,321.37,321.41,0
2020-01-24 09:45:26,N,AAPL,321.37,2.0,321.41,1.0,0.0,-3.0,2020-01-24 09:45:26.633468,321.39,321.41,0
2020-01-24 09:45:29,N,AAPL,321.39,1.0,321.41,1.0,-1.0,-3.0,2020-01-24 09:45:29.241496,321.32,321.34,-1
2020-01-24 09:45:31,N,AAPL,321.32,1.0,321.34,1.0,0.0,0.0,2020-01-24 09:45:31.064541,321.25,321.29,-1
2020-01-24 09:45:32,N,AAPL,321.25,2.0,321.29,3.0,0.0,0.0,2020-01-24 09:45:32.532070,321.29,321.32,0
2020-01-24 09:45:34,N,AAPL,321.29,2.0,321.32,2.0,1.0,1.0,2020-01-24 09:45:34.056438,321.29,321.3,0
2020-01-24 09:45:38,N,AAPL,321.29,2.0,321.3,7.0,0.0,4.0,2020-01-24 09:45:38.488303,321.26,321.28,-1
2020-01-24 09:45:40,N,AAPL,321.26,4.0,321.28,4.0,0.0,0.0,2020-01-24 09:45:40.362537,321.26,321.27,0
2020-01-24 09:45:41,N,AAPL,321.26,4.0,321.27,5.0,-1.0,1.0,2020-01-24 09:45:41.136720,321.12,321.15,-1
2020-01-24 09:45:42,N,AAPL,321.12,2.0,321.15,2.0,-1.0,1.0,2020-01-24 09:45:42.136862,321.17,321.2,1
2020-01-24 09:45:43,N,AAPL,321.17,1.0,321.2,3.0,-2.0,2.0,2020-01-24 09:45:43.311741,321.16,321.18,0
2020-01-24 09:45:45,N,AAPL,321.16,4.0,321.18,3.0,2.0,2.0,2020-01-24 09:45:45.341936,321.22,321.26,1
2020-01-24 09:45:46,N,AAPL,321.22,2.0,321.26,3.0,0.0,2.0,2020-01-24 09:45:46.120032,321.22,321.27,0
2020-01-24 09:45:47,N,AAPL,321.22,3.0,321.27,2.0,0.0,0.0,2020-01-24 09:45:47.001489,321.3,321.31,1
2020-01-24 09:45:49,N,AAPL,321.3,3.0,321.31,2.0,1.0,0.0,2020-01-24 09:45:49.819920,321.3,321.33,0
2020-01-24 09:45:50,N,AAPL,321.3,1.0,321.33,2.0,-1.0,1.0,2020-01-24 09:45:50.363763,321.26,321.28,-1
2020-01-24 09:45:52,N,AAPL,321.26,2.0,321.28,4.0,1.0,1.0,2020-01-24 09:45:52.124998,321.27,321.3,0
2020-01-24 09:45:53,N,AAPL,321.27,5.0,321.3,1.0,0.0,0.0,2020-01-24 09:45:53.406443,321.33,321.35,1
2020-01-24 09:45:54,N,AAPL,321.33,1.0,321.35,1.0,0.0,-1.0,2020-01-24 09:45:54.153605,321.38,321.41,1
2020-01-24 09:45:55,N,AAPL,321.38,4.0,321.41,3.0,1.0,1.0,2020-01-24 09:45:55.132896,321.37,321.4,0
2020-01-24 09:45:56,N,AAPL,321.37,4.0,321.4,1.0,2.0,-1.0,2020-01-24 09:45:56.145170,321.41,321.44,1
2020-01-24 09:45:57,N,AAPL,321.41,1.0,321.44,2.0,0.0,1.0,2020-01-24 09:45:57.011029,321.4,321.43,0
2020-01-24 09:45:58,N,AAPL,321.4,3.0,321.43,2.0,2.0,-1.0,2020-01-24 09:45:58.201322,321.36,321.39,-1
2020-01-24 09:45:59,N,AAPL,321.36,4.0,321.39,1.0,3.0,-2.0,2020-01-24 09:45:59.532759,321.37,321.41,0
2020-01-24 09:46:00,N,AAPL,321.37,6.0,321.41,3.0,5.0,1.0,2020-01-24 09:46:00.120053,321.39,321.42,0
2020-01-24 09:46:01,N,AAPL,321.39,1.0,321.42,2.0,0.0,0.0,2020-01-24 09:46:01.140731,321.46,321.49,1
2020-01-24 09:46:02,N,AAPL,321.46,1.0,321.49,5.0,-2.0,-8.0,2020-01-24 09:46:02.100532,321.45,321.48,0
2020-01-24 09:46:03,N,AAPL,321.45,1.0,321.48,1.0,0.0,0.0,2020-01-24 09:46:03.090618,321.44,321.47,0
2020-01-24 09:46:04,N,AAPL,321.44,1.0,321.47,3.0,0.0,-1.0,2020-01-24 09:46:04.046821,321.48,321.5,1
2020-01-24 09:46:05,N,AAPL,321.48,1.0,321.5,1.0,-3.0,-1.0,2020-01-24 09:46:05.703163,321.51,321.53,1
2020-01-24 09:46:07,N,AAPL,321.51,2.0,321.53,1.0,0.0,0.0,2020-01-24 09:46:07.186785,321.52,321.54,0
2020-01-24 09:46:08,N,AAPL,321.52,2.0,321.54,4.0,-1.0,-2.0,2020-01-24 09:46:08.297780,321.51,321.53,0
2020-01-24 09:46:09,N,AAPL,321.51,2.0,321.53,1.0,1.0,0.0,2020-01-24 09:46:09.432335,321.52,321.56,0
2020-01-24 09:46:10,N,AAPL,321.52,2.0,321.56,2.0,1.0,-5.0,2020-01-24 09:46:10.697694,321.51,321.53,0
2020-01-24 09:46:11,N,AAPL,321.51,1.0,321.53,4.0,-1.0,2.0,2020-01-24 09:46:11.293458,321.52,321.55,0
2020-01-24 09:46:12,N,AAPL,321.52,1.0,321.55,4.0,0.0,1.0,2020-01-24 09:46:12.481037,321.51,321.54,0
2020-01-24 09:46:13,N,AAPL,321.51,2.0,321.54,3.0,1.0,2.0,2020-01-24 09:46:13.092724,321.5,321.53,0
2020-01-24 09:46:14,N,AAPL,321.5,1.0,321.53,1.0,-1.0,-2.0,2020-01-24 09:46:14.059731,321.51,321.54,0
2020-01-24 09:46:15,N,AAPL,321.51,1.0,321.54,1.0,-2.0,-4.0,2020-01-24 09:46:15.524570,321.44,321.48,-1
2020-01-24 09:46:16,N,AAPL,321.44,2.0,321.48,1.0,1.0,-1.0,2020-01-24 09:46:16.807278,321.44,321.47,0
2020-01-24 09:46:17,N,AAPL,321.44,1.0,321.47,2.0,-1.0,1.0,2020-01-24 09:46:17.074444,321.44,321.47,0
2020-01-24 09:46:18,N,AAPL,321.44,1.0,321.47,4.0,-1.0,3.0,2020-01-24 09:46:18.298242,321.47,321.49,0
2020-01-24 09:46:20,N,AAPL,321.47,2.0,321.49,1.0,1.0,-1.0,2020-01-24 09:46:20.172412,321.45,321.48,0
2020-01-24 09:46:22,N,AAPL,321.45,2.0,321.48,8.0,1.0,5.0,2020-01-24 09:46:22.018813,321.46,321.5,0
2020-01-24 09:46:24,N,AAPL,321.46,4.0,321.5,3.0,3.0,1.0,2020-01-24 09:46:24.650734,321.47,321.49,0
2020-01-24 09:46:25,N,AAPL,321.47,1.0,321.49,2.0,-2.0,1.0,2020-01-24 09:46:25.197639,321.52,321.54,1
2020-01-24 09:46:28,N,AAPL,321.52,5.0,321.54,11.0,2.0,-12.0,2020-01-24 09:46:28.720380,321.52,321.53,0
2020-01-24 09:46:29,N,AAPL,321.52,2.0,321.53,1.0,0.0,-9.0,2020-01-24 09:46:29.453985,321.49,321.53,0
2020-01-24 09:46:30,N,AAPL,321.49,2.0,321.53,3.0,0.0,2.0,2020-01-24 09:46:30.133574,321.52,321.53,0
2020-01-24 09:46:32,N,AAPL,321.52,2.0,321.53,2.0,0.0,1.0,2020-01-24 09:46:32.520875,321.51,321.54,0
2020-01-24 09:46:33,N,AAPL,321.51,3.0,321.54,6.0,1.0,4.0,2020-01-24 09:46:33.935768,321.51,321.55,0
2020-01-24 09:46:35,N,AAPL,321.51,2.0,321.55,2.0,-1.0,-4.0,2020-01-24 09:46:35.299869,321.45,321.46,-1
2020-01-24 09:46:36,N,AAPL,321.45,1.0,321.46,3.0,0.0,0.0,2020-01-24 09:46:36.002660,321.42,321.45,0
2020-01-24 09:46:37,N,AAPL,321.42,3.0,321.45,1.0,1.0,0.0,2020-01-24 09:46:37.008372,321.4,321.43,0
2020-01-24 09:46:38,N,AAPL,321.4,1.0,321.43,2.0,-2.0,1.0,2020-01-24 09:46:38.589191,321.36,321.37,-1
2020-01-24 09:46:40,N,AAPL,321.36,1.0,321.37,1.0,-1.0,0.0,2020-01-24 09:46:40.393650,321.36,321.39,0
2020-01-24 09:46:41,N,AAPL,321.36,2.0,321.39,3.0,1.0,0.0,2020-01-24 09:46:41.329959,321.38,321.41,0
2020-01-24 09:46:43,N,AAPL,321.38,1.0,321.41,2.0,-2.0,-2.0,2020-01-24 09:46:43.243649,321.33,321.37,-1
2020-01-24 09:46:44,N,AAPL,321.33,2.0,321.37,2.0,1.0,-2.0,2020-01-24 09:46:44.030347,321.37,321.37,0
2020-01-24 09:46:45,N,AAPL,321.37,1.0,321.37,1.0,-2.0,-2.0,2020-01-24 09:46:45.230270,321.37,321.39,0
2020-01-24 09:46:46,N,AAPL,321.37,2.0,321.39,1.0,1.0,0.0,2020-01-24 09:46:46.218275,321.39,321.43,0
2020-01-24 09:46:47,N,AAPL,321.39,4.0,321.43,1.0,3.0,0.0,2020-01-24 09:46:47.204928,321.41,321.44,0
2020-01-24 09:46:48,N,AAPL,321.41,2.0,321.44,2.0,-2.0,1.0,2020-01-24 09:46:48.124878,321.41,321.45,0
2020-01-24 09:46:49,N,AAPL,321.41,2.0,321.45,2.0,0.0,-1.0,2020-01-24 09:46:49.010176,321.4,321.41,0
2020-01-24 09:46:50,N,AAPL,321.4,1.0,321.41,1.0,-1.0,0.0,2020-01-24 09:46:50.194732,321.38,321.41,0
2020-01-24 09:46:51,N,AAPL,321.38,2.0,321.41,2.0,1.0,1.0,2020-01-24 09:46:51.103257,321.39,321.42,0
2020-01-24 09:46:52,N,AAPL,321.39,4.0,321.42,2.0,2.0,1.0,2020-01-24 09:46:52.612268,321.4,321.43,0
2020-01-24 09:46:53,N,AAPL,321.4,1.0,321.43,1.0,-3.0,-1.0,2020-01-24 09:46:53.371135,321.48,321.5,1
2020-01-24 09:46:54,N,AAPL,321.48,1.0,321.5,2.0,-1.0,1.0,2020-01-24 09:46:54.399956,321.47,321.49,0
2020-01-24 09:46:55,N,AAPL,321.47,2.0,321.49,4.0,1.0,2.0,2020-01-24 09:46:55.050813,321.43,321.44,-1
2020-01-24 09:46:56,N,AAPL,321.43,1.0,321.44,1.0,-1.0,0.0,2020-01-24 09:46:56.151008,321.44,321.47,0
2020-01-24 09:46:57,N,AAPL,321.44,1.0,321.47,1.0,-2.0,0.0,2020-01-24 09:46:57.002067,321.43,321.47,0
2020-01-24 09:46:58,N,AAPL,321.43,2.0,321.47,2.0,-1.0,0.0,2020-01-24 09:46:58.624049,321.41,321.45,0
2020-01-24 09:46:59,N,AAPL,321.41,3.0,321.45,1.0,1.0,-1.0,2020-01-24 09:46:59.188303,321.47,321.49,1
2020-01-24 09:47:01,N,AAPL,321.47,2.0,321.49,1.0,1.0,-2.0,2020-01-24 09:47:01.625096,321.44,321.47,0
2020-01-24 09:47:04,N,AAPL,321.44,2.0,321.47,1.0,0.0,0.0,2020-01-24 09:47:04.151716,321.45,321.48,0
2020-01-24 09:47:05,N,AAPL,321.45,3.0,321.48,2.0,0.0,1.0,2020-01-24 09:47:05.202038,321.48,321.49,0
2020-01-24 09:47:06,N,AAPL,321.48,5.0,321.49,2.0,3.0,0.0,2020-01-24 09:47:06.477987,321.46,321.49,0
2020-01-24 09:47:08,N,AAPL,321.46,1.0,321.49,2.0,0.0,0.0,2020-01-24 09:47:08.257081,321.49,321.5,0
2020-01-24 09:47:10,N,AAPL,321.49,1.0,321.5,1.0,0.0,0.0,2020-01-24 09:47:10.245589,321.48,321.51,0
2020-01-24 09:47:11,N,AAPL,321.48,2.0,321.51,1.0,-1.0,0.0,2020-01-24 09:47:11.236007,321.48,321.5,0
2020-01-24 09:47:12,N,AAPL,321.48,1.0,321.5,4.0,-1.0,3.0,2020-01-24 09:47:12.323199,321.44,321.48,0
2020-01-24 09:47:13,N,AAPL,321.44,2.0,321.48,2.0,0.0,0.0,2020-01-24 09:47:13.028156,321.44,321.47,0
2020-01-24 09:47:14,N,AAPL,321.44,1.0,321.47,2.0,-2.0,0.0,2020-01-24 09:47:14.213209,321.51,321.52,1
2020-01-24 09:47:15,N,AAPL,321.51,1.0,321.52,1.0,-3.0,-1.0,2020-01-24 09:47:15.286669,321.49,321.52,0
2020-01-24 09:47:16,N,AAPL,321.49,4.0,321.52,4.0,0.0,-13.0,2020-01-24 09:47:16.052304,321.49,321.51,0
2020-01-24 09:47:17,N,AAPL,321.49,2.0,321.51,4.0,-3.0,2.0,2020-01-24 09:47:17.078086,321.52,321.53,1
2020-01-24 09:47:18,N,AAPL,321.52,3.0,321.53,1.0,0.0,-16.0,2020-01-24 09:47:18.691659,321.57,321.59,1
2020-01-24 09:47:19,N,AAPL,321.57,4.0,321.59,2.0,2.0,0.0,2020-01-24 09:47:19.496260,321.58,321.6,0
2020-01-24 09:47:20,N,AAPL,321.58,1.0,321.6,2.0,-3.0,0.0,2020-01-24 09:47:20.772295,321.57,321.59,0
2020-01-24 09:47:21,N,AAPL,321.57,1.0,321.59,4.0,0.0,2.0,2020-01-24 09:47:21.472932,321.54,321.57,0
2020-01-24 09:47:22,N,AAPL,321.54,5.0,321.57,1.0,3.0,0.0,2020-01-24 09:47:22.091938,321.54,321.55,0
2020-01-24 09:47:25,N,AAPL,321.54,1.0,321.55,2.0,0.0,-2.0,2020-01-24 09:47:25.898374,321.56,321.59,1
2020-01-24 09:47:26,N,AAPL,321.56,1.0,321.59,2.0,-1.0,0.0,2020-01-24 09:47:26.477175,321.55,321.58,0
2020-01-24 09:47:27,N,AAPL,321.55,1.0,321.58,3.0,0.0,-2.0,2020-01-24 09:47:27.027372,321.59,321.61,1
2020-01-24 09:47:29,N,AAPL,321.59,2.0,321.61,1.0,0.0,0.0,2020-01-24 09:47:29.919187,321.56,321.59,0
2020-01-24 09:47:30,N,AAPL,321.56,2.0,321.59,4.0,1.0,-1.0,2020-01-24 09:47:30.003440,321.61,321.64,1
2020-01-24 09:47:31,N,AAPL,321.61,2.0,321.64,1.0,0.0,-1.0,2020-01-24 09:47:31.054248,321.58,321.61,0
2020-01-24 09:47:32,N,AAPL,321.58,2.0,321.61,1.0,1.0,-2.0,2020-01-24 09:47:32.248431,321.58,321.62,0
2020-01-24 09:47:33,N,AAPL,321.58,3.0,321.62,1.0,-1.0,0.0,2020-01-24 09:47:33.255170,321.58,321.62,0
2020-01-24 09:47:34,N,AAPL,321.58,4.0,321.62,4.0,2.0,3.0,2020-01-24 09:47:34.540049,321.59,321.61,0
2020-01-24 09:47:35,N,AAPL,321.59,2.0,321.61,1.0,-1.0,-1.0,2020-01-24 09:47:35.356063,321.6,321.64,0
2020-01-24 09:47:36,N,AAPL,321.6,1.0,321.64,4.0,0.0,-1.0,2020-01-24 09:47:36.002553,321.62,321.64,0
2020-01-24 09:47:37,N,AAPL,321.62,1.0,321.64,3.0,0.0,-1.0,2020-01-24 09:47:37.883708,321.6,321.62,0
2020-01-24 09:47:38,N,AAPL,321.6,1.0,321.62,1.0,0.0,-2.0,2020-01-24 09:47:38.166958,321.62,321.64,0
2020-01-24 09:47:39,N,AAPL,321.62,1.0,321.64,1.0,0.0,-1.0,2020-01-24 09:47:39.139523,321.6,321.63,0
2020-01-24 09:47:40,N,AAPL,321.6,1.0,321.63,4.0,-2.0,3.0,2020-01-24 09:47:40.273790,321.59,321.62,0
2020-01-24 09:47:41,N,AAPL,321.59,1.0,321.62,2.0,0.0,0.0,2020-01-24 09:47:41.104906,321.56,321.59,0
2020-01-24 09:47:42,N,AAPL,321.56,5.0,321.59,1.0,4.0,-3.0,2020-01-24 09:47:42.040124,321.58,321.59,0
2020-01-24 09:47:43,N,AAPL,321.58,7.0,321.59,1.0,3.0,-1.0,2020-01-24 09:47:43.435253,321.59,321.61,0
2020-01-24 09:47:44,N,AAPL,321.59,2.0,321.61,4.0,-5.0,3.0,2020-01-24 09:47:44.402689,321.56,321.58,-1
2020-01-24 09:47:46,N,AAPL,321.56,2.0,321.58,1.0,0.0,0.0,2020-01-24 09:47:46.168935,321.55,321.58,0
2020-01-24 09:47:47,N,AAPL,321.55,3.0,321.58,1.0,2.0,-1.0,2020-01-24 09:47:47.574418,321.51,321.52,-1
2020-01-24 09:47:48,N,AAPL,321.51,1.0,321.52,4.0,-1.0,3.0,2020-01-24 09:47:48.758811,321.46,321.49,-1
2020-01-24 09:47:50,N,AAPL,321.46,2.0,321.49,5.0,1.0,1.0,2020-01-24 09:47:50.455589,321.46,321.48,0
2020-01-24 09:47:52,N,AAPL,321.46,2.0,321.48,1.0,-2.0,-2.0,2020-01-24 09:47:52.445638,321.46,321.48,0
2020-01-24 09:47:54,N,AAPL,321.46,1.0,321.48,1.0,-1.0,0.0,2020-01-24 09:47:54.608404,321.47,321.5,0
2020-01-24 09:47:55,N,AAPL,321.47,3.0,321.5,2.0,-2.0,1.0,2020-01-24 09:47:55.343793,321.4,321.43,-1
2020-01-24 09:47:56,N,AAPL,321.4,2.0,321.43,2.0,-1.0,0.0,2020-01-24 09:47:56.205511,321.49,321.5,1
2020-01-24 09:47:57,N,AAPL,321.49,1.0,321.5,1.0,0.0,-1.0,2020-01-24 09:47:57.160735,321.47,321.49,0
2020-01-24 09:47:58,N,AAPL,321.47,1.0,321.49,4.0,0.0,3.0,2020-01-24 09:47:58.290439,321.45,321.48,0
2020-01-24 09:47:59,N,AAPL,321.45,1.0,321.48,3.0,0.0,2.0,2020-01-24 09:47:59.096069,321.45,321.48,0
2020-01-24 09:48:00,N,AAPL,321.45,2.0,321.48,1.0,-1.0,0.0,2020-01-24 09:48:00.221594,321.43,321.46,0
2020-01-24 09:48:01,N,AAPL,321.43,2.0,321.46,4.0,0.0,3.0,2020-01-24 09:48:01.204269,321.37,321.39,-1
2020-01-24 09:48:02,N,AAPL,321.37,2.0,321.39,1.0,0.0,0.0,2020-01-24 09:48:02.491584,321.36,321.4,0
2020-01-24 09:48:03,N,AAPL,321.36,3.0,321.4,2.0,0.0,-1.0,2020-01-24 09:48:03.026493,321.33,321.35,-1
2020-01-24 09:48:05,N,AAPL,321.33,7.0,321.35,4.0,4.0,3.0,2020-01-24 09:48:05.010478,321.38,321.39,1
2020-01-24 09:48:07,N,AAPL,321.38,4.0,321.39,1.0,3.0,-1.0,2020-01-24 09:48:07.349127,321.38,321.39,0
2020-01-24 09:48:08,N,AAPL,321.38,4.0,321.39,1.0,0.0,0.0,2020-01-24 09:48:08.164458,321.37,321.38,0
2020-01-24 09:48:09,N,AAPL,321.37,2.0,321.38,4.0,-2.0,3.0,2020-01-24 09:48:09.403078,321.38,321.4,0
2020-01-24 09:48:11,N,AAPL,321.38,4.0,321.4,2.0,2.0,1.0,2020-01-24 09:48:11.593016,321.39,321.4,0
2020-01-24 09:48:12,N,AAPL,321.39,5.0,321.4,1.0,3.0,-2.0,2020-01-24 09:48:12.160293,321.39,321.42,0
2020-01-24 09:48:13,N,AAPL,321.39,3.0,321.42,3.0,0.0,2.0,2020-01-24 09:48:13.383095,321.43,321.45,1
2020-01-24 09:48:14,N,AAPL,321.43,1.0,321.45,1.0,0.0,0.0,2020-01-24 09:48:14.113501,321.47,321.49,1
2020-01-24 09:48:15,N,AAPL,321.47,1.0,321.49,2.0,0.0,1.0,2020-01-24 09:48:15.097857,321.37,321.39,-1
2020-01-24 09:48:16,N,AAPL,321.37,1.0,321.39,1.0,0.0,0.0,2020-01-24 09:48:16.443210,321.37,321.4,0
2020-01-24 09:48:17,N,AAPL,321.37,1.0,321.4,3.0,0.0,2.0,2020-01-24 09:48:17.472863,321.38,321.41,0
2020-01-24 09:48:18,N,AAPL,321.38,1.0,321.41,3.0,0.0,2.0,2020-01-24 09:48:18.410069,321.39,321.41,0
2020-01-24 09:48:19,N,AAPL,321.39,1.0,321.41,3.0,0.0,2.0,2020-01-24 09:48:19.279125,321.39,321.42,0
2020-01-24 09:48:20,N,AAPL,321.39,3.0,321.42,3.0,0.0,1.0,2020-01-24 09:48:20.031380,321.39,321.41,0
2020-01-24 09:48:21,N,AAPL,321.39,3.0,321.41,2.0,0.0,0.0,2020-01-24 09:48:21.030731,321.39,321.4,0
2020-01-24 09:48:22,N,AAPL,321.39,2.0,321.4,5.0,-1.0,3.0,2020-01-24 09:48:22.649067,321.41,321.42,1
2020-01-24 09:48:23,N,AAPL,321.41,3.0,321.42,1.0,1.0,-1.0,2020-01-24 09:48:23.415868,321.38,321.42,0
2020-01-24 09:48:24,N,AAPL,321.38,3.0,321.42,5.0,0.0,2.0,2020-01-24 09:48:24.220495,321.41,321.44,0
2020-01-24 09:48:26,N,AAPL,321.41,2.0,321.44,3.0,1.0,1.0,2020-01-24 09:48:26.447307,321.39,321.41,0
2020-01-24 09:48:28,N,AAPL,321.39,1.0,321.41,3.0,-4.0,0.0,2020-01-24 09:48:28.150328,321.39,321.42,0
2020-01-24 09:48:29,N,AAPL,321.39,2.0,321.42,3.0,1.0,2.0,2020-01-24 09:48:29.098779,321.41,321.44,0
2020-01-24 09:48:30,N,AAPL,321.41,1.0,321.44,1.0,0.0,0.0,2020-01-24 09:48:30.067109,321.47,321.49,1
2020-01-24 09:48:32,N,AAPL,321.47,3.0,321.49,2.0,2.0,0.0,2020-01-24 09:48:32.012612,321.5,321.52,1
2020-01-24 09:48:33,N,AAPL,321.5,2.0,321.52,4.0,1.0,3.0,2020-01-24 09:48:33.416711,321.48,321.52,0
2020-01-24 09:48:34,N,AAPL,321.48,1.0,321.52,2.0,0.0,-1.0,2020-01-24 09:48:34.876592,321.49,321.51,0
2020-01-24 09:48:35,N,AAPL,321.49,1.0,321.51,3.0,-1.0,1.0,2020-01-24 09:48:35.250883,321.5,321.53,0
2020-01-24 09:48:36,N,AAPL,321.5,1.0,321.53,1.0,0.0,0.0,2020-01-24 09:48:36.057256,321.51,321.53,0
2020-01-24 09:48:37,N,AAPL,321.51,2.0,321.53,1.0,1.0,0.0,2020-01-24 09:48:37.714102,321.54,321.57,1
2020-01-24 09:48:38,N,AAPL,321.54,3.0,321.57,2.0,-1.0,1.0,2020-01-24 09:48:38.428375,321.51,321.55,0
2020-01-24 09:48:39,N,AAPL,321.51,3.0,321.55,6.0,-1.0,5.0,2020-01-24 09:48:39.001731,321.53,321.57,0
2020-01-24 09:48:40,N,AAPL,321.53,2.0,321.57,3.0,0.0,2.0,2020-01-24 09:48:40.006371,321.58,321.6,1
2020-01-24 09:48:42,N,AAPL,321.58,2.0,321.6,1.0,-3.0,0.0,2020-01-24 09:48:42.089653,321.61,321.64,1
2020-01-24 09:48:43,N,AAPL,321.61,2.0,321.64,3.0,0.0,2.0,2020-01-24 09:48:43.020884,321.62,321.65,0
2020-01-24 09:48:44,N,AAPL,321.62,1.0,321.65,4.0,0.0,0.0,2020-01-24 09:48:44.089217,321.62,321.65,0
2020-01-24 09:48:45,N,AAPL,321.62,1.0,321.65,3.0,-1.0,2.0,2020-01-24 09:48:45.311450,321.62,321.64,0
2020-01-24 09:48:46,N,AAPL,321.62,1.0,321.64,4.0,0.0,1.0,2020-01-24 09:48:46.608177,321.56,321.59,-1
2020-01-24 09:48:47,N,AAPL,321.56,2.0,321.59,4.0,1.0,3.0,2020-01-24 09:48:47.015771,321.59,321.61,0
2020-01-24 09:48:48,N,AAPL,321.59,5.0,321.61,1.0,3.0,0.0,2020-01-24 09:48:48.138425,321.55,321.58,-1
2020-01-24 09:48:49,N,AAPL,321.55,3.0,321.58,1.0,1.0,0.0,2020-01-24 09:48:49.338723,321.61,321.64,1
2020-01-24 09:48:50,N,AAPL,321.61,3.0,321.64,1.0,0.0,0.0,2020-01-24 09:48:50.506961,321.6,321.62,0
2020-01-24 09:48:51,N,AAPL,321.6,2.0,321.62,1.0,-1.0,0.0,2020-01-24 09:48:51.065584,321.6,321.64,0
2020-01-24 09:48:52,N,AAPL,321.6,3.0,321.64,1.0,0.0,0.0,2020-01-24 09:48:52.075756,321.63,321.64,0
2020-01-24 09:48:53,N,AAPL,321.63,5.0,321.64,1.0,1.0,0.0,2020-01-24 09:48:53.439592,321.62,321.65,0
2020-01-24 09:48:54,N,AAPL,321.62,1.0,321.65,2.0,0.0,1.0,2020-01-24 09:48:54.535991,321.59,321.61,-1
2020-01-24 09:48:55,N,AAPL,321.59,2.0,321.61,6.0,1.0,4.0,2020-01-24 09:48:55.508393,321.56,321.59,0
2020-01-24 09:48:56,N,AAPL,321.56,3.0,321.59,3.0,1.0,2.0,2020-01-24 09:48:56.378799,321.59,321.62,0
2020-01-24 09:48:57,N,AAPL,321.59,2.0,321.62,2.0,-1.0,-1.0,2020-01-24 09:48:57.174763,321.58,321.61,0
2020-01-24 09:48:58,N,AAPL,321.58,1.0,321.61,1.0,0.0,0.0,2020-01-24 09:48:58.214195,321.63,321.64,1
2020-01-24 09:48:59,N,AAPL,321.63,4.0,321.64,1.0,2.0,0.0,2020-01-24 09:48:59.677780,321.63,321.64,0
2020-01-24 09:49:01,N,AAPL,321.63,5.0,321.64,3.0,1.0,2.0,2020-01-24 09:49:01.431080,321.58,321.6,-1
2020-01-24 09:49:02,N,AAPL,321.58,1.0,321.6,2.0,-2.0,-1.0,2020-01-24 09:49:02.067627,321.56,321.6,0
2020-01-24 09:49:03,N,AAPL,321.56,3.0,321.6,3.0,0.0,2.0,2020-01-24 09:49:03.437337,321.61,321.64,1
2020-01-24 09:49:04,N,AAPL,321.61,1.0,321.64,2.0,0.0,1.0,2020-01-24 09:49:04.128077,321.64,321.67,0
2020-01-24 09:49:09,N,AAPL,321.64,3.0,321.67,1.0,-1.0,-1.0,2020-01-24 09:49:09.048638,321.6,321.63,-1
2020-01-24 09:49:10,N,AAPL,321.6,2.0,321.63,4.0,0.0,1.0,2020-01-24 09:49:10.396012,321.52,321.55,-1
2020-01-24 09:49:11,N,AAPL,321.52,2.0,321.55,1.0,1.0,0.0,2020-01-24 09:49:11.033894,321.51,321.53,0
2020-01-24 09:49:12,N,AAPL,321.51,1.0,321.53,4.0,0.0,2.0,2020-01-24 09:49:12.004667,321.52,321.56,0
2020-01-24 09:49:13,N,AAPL,321.52,2.0,321.56,4.0,-18.0,3.0,2020-01-24 09:49:13.563263,321.55,321.56,0
2020-01-24 09:49:14,N,AAPL,321.55,4.0,321.56,1.0,-1.0,-2.0,2020-01-24 09:49:14.019762,321.56,321.59,0
2020-01-24 09:49:15,N,AAPL,321.56,1.0,321.59,1.0,0.0,-1.0,2020-01-24 09:49:15.041512,321.6,321.62,1
2020-01-24 09:49:16,N,AAPL,321.6,2.0,321.62,1.0,0.0,0.0,2020-01-24 09:49:16.140655,321.62,321.65,0
2020-01-24 09:49:17,N,AAPL,321.62,1.0,321.65,3.0,-1.0,2.0,2020-01-24 09:49:17.252902,321.65,321.68,0
2020-01-24 09:49:18,N,AAPL,321.65,3.0,321.68,3.0,0.0,2.0,2020-01-24 09:49:18.313712,321.62,321.65,0
2020-01-24 09:49:19,N,AAPL,321.62,3.0,321.65,5.0,2.0,0.0,2020-01-24 09:49:19.004734,321.6,321.63,0
2020-01-24 09:49:20,N,AAPL,321.6,2.0,321.63,2.0,-1.0,1.0,2020-01-24 09:49:20.896264,321.59,321.62,0
2020-01-24 09:49:22,N,AAPL,321.59,2.0,321.62,4.0,0.0,2.0,2020-01-24 09:49:22.903587,321.57,321.61,0
2020-01-24 09:49:23,N,AAPL,321.57,3.0,321.61,1.0,2.0,-1.0,2020-01-24 09:49:23.037226,321.57,321.59,0
2020-01-24 09:49:24,N,AAPL,321.57,3.0,321.59,1.0,2.0,0.0,2020-01-24 09:49:24.443849,321.62,321.64,1
2020-01-24 09:49:25,N,AAPL,321.62,2.0,321.64,1.0,1.0,0.0,2020-01-24 09:49:25.062059,321.62,321.64,0
2020-01-24 09:49:26,N,AAPL,321.62,2.0,321.64,4.0,0.0,-4.0,2020-01-24 09:49:26.015444,321.63,321.65,0
2020-01-24 09:49:27,N,AAPL,321.63,1.0,321.65,10.0,-4.0,0.0,2020-01-24 09:49:27.148548,321.65,321.68,0
2020-01-24 09:49:28,N,AAPL,321.65,2.0,321.68,3.0,-1.0,-1.0,2020-01-24 09:49:28.327908,321.61,321.63,-1
2020-01-24 09:49:30,N,AAPL,321.61,2.0,321.63,3.0,0.0,2.0,2020-01-24 09:49:30.317114,321.61,321.62,0
2020-01-24 09:49:31,N,AAPL,321.61,2.0,321.62,2.0,0.0,-1.0,2020-01-24 09:49:31.788583,321.58,321.61,0
2020-01-24 09:49:33,N,AAPL,321.58,2.0,321.61,1.0,1.0,0.0,2020-01-24 09:49:33.403751,321.59,321.61,0
2020-01-24 09:49:35,N,AAPL,321.59,4.0,321.61,1.0,2.0,0.0,2020-01-24 09:49:35.004713,321.6,321.64,0
2020-01-24 09:49:36,N,AAPL,321.6,5.0,321.64,3.0,4.0,0.0,2020-01-24 09:49:36.949081,321.64,321.65,0
2020-01-24 09:49:37,N,AAPL,321.64,4.0,321.65,1.0,-1.0,-2.0,2020-01-24 09:49:37.388629,321.62,321.64,0
2020-01-24 09:49:38,N,AAPL,321.62,1.0,321.64,1.0,-2.0,-1.0,2020-01-24 09:49:38.032363,321.64,321.66,0
2020-01-24 09:49:41,N,AAPL,321.64,3.0,321.66,2.0,2.0,1.0,2020-01-24 09:49:41.164645,321.66,321.68,0
2020-01-24 09:49:42,N,AAPL,321.66,5.0,321.68,2.0,2.0,1.0,2020-01-24 09:49:42.311726,321.64,321.67,0
2020-01-24 09:49:43,N,AAPL,321.64,3.0,321.67,2.0,1.0,1.0,2020-01-24 09:49:43.159015,321.63,321.64,0
2020-01-24 09:49:44,N,AAPL,321.63,2.0,321.64,8.0,0.0,7.0,2020-01-24 09:49:44.091575,321.53,321.56,-1
2020-01-24 09:49:45,N,AAPL,321.53,3.0,321.56,2.0,2.0,0.0,2020-01-24 09:49:45.284071,321.55,321.57,0
2020-01-24 09:49:49,N,AAPL,321.55,1.0,321.57,1.0,-1.0,0.0,2020-01-24 09:49:49.905924,321.58,321.61,1
2020-01-24 09:49:50,N,AAPL,321.58,4.0,321.61,2.0,3.0,0.0,2020-01-24 09:49:50.058524,321.54,321.59,0
2020-01-24 09:49:51,N,AAPL,321.54,3.0,321.59,2.0,2.0,1.0,2020-01-24 09:49:51.106133,321.56,321.59,0
2020-01-24 09:49:52,N,AAPL,321.56,2.0,321.59,3.0,1.0,1.0,2020-01-24 09:49:52.072087,321.61,321.64,1
2020-01-24 09:49:53,N,AAPL,321.61,5.0,321.64,2.0,2.0,1.0,2020-01-24 09:49:53.308391,321.61,321.64,0
2020-01-24 09:49:54,N,AAPL,321.61,3.0,321.64,3.0,0.0,-2.0,2020-01-24 09:49:54.041129,321.56,321.59,-1
2020-01-24 09:49:55,N,AAPL,321.56,2.0,321.59,5.0,1.0,4.0,2020-01-24 09:49:55.114858,321.56,321.59,0
2020-01-24 09:49:56,N,AAPL,321.56,1.0,321.59,2.0,0.0,1.0,2020-01-24 09:49:56.064070,321.62,321.65,1
2020-01-24 09:49:57,N,AAPL,321.62,1.0,321.65,2.0,-2.0,-1.0,2020-01-24 09:49:57.519515,321.66,321.68,1
2020-01-24 09:49:59,N,AAPL,321.66,2.0,321.68,3.0,1.0,1.0,2020-01-24 09:49:59.914924,321.66,321.68,0
2020-01-24 09:50:00,N,AAPL,321.66,1.0,321.68,3.0,-1.0,0.0,2020-01-24 09:50:00.008845,321.68,321.7,0
2020-01-24 09:50:01,N,AAPL,321.68,1.0,321.7,7.0,0.0,6.0,2020-01-24 09:50:01.094157,321.67,321.7,0
2020-01-24 09:50:02,N,AAPL,321.67,1.0,321.7,2.0,0.0,0.0,2020-01-24 09:50:02.053049,321.7,321.73,0
2020-01-24 09:50:03,N,AAPL,321.7,1.0,321.73,1.0,-2.0,-1.0,2020-01-24 09:50:03.202561,321.71,321.74,0
2020-01-24 09:50:04,N,AAPL,321.71,1.0,321.74,9.0,0.0,0.0,2020-01-24 09:50:04.258541,321.72,321.75,0
2020-01-24 09:50:05,N,AAPL,321.72,1.0,321.75,3.0,-2.0,2.0,2020-01-24 09:50:05.154135,321.72,321.75,0
2020-01-24 09:50:06,N,AAPL,321.72,1.0,321.75,2.0,-1.0,0.0,2020-01-24 09:50:06.051162,321.73,321.77,0
2020-01-24 09:50:07,N,AAPL,321.73,1.0,321.77,6.0,-2.0,3.0,2020-01-24 09:50:07.134207,321.74,321.77,0
2020-01-24 09:50:08,N,AAPL,321.74,3.0,321.77,4.0,2.0,-1.0,2020-01-24 09:50:08.216121,321.81,321.83,1
2020-01-24 09:50:09,N,AAPL,321.81,2.0,321.83,1.0,-1.0,-2.0,2020-01-24 09:50:09.456784,321.78,321.8,-1
2020-01-24 09:50:10,N,AAPL,321.78,1.0,321.8,4.0,0.0,1.0,2020-01-24 09:50:10.177520,321.81,321.84,1
2020-01-24 09:50:11,N,AAPL,321.81,5.0,321.84,1.0,0.0,-3.0,2020-01-24 09:50:11.322615,321.83,321.86,0
2020-01-24 09:50:14,N,AAPL,321.83,2.0,321.86,3.0,0.0,2.0,2020-01-24 09:50:14.747555,321.82,321.85,0
2020-01-24 09:50:15,N,AAPL,321.82,5.0,321.85,2.0,3.0,0.0,2020-01-24 09:50:15.237170,321.81,321.85,0
2020-01-24 09:50:16,N,AAPL,321.81,2.0,321.85,2.0,0.0,1.0,2020-01-24 09:50:16.049646,321.82,321.85,0
2020-01-24 09:50:17,N,AAPL,321.82,1.0,321.85,2.0,-1.0,0.0,2020-01-24 09:50:17.402499,321.85,321.86,0
2020-01-24 09:50:22,N,AAPL,321.85,5.0,321.86,1.0,4.0,-1.0,2020-01-24 09:50:22.433023,321.84,321.86,0
2020-01-24 09:50:23,N,AAPL,321.84,1.0,321.86,8.0,-4.0,7.0,2020-01-24 09:50:23.147497,321.84,321.86,0
2020-01-24 09:50:24,N,AAPL,321.84,1.0,321.86,1.0,-3.0,0.0,2020-01-24 09:50:24.224509,321.8,321.82,-1
2020-01-24 09:50:25,N,AAPL,321.8,1.0,321.82,1.0,-1.0,-4.0,2020-01-24 09:50:25.285058,321.81,321.85,0
2020-01-24 09:50:27,N,AAPL,321.81,2.0,321.85,3.0,0.0,1.0,2020-01-24 09:50:27.073457,321.83,321.86,0
2020-01-24 09:50:31,N,AAPL,321.83,1.0,321.86,2.0,-1.0,-1.0,2020-01-24 09:50:31.741685,321.85,321.86,0
2020-01-24 09:50:34,N,AAPL,321.85,1.0,321.86,3.0,0.0,1.0,2020-01-24 09:50:34.011864,321.83,321.86,0
2020-01-24 09:50:35,N,AAPL,321.83,2.0,321.86,2.0,0.0,-2.0,2020-01-24 09:50:35.516779,321.87,321.88,1
2020-01-24 09:50:37,N,AAPL,321.87,1.0,321.88,3.0,-4.0,1.0,2020-01-24 09:50:37.898424,321.84,321.87,0
2020-01-24 09:50:38,N,AAPL,321.84,1.0,321.87,1.0,-1.0,-2.0,2020-01-24 09:50:38.319538,321.84,321.87,0
2020-01-24 09:50:40,N,AAPL,321.84,2.0,321.87,2.0,1.0,1.0,2020-01-24 09:50:40.396769,321.85,321.88,0
2020-01-24 09:50:42,N,AAPL,321.85,3.0,321.88,3.0,2.0,0.0,2020-01-24 09:50:42.391312,321.84,321.87,0
2020-01-24 09:50:43,N,AAPL,321.84,1.0,321.87,2.0,-3.0,-1.0,2020-01-24 09:50:43.967330,321.84,321.87,0
2020-01-24 09:50:44,N,AAPL,321.84,1.0,321.87,2.0,0.0,0.0,2020-01-24 09:50:44.029542,321.91,321.93,1
2020-01-24 09:50:46,N,AAPL,321.91,1.0,321.93,2.0,0.0,-3.0,2020-01-24 09:50:46.329116,321.91,321.93,0
2020-01-24 09:50:48,N,AAPL,321.91,2.0,321.93,2.0,1.0,1.0,2020-01-24 09:50:48.046521,321.88,321.91,0
2020-01-24 09:50:49,N,AAPL,321.88,1.0,321.91,4.0,-3.0,1.0,2020-01-24 09:50:49.166403,321.89,321.91,0
2020-01-24 09:50:51,N,AAPL,321.89,1.0,321.91,4.0,-1.0,2.0,2020-01-24 09:50:51.100679,321.88,321.9,0
