last_interval,Exchange,Symbol,Best_Bid_Price,FB0,Best_Offer_Price,FA0,FB2,FA2,p_time,Next_Best_Bid,Next_Best_Offer,outcome
2020-01-06 09:30:00,N,AAPL,293.65,1.0,293.74,1.0,0.0,0.0,2020-01-06 09:30:00.204270,293.68,293.81,0
2020-01-06 09:30:01,N,AAPL,293.68,1.0,293.81,1.0,0.0,0.0,2020-01-06 09:30:01.035059,293.24,293.41,-1
2020-01-06 09:30:02,N,AAPL,293.24,1.0,293.41,2.0,0.0,-1.0,2020-01-06 09:30:02.250242,292.95,293.18,-1
2020-01-06 09:30:03,N,AAPL,292.95,1.0,293.18,1.0,-1.0,-1.0,2020-01-06 09:30:03.428873,292.78,292.86,-1
2020-01-06 09:30:06,N,AAPL,292.78,1.0,292.86,1.0,0.0,-1.0,2020-01-06 09:30:06.473577,292.89,292.99,1
2020-01-06 09:30:08,N,AAPL,292.89,2.0,292.99,3.0,1.0,2.0,2020-01-06 09:30:08.583422,293.03,293.1,1
2020-01-06 09:30:09,N,AAPL,293.03,1.0,293.1,3.0,-1.0,1.0,2020-01-06 09:30:09.239904,293.06,293.26,0
2020-01-06 09:30:11,N,AAPL,293.06,20.0,293.26,1.0,19.0,-2.0,2020-01-06 09:30:11.063091,292.92,293.01,-1
2020-01-06 09:30:14,N,AAPL,292.92,4.0,293.01,1.0,-16.0,0.0,2020-01-06 09:30:14.202714,293.02,293.25,1
2020-01-06 09:30:17,N,AAPL,293.02,2.0,293.25,2.0,-2.0,1.0,2020-01-06 09:30:17.827270,293.24,293.43,0
2020-01-06 09:30:21,N,AAPL,293.24,1.0,293.43,1.0,-1.0,-1.0,2020-01-06 09:30:21.459609,293.12,293.29,0
2020-01-06 09:30:22,N,AAPL,293.12,1.0,293.29,1.0,-1.0,-1.0,2020-01-06 09:30:22.695528,293.17,293.36,0
2020-01-06 09:30:24,N,AAPL,293.17,2.0,293.36,2.0,1.0,1.0,2020-01-06 09:30:24.572911,293.46,293.37,1
2020-01-06 09:30:25,N,AAPL,293.46,4.0,293.37,1.0,3.0,0.0,2020-01-06 09:30:25.808038,293.23,293.45,-1
2020-01-06 09:30:26,N,AAPL,293.23,1.0,293.45,4.0,-1.0,3.0,2020-01-06 09:30:26.398692,293.21,293.41,0
2020-01-06 09:30:28,N,AAPL,293.21,1.0,293.41,1.0,0.0,-3.0,2020-01-06 09:30:28.556454,293.22,293.4,0
2020-01-06 09:30:29,N,AAPL,293.22,1.0,293.4,1.0,0.0,0.0,2020-01-06 09:30:29.108590,293.32,293.4,0
2020-01-06 09:30:30,N,AAPL,293.32,2.0,293.4,2.0,1.0,1.0,2020-01-06 09:30:30.069046,293.28,293.37,0
2020-01-06 09:30:31,N,AAPL,293.28,1.0,293.37,1.0,-1.0,0.0,2020-01-06 09:30:31.001510,293.27,293.34,0
2020-01-06 09:30:33,N,AAPL,293.27,2.0,293.34,2.0,1.0,-2.0,2020-01-06 09:30:33.240399,293.36,293.4,1
2020-01-06 09:30:35,N,AAPL,293.36,2.0,293.4,4.0,0.0,3.0,2020-01-06 09:30:35.192035,293.42,293.48,1
2020-01-06 09:30:36,N,AAPL,293.42,4.0,293.48,4.0,1.0,-6.0,2020-01-06 09:30:36.068874,293.64,293.68,1
2020-01-06 09:30:37,N,AAPL,293.64,4.0,293.68,2.0,3.0,-3.0,2020-01-06 09:30:37.059068,293.69,293.72,1
2020-01-06 09:30:38,N,AAPL,293.69,2.0,293.72,1.0,-1.0,0.0,2020-01-06 09:30:38.070809,293.9,293.96,1
2020-01-06 09:30:39,N,AAPL,293.9,2.0,293.96,2.0,0.0,0.0,2020-01-06 09:30:39.032516,293.94,293.98,0
2020-01-06 09:30:40,N,AAPL,293.94,4.0,293.98,2.0,3.0,0.0,2020-01-06 09:30:40.174520,293.81,293.88,-1
2020-01-06 09:30:41,N,AAPL,293.81,2.0,293.88,1.0,0.0,-9.0,2020-01-06 09:30:41.373153,293.7,293.74,-1
2020-01-06 09:30:42,N,AAPL,293.7,1.0,293.74,2.0,0.0,0.0,2020-01-06 09:30:42.039479,293.56,293.66,-1
2020-01-06 09:30:45,N,AAPL,293.56,1.0,293.66,1.0,0.0,0.0,2020-01-06 09:30:45.022608,293.61,293.68,0
2020-01-06 09:30:47,N,AAPL,293.61,2.0,293.68,2.0,1.0,0.0,2020-01-06 09:30:47.172089,293.58,293.62,0
2020-01-06 09:30:48,N,AAPL,293.58,2.0,293.62,3.0,-1.0,0.0,2020-01-06 09:30:48.164451,293.57,293.61,0
2020-01-06 09:30:49,N,AAPL,293.57,1.0,293.61,2.0,0.0,-2.0,2020-01-06 09:30:49.019289,293.55,293.59,0
2020-01-06 09:30:50,N,AAPL,293.55,2.0,293.59,2.0,1.0,1.0,2020-01-06 09:30:50.210623,293.5,293.58,0
2020-01-06 09:30:51,N,AAPL,293.5,4.0,293.58,1.0,2.0,0.0,2020-01-06 09:30:51.063110,293.45,293.51,0
2020-01-06 09:30:52,N,AAPL,293.45,10.0,293.51,2.0,9.0,0.0,2020-01-06 09:30:52.378222,293.42,293.5,0
2020-01-06 09:30:53,N,AAPL,293.42,1.0,293.5,1.0,0.0,-1.0,2020-01-06 09:30:53.064346,293.42,293.53,0
2020-01-06 09:30:54,N,AAPL,293.42,2.0,293.53,2.0,-2.0,0.0,2020-01-06 09:30:54.034146,293.4,293.47,0
2020-01-06 09:30:55,N,AAPL,293.4,1.0,293.47,1.0,0.0,-3.0,2020-01-06 09:30:55.068183,293.35,293.44,0
2020-01-06 09:30:56,N,AAPL,293.35,1.0,293.44,2.0,0.0,0.0,2020-01-06 09:30:56.242396,293.4,293.48,0
2020-01-06 09:30:57,N,AAPL,293.4,2.0,293.48,4.0,0.0,3.0,2020-01-06 09:30:57.042811,293.44,293.51,0
2020-01-06 09:30:58,N,AAPL,293.44,7.0,293.51,4.0,5.0,-2.0,2020-01-06 09:30:58.686437,293.48,293.55,0
2020-01-06 09:30:59,N,AAPL,293.48,3.0,293.55,2.0,-4.0,-2.0,2020-01-06 09:30:59.171351,293.61,293.71,1
2020-01-06 09:31:00,N,AAPL,293.61,1.0,293.71,9.0,-1.0,8.0,2020-01-06 09:31:00.203539,293.69,293.77,0
2020-01-06 09:31:01,N,AAPL,293.69,2.0,293.77,1.0,0.0,0.0,2020-01-06 09:31:01.092608,293.84,293.91,1
2020-01-06 09:31:03,N,AAPL,293.84,2.0,293.91,3.0,0.0,2.0,2020-01-06 09:31:03.041837,293.84,293.92,0
2020-01-06 09:31:04,N,AAPL,293.84,2.0,293.92,1.0,0.0,0.0,2020-01-06 09:31:04.215519,294.06,294.11,1
2020-01-06 09:31:05,N,AAPL,294.06,2.0,294.11,1.0,1.0,-9.0,2020-01-06 09:31:05.468263,294.15,294.19,1
2020-01-06 09:31:06,N,AAPL,294.15,1.0,294.19,1.0,-1.0,0.0,2020-01-06 09:31:06.001012,294.24,294.3,1
2020-01-06 09:31:07,N,AAPL,294.24,2.0,294.3,1.0,0.0,-6.0,2020-01-06 09:31:07.227764,294.24,294.33,0
2020-01-06 09:31:09,N,AAPL,294.24,2.0,294.33,1.0,1.0,-1.0,2020-01-06 09:31:09.637307,294.14,294.27,0
2020-01-06 09:31:10,N,AAPL,294.14,2.0,294.27,3.0,0.0,-1.0,2020-01-06 09:31:10.063100,294.23,294.29,0
2020-01-06 09:31:11,N,AAPL,294.23,3.0,294.29,2.0,1.0,1.0,2020-01-06 09:31:11.317096,294.2,294.31,0
2020-01-06 09:31:12,N,AAPL,294.2,4.0,294.31,2.0,2.0,0.0,2020-01-06 09:31:12.104574,294.15,294.23,0
2020-01-06 09:31:13,N,AAPL,294.15,2.0,294.23,2.0,1.0,-2.0,2020-01-06 09:31:13.075368,294.15,294.22,0
2020-01-06 09:31:14,N,AAPL,294.15,2.0,294.22,1.0,1.0,-1.0,2020-01-06 09:31:14.504262,294.18,294.24,0
2020-01-06 09:31:15,N,AAPL,294.18,1.0,294.24,3.0,0.0,2.0,2020-01-06 09:31:15.034065,294.2,294.27,0
2020-01-06 09:31:16,N,AAPL,294.2,4.0,294.27,2.0,3.0,-9.0,2020-01-06 09:31:16.639661,294.28,294.35,1
2020-01-06 09:31:17,N,AAPL,294.28,2.0,294.35,2.0,0.0,1.0,2020-01-06 09:31:17.017659,294.23,294.31,0
2020-01-06 09:31:18,N,AAPL,294.23,6.0,294.31,2.0,4.0,1.0,2020-01-06 09:31:18.053667,294.21,294.3,0
2020-01-06 09:31:19,N,AAPL,294.21,2.0,294.3,7.0,0.0,6.0,2020-01-06 09:31:19.167628,294.16,294.24,0
2020-01-06 09:31:20,N,AAPL,294.16,3.0,294.24,2.0,1.0,0.0,2020-01-06 09:31:20.222882,294.2,294.3,0
2020-01-06 09:31:21,N,AAPL,294.2,4.0,294.3,2.0,3.0,0.0,2020-01-06 09:31:21.182096,294.16,294.25,0
2020-01-06 09:31:22,N,AAPL,294.16,1.0,294.25,4.0,0.0,2.0,2020-01-06 09:31:22.002524,294.17,294.24,0
2020-01-06 09:31:23,N,AAPL,294.17,2.0,294.24,2.0,1.0,0.0,2020-01-06 09:31:23.015452,294.14,294.22,0
2020-01-06 09:31:24,N,AAPL,294.14,4.0,294.22,1.0,3.0,0.0,2020-01-06 09:31:24.081214,294.17,294.24,0
2020-01-06 09:31:25,N,AAPL,294.17,1.0,294.24,2.0,0.0,1.0,2020-01-06 09:31:25.244756,294.25,294.29,1
2020-01-06 09:31:26,N,AAPL,294.25,2.0,294.29,1.0,0.0,0.0,2020-01-06 09:31:26.199304,294.21,294.29,0
2020-01-06 09:31:27,N,AAPL,294.21,4.0,294.29,4.0,2.0,2.0,2020-01-06 09:31:27.027596,294.3,294.35,1
2020-01-06 09:31:28,N,AAPL,294.3,2.0,294.35,1.0,1.0,-2.0,2020-01-06 09:31:28.288006,294.3,294.36,0
2020-01-06 09:31:29,N,AAPL,294.3,2.0,294.36,4.0,0.0,3.0,2020-01-06 09:31:29.361946,294.24,294.3,0
2020-01-06 09:31:30,N,AAPL,294.24,2.0,294.3,4.0,0.0,0.0,2020-01-06 09:31:30.302495,294.18,294.23,-1
2020-01-06 09:31:31,N,AAPL,294.18,1.0,294.23,2.0,-1.0,0.0,2020-01-06 09:31:31.003373,294.18,294.27,0
2020-01-06 09:31:32,N,AAPL,294.18,4.0,294.27,1.0,0.0,-1.0,2020-01-06 09:31:32.496658,294.21,294.27,0
2020-01-06 09:31:33,N,AAPL,294.21,2.0,294.27,1.0,0.0,0.0,2020-01-06 09:31:33.045491,294.31,294.37,1
2020-01-06 09:31:34,N,AAPL,294.31,2.0,294.37,1.0,1.0,0.0,2020-01-06 09:31:34.152992,294.24,294.33,0
2020-01-06 09:31:35,N,AAPL,294.24,1.0,294.33,2.0,0.0,1.0,2020-01-06 09:31:35.082082,294.26,294.33,0
2020-01-06 09:31:36,N,AAPL,294.26,4.0,294.33,1.0,3.0,-1.0,2020-01-06 09:31:36.713873,294.26,294.33,0
2020-01-06 09:31:37,N,AAPL,294.26,2.0,294.33,2.0,-2.0,0.0,2020-01-06 09:31:37.015176,294.32,294.36,0
2020-01-06 09:31:38,N,AAPL,294.32,1.0,294.36,2.0,-1.0,0.0,2020-01-06 09:31:38.703071,294.39,294.43,1
2020-01-06 09:31:39,N,AAPL,294.39,4.0,294.43,12.0,2.0,2.0,2020-01-06 09:31:39.613954,294.45,294.49,1
2020-01-06 09:31:40,N,AAPL,294.45,2.0,294.49,4.0,1.0,3.0,2020-01-06 09:31:40.131511,294.6,294.68,1
2020-01-06 09:31:41,N,AAPL,294.6,4.0,294.68,9.0,3.0,8.0,2020-01-06 09:31:41.057835,294.6,294.64,0
2020-01-06 09:31:42,N,AAPL,294.6,1.0,294.64,4.0,0.0,2.0,2020-01-06 09:31:42.019735,294.59,294.69,0
2020-01-06 09:31:43,N,AAPL,294.59,1.0,294.69,2.0,-1.0,0.0,2020-01-06 09:31:43.027242,294.5,294.58,-1
2020-01-06 09:31:44,N,AAPL,294.5,1.0,294.58,4.0,-1.0,2.0,2020-01-06 09:31:44.578535,294.48,294.56,0
2020-01-06 09:31:45,N,AAPL,294.48,4.0,294.56,2.0,2.0,0.0,2020-01-06 09:31:45.288966,294.47,294.56,0
2020-01-06 09:31:46,N,AAPL,294.47,2.0,294.56,2.0,-2.0,0.0,2020-01-06 09:31:46.469533,294.55,294.61,0
2020-01-06 09:31:47,N,AAPL,294.55,2.0,294.61,2.0,-1.0,0.0,2020-01-06 09:31:47.353856,294.51,294.59,0
2020-01-06 09:31:48,N,AAPL,294.51,4.0,294.59,2.0,3.0,0.0,2020-01-06 09:31:48.055912,294.47,294.51,0
2020-01-06 09:31:49,N,AAPL,294.47,1.0,294.51,3.0,-1.0,1.0,2020-01-06 09:31:49.117953,294.41,294.47,0
2020-01-06 09:31:50,N,AAPL,294.41,4.0,294.47,2.0,3.0,1.0,2020-01-06 09:31:50.214865,294.41,294.46,0
2020-01-06 09:31:51,N,AAPL,294.41,2.0,294.46,1.0,1.0,-1.0,2020-01-06 09:31:51.390025,294.37,294.39,-1
2020-01-06 09:31:52,N,AAPL,294.37,3.0,294.39,2.0,1.0,1.0,2020-01-06 09:31:52.008380,294.33,294.37,0
2020-01-06 09:31:53,N,AAPL,294.33,2.0,294.37,1.0,1.0,0.0,2020-01-06 09:31:53.054853,294.31,294.39,0
2020-01-06 09:31:54,N,AAPL,294.31,5.0,294.39,4.0,2.0,3.0,2020-01-06 09:31:54.028158,294.27,294.37,0
2020-01-06 09:31:55,N,AAPL,294.27,4.0,294.37,2.0,2.0,1.0,2020-01-06 09:31:55.119350,294.3,294.36,0
2020-01-06 09:31:56,N,AAPL,294.3,4.0,294.36,1.0,2.0,-4.0,2020-01-06 09:31:56.101162,294.28,294.39,0
2020-01-06 09:31:57,N,AAPL,294.28,2.0,294.39,4.0,-1.0,-5.0,2020-01-06 09:31:57.437691,294.3,294.39,0
2020-01-06 09:31:58,N,AAPL,294.3,1.0,294.39,2.0,0.0,0.0,2020-01-06 09:31:58.020104,294.38,294.45,0
2020-01-06 09:31:59,N,AAPL,294.38,4.0,294.45,1.0,0.0,0.0,2020-01-06 09:31:59.192145,294.42,294.47,0
2020-01-06 09:32:00,N,AAPL,294.42,2.0,294.47,2.0,-2.0,1.0,2020-01-06 09:32:00.817742,294.45,294.5,0
2020-01-06 09:32:01,N,AAPL,294.45,4.0,294.5,2.0,0.0,0.0,2020-01-06 09:32:01.403863,294.46,294.57,0
2020-01-06 09:32:02,N,AAPL,294.46,4.0,294.57,2.0,-4.0,1.0,2020-01-06 09:32:02.675245,294.59,294.64,1
2020-01-06 09:32:03,N,AAPL,294.59,4.0,294.64,1.0,2.0,-1.0,2020-01-06 09:32:03.003951,294.69,294.74,1
2020-01-06 09:32:04,N,AAPL,294.69,4.0,294.74,5.0,2.0,3.0,2020-01-06 09:32:04.155752,294.69,294.74,0
2020-01-06 09:32:05,N,AAPL,294.69,2.0,294.74,62.0,-2.0,57.0,2020-01-06 09:32:05.853326,294.66,294.74,0
2020-01-06 09:32:06,N,AAPL,294.66,4.0,294.74,61.0,3.0,0.0,2020-01-06 09:32:06.292818,294.66,294.73,0
2020-01-06 09:32:07,N,AAPL,294.66,1.0,294.73,2.0,-3.0,-59.0,2020-01-06 09:32:07.020366,294.68,294.74,0
2020-01-06 09:32:08,N,AAPL,294.68,7.0,294.74,59.0,3.0,57.0,2020-01-06 09:32:08.002047,294.69,294.79,0
2020-01-06 09:32:09,N,AAPL,294.69,4.0,294.79,3.0,2.0,1.0,2020-01-06 09:32:09.131302,294.68,294.74,0
2020-01-06 09:32:10,N,AAPL,294.68,2.0,294.74,4.0,0.0,2.0,2020-01-06 09:32:10.073301,294.68,294.78,0
2020-01-06 09:32:11,N,AAPL,294.68,1.0,294.78,2.0,-1.0,0.0,2020-01-06 09:32:11.069398,294.71,294.79,0
2020-01-06 09:32:12,N,AAPL,294.71,1.0,294.79,2.0,-2.0,-2.0,2020-01-06 09:32:12.225267,294.71,294.73,0
2020-01-06 09:32:13,N,AAPL,294.71,1.0,294.73,2.0,0.0,1.0,2020-01-06 09:32:13.270476,294.74,294.84,1
2020-01-06 09:32:14,N,AAPL,294.74,4.0,294.84,2.0,2.0,-1.0,2020-01-06 09:32:14.014100,294.73,294.79,0
2020-01-06 09:32:15,N,AAPL,294.73,2.0,294.79,2.0,0.0,-2.0,2020-01-06 09:32:15.014889,294.64,294.71,-1
2020-01-06 09:32:16,N,AAPL,294.64,4.0,294.71,4.0,2.0,2.0,2020-01-06 09:32:16.167455,294.64,294.72,0
2020-01-06 09:32:17,N,AAPL,294.64,2.0,294.72,1.0,0.0,0.0,2020-01-06 09:32:17.046186,294.65,294.72,0
2020-01-06 09:32:18,N,AAPL,294.65,2.0,294.72,3.0,1.0,2.0,2020-01-06 09:32:18.018412,294.66,294.72,0
2020-01-06 09:32:19,N,AAPL,294.66,4.0,294.72,3.0,3.0,2.0,2020-01-06 09:32:19.013674,294.78,294.83,1
2020-01-06 09:32:20,N,AAPL,294.78,2.0,294.83,1.0,1.0,0.0,2020-01-06 09:32:20.018004,294.81,294.85,0
2020-01-06 09:32:22,N,AAPL,294.81,2.0,294.85,2.0,1.0,1.0,2020-01-06 09:32:22.345369,294.85,294.88,0
2020-01-06 09:32:23,N,AAPL,294.85,2.0,294.88,6.0,0.0,4.0,2020-01-06 09:32:23.526989,294.84,294.87,0
2020-01-06 09:32:24,N,AAPL,294.84,1.0,294.87,1.0,0.0,-5.0,2020-01-06 09:32:24.287899,294.86,294.9,0
2020-01-06 09:32:25,N,AAPL,294.86,4.0,294.9,18.0,3.0,17.0,2020-01-06 09:32:25.314612,295.06,295.13,1
2020-01-06 09:32:26,N,AAPL,295.06,1.0,295.13,3.0,-1.0,2.0,2020-01-06 09:32:26.768663,295.03,295.12,0
2020-01-06 09:32:27,N,AAPL,295.03,1.0,295.12,13.0,0.0,10.0,2020-01-06 09:32:27.417378,295.02,295.06,0
2020-01-06 09:32:30,N,AAPL,295.02,2.0,295.06,2.0,1.0,-11.0,2020-01-06 09:32:30.140121,295.06,295.11,0
2020-01-06 09:32:31,N,AAPL,295.06,2.0,295.11,1.0,1.0,0.0,2020-01-06 09:32:31.519964,295.04,295.11,0
2020-01-06 09:32:32,N,AAPL,295.04,1.0,295.11,1.0,-5.0,0.0,2020-01-06 09:32:32.452454,295.07,295.11,0
2020-01-06 09:32:33,N,AAPL,295.07,1.0,295.11,1.0,0.0,0.0,2020-01-06 09:32:33.163762,295.17,295.25,1
2020-01-06 09:32:35,N,AAPL,295.17,4.0,295.25,13.0,3.0,10.0,2020-01-06 09:32:35.208826,295.17,295.22,0
2020-01-06 09:32:36,N,AAPL,295.17,4.0,295.22,1.0,0.0,-12.0,2020-01-06 09:32:36.021236,295.21,295.28,0
2020-01-06 09:32:37,N,AAPL,295.21,4.0,295.28,1.0,2.0,0.0,2020-01-06 09:32:37.511554,295.23,295.28,0
2020-01-06 09:32:38,N,AAPL,295.23,1.0,295.28,13.0,0.0,12.0,2020-01-06 09:32:38.600306,295.19,295.24,0
2020-01-06 09:32:40,N,AAPL,295.19,2.0,295.24,2.0,1.0,-11.0,2020-01-06 09:32:40.127019,295.15,295.22,0
2020-01-06 09:32:41,N,AAPL,295.15,4.0,295.22,2.0,0.0,-6.0,2020-01-06 09:32:41.330930,295.14,295.2,0
2020-01-06 09:32:42,N,AAPL,295.14,4.0,295.2,2.0,0.0,-2.0,2020-01-06 09:32:42.051953,295.14,295.2,0
2020-01-06 09:32:43,N,AAPL,295.14,1.0,295.2,3.0,0.0,-1.0,2020-01-06 09:32:43.057278,295.14,295.18,0
2020-01-06 09:32:44,N,AAPL,295.14,1.0,295.18,2.0,0.0,-3.0,2020-01-06 09:32:44.013225,295.11,295.16,0
2020-01-06 09:32:45,N,AAPL,295.11,3.0,295.16,2.0,1.0,-1.0,2020-01-06 09:32:45.265822,295.07,295.15,0
2020-01-06 09:32:46,N,AAPL,295.07,5.0,295.15,2.0,3.0,-2.0,2020-01-06 09:32:46.156709,295.08,295.13,0
2020-01-06 09:32:47,N,AAPL,295.08,5.0,295.13,2.0,3.0,-3.0,2020-01-06 09:32:47.244142,295.09,295.18,0
2020-01-06 09:32:48,N,AAPL,295.09,2.0,295.18,2.0,0.0,0.0,2020-01-06 09:32:48.085192,295.02,295.08,-1
2020-01-06 09:32:49,N,AAPL,295.02,1.0,295.08,1.0,-4.0,-3.0,2020-01-06 09:32:49.022815,295.03,295.09,0
2020-01-06 09:32:50,N,AAPL,295.03,2.0,295.09,1.0,-1.0,0.0,2020-01-06 09:32:50.185846,295.04,295.09,0
2020-01-06 09:32:51,N,AAPL,295.04,2.0,295.09,4.0,0.0,3.0,2020-01-06 09:32:51.539008,295.02,295.1,0
2020-01-06 09:32:52,N,AAPL,295.02,3.0,295.1,2.0,2.0,-2.0,2020-01-06 09:32:52.046102,295.08,295.17,0
2020-01-06 09:32:53,N,AAPL,295.08,4.0,295.17,2.0,2.0,0.0,2020-01-06 09:32:53.431358,295.08,295.14,0
2020-01-06 09:32:54,N,AAPL,295.08,5.0,295.14,1.0,1.0,-3.0,2020-01-06 09:32:54.003244,295.02,295.06,-1
2020-01-06 09:32:55,N,AAPL,295.02,2.0,295.06,2.0,-3.0,-1.0,2020-01-06 09:32:55.015224,295.03,295.08,0
2020-01-06 09:32:56,N,AAPL,295.03,4.0,295.08,1.0,0.0,0.0,2020-01-06 09:32:56.309080,294.99,295.01,-1
2020-01-06 09:32:57,N,AAPL,294.99,2.0,295.01,1.0,-2.0,-1.0,2020-01-06 09:32:57.126772,294.88,294.92,-1
2020-01-06 09:32:58,N,AAPL,294.88,3.0,294.92,1.0,2.0,0.0,2020-01-06 09:32:58.535488,294.88,294.93,0
2020-01-06 09:32:59,N,AAPL,294.88,2.0,294.93,1.0,-1.0,0.0,2020-01-06 09:32:59.079694,294.85,294.92,0
2020-01-06 09:33:00,N,AAPL,294.85,1.0,294.92,1.0,-3.0,0.0,2020-01-06 09:33:00.247784,294.79,294.83,-1
2020-01-06 09:33:01,N,AAPL,294.79,1.0,294.83,2.0,-1.0,1.0,2020-01-06 09:33:01.116090,294.87,294.93,1
2020-01-06 09:33:02,N,AAPL,294.87,4.0,294.93,2.0,3.0,1.0,2020-01-06 09:33:02.284562,294.8,294.88,0
2020-01-06 09:33:03,N,AAPL,294.8,1.0,294.88,2.0,0.0,0.0,2020-01-06 09:33:03.113478,294.8,294.87,0
2020-01-06 09:33:04,N,AAPL,294.8,1.0,294.87,1.0,-2.0,-1.0,2020-01-06 09:33:04.016002,294.82,294.88,0
2020-01-06 09:33:05,N,AAPL,294.82,3.0,294.88,1.0,-3.0,-3.0,2020-01-06 09:33:05.324701,294.82,294.89,0
2020-01-06 09:33:06,N,AAPL,294.82,4.0,294.89,1.0,3.0,0.0,2020-01-06 09:33:06.009559,294.82,294.87,0
2020-01-06 09:33:08,N,AAPL,294.82,1.0,294.87,1.0,-1.0,0.0,2020-01-06 09:33:08.045846,294.87,294.93,0
2020-01-06 09:33:09,N,AAPL,294.87,3.0,294.93,1.0,1.0,0.0,2020-01-06 09:33:09.010204,294.89,294.98,0
2020-01-06 09:33:10,N,AAPL,294.89,2.0,294.98,2.0,-2.0,-2.0,2020-01-06 09:33:10.048292,295.0,295.08,1
2020-01-06 09:33:11,N,AAPL,295.0,2.0,295.08,10.0,1.0,-2.0,2020-01-06 09:33:11.238060,295.02,295.08,0
2020-01-06 09:33:12,N,AAPL,295.02,4.0,295.08,10.0,2.0,0.0,2020-01-06 09:33:12.034099,295.01,295.08,0
2020-01-06 09:33:13,N,AAPL,295.01,4.0,295.08,10.0,-3.0,8.0,2020-01-06 09:33:13.074580,295.05,295.08,0
2020-01-06 09:33:14,N,AAPL,295.05,3.0,295.08,1.0,0.0,-9.0,2020-01-06 09:33:14.005719,295.05,295.11,0
2020-01-06 09:33:15,N,AAPL,295.05,5.0,295.11,1.0,1.0,-1.0,2020-01-06 09:33:15.015662,295.03,295.08,0
2020-01-06 09:33:16,N,AAPL,295.03,1.0,295.08,2.0,-1.0,1.0,2020-01-06 09:33:16.015026,295.05,295.1,0
2020-01-06 09:33:17,N,AAPL,295.05,2.0,295.1,1.0,-3.0,0.0,2020-01-06 09:33:17.167784,295.09,295.13,0
2020-01-06 09:33:18,N,AAPL,295.09,2.0,295.13,4.0,0.0,2.0,2020-01-06 09:33:18.266229,295.12,295.17,0
2020-01-06 09:33:19,N,AAPL,295.12,4.0,295.17,3.0,0.0,0.0,2020-01-06 09:33:19.395536,295.26,295.3,1
2020-01-06 09:33:20,N,AAPL,295.26,2.0,295.3,1.0,0.0,-4.0,2020-01-06 09:33:20.254868,295.33,295.39,1
2020-01-06 09:33:21,N,AAPL,295.33,2.0,295.39,2.0,0.0,-12.0,2020-01-06 09:33:21.127901,295.39,295.45,0
2020-01-06 09:33:22,N,AAPL,295.39,2.0,295.45,2.0,0.0,0.0,2020-01-06 09:33:22.070846,295.4,295.45,0
2020-01-06 09:33:23,N,AAPL,295.4,1.0,295.45,1.0,0.0,0.0,2020-01-06 09:33:23.604045,295.39,295.44,0
2020-01-06 09:33:24,N,AAPL,295.39,4.0,295.44,1.0,3.0,0.0,2020-01-06 09:33:24.102402,295.33,295.4,0
2020-01-06 09:33:25,N,AAPL,295.33,1.0,295.4,1.0,-1.0,-1.0,2020-01-06 09:33:25.449243,295.35,295.42,0
2020-01-06 09:33:26,N,AAPL,295.35,2.0,295.42,30.0,0.0,28.0,2020-01-06 09:33:26.179052,295.38,295.42,0
2020-01-06 09:33:27,N,AAPL,295.38,1.0,295.42,1.0,-2.0,-29.0,2020-01-06 09:33:27.162740,295.41,295.46,0
2020-01-06 09:33:28,N,AAPL,295.41,2.0,295.46,1.0,-4.0,-1.0,2020-01-06 09:33:28.449429,295.51,295.54,1
2020-01-06 09:33:29,N,AAPL,295.51,1.0,295.54,1.0,-1.0,0.0,2020-01-06 09:33:29.358673,295.34,295.37,-1
2020-01-06 09:33:30,N,AAPL,295.34,2.0,295.37,2.0,-4.0,-17.0,2020-01-06 09:33:30.933987,295.31,295.37,0
2020-01-06 09:33:31,N,AAPL,295.31,1.0,295.37,15.0,0.0,13.0,2020-01-06 09:33:31.042298,295.27,295.3,-1
2020-01-06 09:33:32,N,AAPL,295.27,1.0,295.3,2.0,0.0,0.0,2020-01-06 09:33:32.001995,295.24,295.33,0
2020-01-06 09:33:33,N,AAPL,295.24,4.0,295.33,15.0,0.0,13.0,2020-01-06 09:33:33.026399,295.23,295.28,0
2020-01-06 09:33:34,N,AAPL,295.23,1.0,295.28,1.0,0.0,-14.0,2020-01-06 09:33:34.737979,295.18,295.26,0
2020-01-06 09:33:35,N,AAPL,295.18,2.0,295.26,2.0,1.0,-1.0,2020-01-06 09:33:35.012991,295.14,295.19,0
2020-01-06 09:33:36,N,AAPL,295.14,4.0,295.19,1.0,3.0,0.0,2020-01-06 09:33:36.249550,295.14,295.19,0
2020-01-06 09:33:37,N,AAPL,295.14,4.0,295.19,2.0,3.0,1.0,2020-01-06 09:33:37.056787,295.1,295.15,0
2020-01-06 09:33:38,N,AAPL,295.1,3.0,295.15,2.0,1.0,0.0,2020-01-06 09:33:38.642241,295.12,295.18,0
2020-01-06 09:33:40,N,AAPL,295.12,2.0,295.18,2.0,0.0,0.0,2020-01-06 09:33:40.979765,295.1,295.17,0
2020-01-06 09:33:42,N,AAPL,295.1,4.0,295.17,2.0,2.0,0.0,2020-01-06 09:33:42.487287,295.17,295.22,0
2020-01-06 09:33:43,N,AAPL,295.17,1.0,295.22,1.0,-1.0,-1.0,2020-01-06 09:33:43.239841,295.25,295.3,1
2020-01-06 09:33:48,N,AAPL,295.25,2.0,295.3,4.0,-2.0,3.0,2020-01-06 09:33:48.759139,295.27,295.33,0
2020-01-06 09:33:49,N,AAPL,295.27,2.0,295.33,3.0,-1.0,-1.0,2020-01-06 09:33:49.676053,295.28,295.32,0
2020-01-06 09:33:50,N,AAPL,295.28,4.0,295.32,1.0,2.0,-2.0,2020-01-06 09:33:50.513150,295.28,295.33,0
2020-01-06 09:33:51,N,AAPL,295.28,4.0,295.33,5.0,-4.0,1.0,2020-01-06 09:33:51.394838,295.28,295.32,0
2020-01-06 09:33:52,N,AAPL,295.28,1.0,295.32,1.0,-8.0,-3.0,2020-01-06 09:33:52.392235,295.26,295.3,0
2020-01-06 09:33:53,N,AAPL,295.26,2.0,295.3,2.0,1.0,1.0,2020-01-06 09:33:53.293790,295.25,295.33,0
2020-01-06 09:33:54,N,AAPL,295.25,2.0,295.33,6.0,0.0,4.0,2020-01-06 09:33:54.230666,295.22,295.27,0
2020-01-06 09:33:55,N,AAPL,295.22,2.0,295.27,4.0,0.0,-2.0,2020-01-06 09:33:55.394717,295.18,295.25,0
2020-01-06 09:33:57,N,AAPL,295.18,4.0,295.25,3.0,3.0,1.0,2020-01-06 09:33:57.243639,295.19,295.25,0
2020-01-06 09:33:58,N,AAPL,295.19,4.0,295.25,3.0,1.0,2.0,2020-01-06 09:33:58.278100,295.17,295.25,0
2020-01-06 09:33:59,N,AAPL,295.17,2.0,295.25,1.0,-2.0,0.0,2020-01-06 09:33:59.005478,295.17,295.24,0
2020-01-06 09:34:00,N,AAPL,295.17,2.0,295.24,1.0,0.0,0.0,2020-01-06 09:34:00.025128,295.26,295.3,1
2020-01-06 09:34:01,N,AAPL,295.26,4.0,295.3,2.0,1.0,1.0,2020-01-06 09:34:01.679444,295.25,295.28,0
2020-01-06 09:34:03,N,AAPL,295.25,2.0,295.28,1.0,-1.0,-1.0,2020-01-06 09:34:03.221229,295.24,295.3,0
2020-01-06 09:34:04,N,AAPL,295.24,4.0,295.3,2.0,2.0,0.0,2020-01-06 09:34:04.142587,295.32,295.37,1
2020-01-06 09:34:05,N,AAPL,295.32,1.0,295.37,10.0,-1.0,6.0,2020-01-06 09:34:05.437481,295.35,295.4,0
2020-01-06 09:34:06,N,AAPL,295.35,4.0,295.4,3.0,3.0,0.0,2020-01-06 09:34:06.415123,295.38,295.42,0
2020-01-06 09:34:07,N,AAPL,295.38,4.0,295.42,6.0,2.0,5.0,2020-01-06 09:34:07.197862,295.36,295.42,0
2020-01-06 09:34:08,N,AAPL,295.36,3.0,295.42,5.0,2.0,0.0,2020-01-06 09:34:08.038097,295.31,295.37,0
2020-01-06 09:34:09,N,AAPL,295.31,2.0,295.37,4.0,0.0,-1.0,2020-01-06 09:34:09.276599,295.34,295.37,0
2020-01-06 09:34:10,N,AAPL,295.34,1.0,295.37,4.0,0.0,2.0,2020-01-06 09:34:10.012477,295.32,295.37,0
2020-01-06 09:34:11,N,AAPL,295.32,4.0,295.37,3.0,3.0,0.0,2020-01-06 09:34:11.772156,295.35,295.41,0
2020-01-06 09:34:13,N,AAPL,295.35,2.0,295.41,4.0,1.0,-6.0,2020-01-06 09:34:13.417069,295.26,295.33,-1
2020-01-06 09:34:14,N,AAPL,295.26,1.0,295.33,4.0,-3.0,2.0,2020-01-06 09:34:14.118560,295.23,295.3,0
2020-01-06 09:34:15,N,AAPL,295.23,1.0,295.3,2.0,-1.0,0.0,2020-01-06 09:34:15.037608,295.25,295.3,0
2020-01-06 09:34:16,N,AAPL,295.25,2.0,295.3,1.0,-3.0,0.0,2020-01-06 09:34:16.030089,295.33,295.39,1
2020-01-06 09:34:17,N,AAPL,295.33,2.0,295.39,3.0,0.0,-1.0,2020-01-06 09:34:17.372263,295.37,295.42,0
2020-01-06 09:34:18,N,AAPL,295.37,2.0,295.42,10.0,0.0,8.0,2020-01-06 09:34:18.091764,295.37,295.42,0
2020-01-06 09:34:19,N,AAPL,295.37,4.0,295.42,10.0,2.0,0.0,2020-01-06 09:34:19.130766,295.37,295.43,0
2020-01-06 09:34:20,N,AAPL,295.37,4.0,295.43,3.0,0.0,1.0,2020-01-06 09:34:20.079598,295.38,295.41,0
2020-01-06 09:34:22,N,AAPL,295.38,4.0,295.41,2.0,-1.0,0.0,2020-01-06 09:34:22.443674,295.33,295.37,-1
2020-01-06 09:34:23,N,AAPL,295.33,1.0,295.37,4.0,-1.0,3.0,2020-01-06 09:34:23.693355,295.31,295.36,0
2020-01-06 09:34:24,N,AAPL,295.31,1.0,295.36,2.0,0.0,0.0,2020-01-06 09:34:24.013518,295.31,295.37,0
2020-01-06 09:34:25,N,AAPL,295.31,3.0,295.37,2.0,1.0,1.0,2020-01-06 09:34:25.540921,295.31,295.37,0
2020-01-06 09:34:26,N,AAPL,295.31,2.0,295.37,3.0,0.0,0.0,2020-01-06 09:34:26.046515,295.33,295.36,0
2020-01-06 09:34:27,N,AAPL,295.33,4.0,295.36,1.0,3.0,0.0,2020-01-06 09:34:27.471332,295.35,295.37,0
2020-01-06 09:34:30,N,AAPL,295.35,4.0,295.37,2.0,2.0,1.0,2020-01-06 09:34:30.276637,295.38,295.42,1
2020-01-06 09:34:31,N,AAPL,295.38,4.0,295.42,5.0,1.0,4.0,2020-01-06 09:34:31.219109,295.41,295.45,0
2020-01-06 09:34:32,N,AAPL,295.41,2.0,295.45,1.0,-1.0,0.0,2020-01-06 09:34:32.231084,295.38,295.43,0
2020-01-06 09:34:33,N,AAPL,295.38,4.0,295.43,1.0,2.0,-3.0,2020-01-06 09:34:33.152553,295.39,295.45,0
2020-01-06 09:34:34,N,AAPL,295.39,4.0,295.45,2.0,-1.0,1.0,2020-01-06 09:34:34.169492,295.41,295.45,0
2020-01-06 09:34:36,N,AAPL,295.41,1.0,295.45,2.0,0.0,1.0,2020-01-06 09:34:36.508042,295.44,295.49,0
2020-01-06 09:34:37,N,AAPL,295.44,2.0,295.49,2.0,1.0,1.0,2020-01-06 09:34:37.151561,295.67,295.7,1
2020-01-06 09:34:41,N,AAPL,295.67,2.0,295.7,4.0,0.0,3.0,2020-01-06 09:34:41.175503,295.64,295.66,-1
2020-01-06 09:34:43,N,AAPL,295.64,2.0,295.66,1.0,-9.0,-3.0,2020-01-06 09:34:43.725729,295.61,295.68,0
2020-01-06 09:34:44,N,AAPL,295.61,4.0,295.68,1.0,2.0,-1.0,2020-01-06 09:34:44.012130,295.63,295.68,0
2020-01-06 09:34:45,N,AAPL,295.63,1.0,295.68,2.0,-1.0,0.0,2020-01-06 09:34:45.106497,295.63,295.68,0
2020-01-06 09:34:46,N,AAPL,295.63,1.0,295.68,2.0,0.0,0.0,2020-01-06 09:34:46.443149,295.63,295.69,0
2020-01-06 09:34:47,N,AAPL,295.63,2.0,295.69,2.0,-1.0,0.0,2020-01-06 09:34:47.157617,295.75,295.8,1
2020-01-06 09:34:48,N,AAPL,295.75,1.0,295.8,4.0,0.0,2.0,2020-01-06 09:34:48.006657,295.76,295.8,0
2020-01-06 09:34:49,N,AAPL,295.76,2.0,295.8,4.0,1.0,0.0,2020-01-06 09:34:49.788247,295.7,295.76,0
2020-01-06 09:34:50,N,AAPL,295.7,1.0,295.76,4.0,-1.0,2.0,2020-01-06 09:34:50.966172,295.69,295.7,0
2020-01-06 09:34:51,N,AAPL,295.69,1.0,295.7,1.0,0.0,-3.0,2020-01-06 09:34:51.011267,295.71,295.76,1
2020-01-06 09:34:52,N,AAPL,295.71,2.0,295.76,2.0,0.0,1.0,2020-01-06 09:34:52.217227,295.61,295.65,-1
2020-01-06 09:34:53,N,AAPL,295.61,2.0,295.65,2.0,1.0,0.0,2020-01-06 09:34:53.149370,295.62,295.68,0
2020-01-06 09:34:54,N,AAPL,295.62,2.0,295.68,2.0,0.0,0.0,2020-01-06 09:34:54.026366,295.63,295.69,0
2020-01-06 09:34:55,N,AAPL,295.63,4.0,295.69,2.0,2.0,0.0,2020-01-06 09:34:55.228611,295.53,295.58,-1
2020-01-06 09:34:56,N,AAPL,295.53,3.0,295.58,2.0,2.0,-1.0,2020-01-06 09:34:56.076655,295.5,295.54,0
2020-01-06 09:34:58,N,AAPL,295.5,1.0,295.54,4.0,-2.0,2.0,2020-01-06 09:34:58.035131,295.51,295.54,0
2020-01-06 09:34:59,N,AAPL,295.51,2.0,295.54,2.0,-3.0,0.0,2020-01-06 09:34:59.235449,295.56,295.6,1
2020-01-06 09:35:00,N,AAPL,295.56,3.0,295.6,2.0,-1.0,1.0,2020-01-06 09:35:00.120668,295.56,295.62,0
2020-01-06 09:35:01,N,AAPL,295.56,4.0,295.62,2.0,3.0,0.0,2020-01-06 09:35:01.099867,295.58,295.63,0
2020-01-06 09:35:02,N,AAPL,295.58,3.0,295.63,2.0,1.0,1.0,2020-01-06 09:35:02.854020,295.62,295.66,0
2020-01-06 09:35:04,N,AAPL,295.62,2.0,295.66,2.0,-1.0,1.0,2020-01-06 09:35:04.753411,295.64,295.7,0
2020-01-06 09:35:05,N,AAPL,295.64,4.0,295.7,92.0,1.0,0.0,2020-01-06 09:35:05.131005,295.66,295.69,0
2020-01-06 09:35:06,N,AAPL,295.66,2.0,295.69,2.0,-2.0,-90.0,2020-01-06 09:35:06.214789,295.64,295.66,0
2020-01-06 09:35:07,N,AAPL,295.64,3.0,295.66,2.0,2.0,0.0,2020-01-06 09:35:07.270272,295.59,295.64,0
2020-01-06 09:35:08,N,AAPL,295.59,1.0,295.64,2.0,0.0,1.0,2020-01-06 09:35:08.009414,295.61,295.68,0
2020-01-06 09:35:09,N,AAPL,295.61,4.0,295.68,1.0,1.0,-91.0,2020-01-06 09:35:09.642728,295.58,295.6,-1
2020-01-06 09:35:10,N,AAPL,295.58,2.0,295.6,1.0,-2.0,-1.0,2020-01-06 09:35:10.256171,295.56,295.62,0
2020-01-06 09:35:11,N,AAPL,295.56,3.0,295.62,2.0,1.0,0.0,2020-01-06 09:35:11.527141,295.59,295.64,0
2020-01-06 09:35:12,N,AAPL,295.59,1.0,295.64,2.0,-1.0,1.0,2020-01-06 09:35:12.306224,295.59,295.62,0
2020-01-06 09:35:14,N,AAPL,295.59,2.0,295.62,2.0,1.0,1.0,2020-01-06 09:35:14.018669,295.6,295.63,0
2020-01-06 09:35:15,N,AAPL,295.6,4.0,295.63,4.0,3.0,2.0,2020-01-06 09:35:15.487670,295.53,295.57,-1
2020-01-06 09:35:16,N,AAPL,295.53,4.0,295.57,1.0,1.0,0.0,2020-01-06 09:35:16.099799,295.48,295.55,0
2020-01-06 09:35:17,N,AAPL,295.48,4.0,295.55,2.0,-8.0,1.0,2020-01-06 09:35:17.400580,295.47,295.52,0
2020-01-06 09:35:18,N,AAPL,295.47,5.0,295.52,2.0,0.0,-1.0,2020-01-06 09:35:18.065478,295.46,295.5,0
2020-01-06 09:35:19,N,AAPL,295.46,1.0,295.5,3.0,-3.0,0.0,2020-01-06 09:35:19.147075,295.43,295.49,0
2020-01-06 09:35:20,N,AAPL,295.43,2.0,295.49,3.0,0.0,2.0,2020-01-06 09:35:20.271567,295.52,295.59,1
2020-01-06 09:35:21,N,AAPL,295.52,2.0,295.59,2.0,0.0,1.0,2020-01-06 09:35:21.052185,295.51,295.56,0
2020-01-06 09:35:22,N,AAPL,295.51,2.0,295.56,2.0,0.0,1.0,2020-01-06 09:35:22.163499,295.52,295.57,0
2020-01-06 09:35:23,N,AAPL,295.52,2.0,295.57,4.0,0.0,2.0,2020-01-06 09:35:23.060279,295.55,295.59,0
2020-01-06 09:35:24,N,AAPL,295.55,1.0,295.59,4.0,-3.0,2.0,2020-01-06 09:35:24.462514,295.5,295.58,0
2020-01-06 09:35:25,N,AAPL,295.5,13.0,295.58,1.0,12.0,-3.0,2020-01-06 09:35:25.558702,295.5,295.58,0
2020-01-06 09:35:26,N,AAPL,295.5,12.0,295.58,1.0,0.0,-1.0,2020-01-06 09:35:26.035176,295.47,295.51,0
2020-01-06 09:35:27,N,AAPL,295.47,2.0,295.51,4.0,-10.0,3.0,2020-01-06 09:35:27.253872,295.43,295.49,0
2020-01-06 09:35:28,N,AAPL,295.43,1.0,295.49,2.0,0.0,0.0,2020-01-06 09:35:28.010865,295.42,295.47,0
2020-01-06 09:35:29,N,AAPL,295.42,8.0,295.47,2.0,7.0,0.0,2020-01-06 09:35:29.834132,295.39,295.42,0
2020-01-06 09:35:30,N,AAPL,295.39,1.0,295.42,2.0,-4.0,0.0,2020-01-06 09:35:30.000291,295.4,295.45,0
2020-01-06 09:35:31,N,AAPL,295.4,6.0,295.45,4.0,1.0,3.0,2020-01-06 09:35:31.158260,295.39,295.41,0
2020-01-06 09:35:32,N,AAPL,295.39,2.0,295.41,6.0,-4.0,5.0,2020-01-06 09:35:32.338097,295.34,295.38,-1
2020-01-06 09:35:33,N,AAPL,295.34,3.0,295.38,2.0,-3.0,1.0,2020-01-06 09:35:33.133717,295.29,295.34,0
2020-01-06 09:35:34,N,AAPL,295.29,2.0,295.34,2.0,1.0,1.0,2020-01-06 09:35:34.825307,295.28,295.34,0
2020-01-06 09:35:35,N,AAPL,295.28,2.0,295.34,2.0,0.0,0.0,2020-01-06 09:35:35.328061,295.31,295.34,0
2020-01-06 09:35:36,N,AAPL,295.31,1.0,295.34,2.0,-1.0,0.0,2020-01-06 09:35:36.319185,295.29,295.34,0
2020-01-06 09:35:37,N,AAPL,295.29,1.0,295.34,2.0,-2.0,0.0,2020-01-06 09:35:37.115309,295.3,295.34,0
2020-01-06 09:35:38,N,AAPL,295.3,2.0,295.34,4.0,1.0,2.0,2020-01-06 09:35:38.171286,295.3,295.34,0
2020-01-06 09:35:39,N,AAPL,295.3,2.0,295.34,1.0,0.0,-5.0,2020-01-06 09:35:39.711404,295.29,295.32,0
2020-01-06 09:35:40,N,AAPL,295.29,1.0,295.32,4.0,0.0,3.0,2020-01-06 09:35:40.489791,295.29,295.32,0
2020-01-06 09:35:42,N,AAPL,295.29,2.0,295.32,4.0,-2.0,3.0,2020-01-06 09:35:42.835724,295.29,295.31,0
2020-01-06 09:35:43,N,AAPL,295.29,1.0,295.31,4.0,-1.0,2.0,2020-01-06 09:35:43.031144,295.29,295.31,0
2020-01-06 09:35:44,N,AAPL,295.29,2.0,295.31,2.0,1.0,0.0,2020-01-06 09:35:44.072536,295.33,295.4,1
2020-01-06 09:35:45,N,AAPL,295.33,4.0,295.4,2.0,2.0,0.0,2020-01-06 09:35:45.074758,295.35,295.4,0
2020-01-06 09:35:46,N,AAPL,295.35,1.0,295.4,2.0,-2.0,0.0,2020-01-06 09:35:46.572706,295.42,295.49,1
2020-01-06 09:35:47,N,AAPL,295.42,1.0,295.49,1.0,-1.0,0.0,2020-01-06 09:35:47.589498,295.43,295.49,0
2020-01-06 09:35:48,N,AAPL,295.43,3.0,295.49,1.0,2.0,0.0,2020-01-06 09:35:48.232694,295.44,295.49,0
2020-01-06 09:35:49,N,AAPL,295.44,2.0,295.49,1.0,-2.0,0.0,2020-01-06 09:35:49.001779,295.53,295.58,1
2020-01-06 09:35:50,N,AAPL,295.53,2.0,295.58,2.0,-1.0,0.0,2020-01-06 09:35:50.712368,295.52,295.56,0
2020-01-06 09:35:51,N,AAPL,295.52,2.0,295.56,4.0,0.0,2.0,2020-01-06 09:35:51.890032,295.51,295.55,0
2020-01-06 09:35:52,N,AAPL,295.51,1.0,295.55,1.0,-1.0,-1.0,2020-01-06 09:35:52.964140,295.52,295.56,0
2020-01-06 09:35:53,N,AAPL,295.52,4.0,295.56,1.0,3.0,0.0,2020-01-06 09:35:53.319012,295.57,295.59,1
2020-01-06 09:35:54,N,AAPL,295.57,2.0,295.59,2.0,-2.0,1.0,2020-01-06 09:35:54.174027,295.58,295.64,0
2020-01-06 09:35:55,N,AAPL,295.58,1.0,295.64,1.0,0.0,-1.0,2020-01-06 09:35:55.090934,295.6,295.64,0
2020-01-06 09:35:56,N,AAPL,295.6,1.0,295.64,2.0,0.0,0.0,2020-01-06 09:35:56.022458,295.59,295.64,0
2020-01-06 09:35:57,N,AAPL,295.59,2.0,295.64,1.0,1.0,-1.0,2020-01-06 09:35:57.267563,295.61,295.65,0
2020-01-06 09:35:58,N,AAPL,295.61,2.0,295.65,1.0,0.0,0.0,2020-01-06 09:35:58.143293,295.62,295.66,0
2020-01-06 09:35:59,N,AAPL,295.62,2.0,295.66,2.0,-1.0,-1.0,2020-01-06 09:35:59.200220,295.7,295.76,1
2020-01-06 09:36:00,N,AAPL,295.7,2.0,295.76,2.0,-2.0,1.0,2020-01-06 09:36:00.129648,295.76,295.82,0
2020-01-06 09:36:01,N,AAPL,295.76,1.0,295.82,3.0,-1.0,0.0,2020-01-06 09:36:01.004901,295.9,295.94,1
2020-01-06 09:36:02,N,AAPL,295.9,1.0,295.94,1.0,0.0,-1.0,2020-01-06 09:36:02.300201,295.91,295.98,0
2020-01-06 09:36:03,N,AAPL,295.91,2.0,295.98,3.0,-1.0,0.0,2020-01-06 09:36:03.244418,295.93,295.98,0
2020-01-06 09:36:04,N,AAPL,295.93,2.0,295.98,2.0,0.0,0.0,2020-01-06 09:36:04.266608,296.04,296.11,1
2020-01-06 09:36:06,N,AAPL,296.04,1.0,296.11,2.0,0.0,-2.0,2020-01-06 09:36:06.003919,296.07,296.15,0
2020-01-06 09:36:07,N,AAPL,296.07,4.0,296.15,1.0,0.0,0.0,2020-01-06 09:36:07.471838,296.09,296.16,0
2020-01-06 09:36:08,N,AAPL,296.09,8.0,296.16,3.0,3.0,1.0,2020-01-06 09:36:08.054934,296.13,296.17,0
2020-01-06 09:36:09,N,AAPL,296.13,2.0,296.17,12.0,-1.0,-1.0,2020-01-06 09:36:09.597134,296.09,296.15,0
2020-01-06 09:36:10,N,AAPL,296.09,6.0,296.15,2.0,3.0,0.0,2020-01-06 09:36:10.500110,296.1,296.16,0
2020-01-06 09:36:11,N,AAPL,296.1,1.0,296.16,3.0,-7.0,-3.0,2020-01-06 09:36:11.456281,296.2,296.25,1
2020-01-06 09:36:12,N,AAPL,296.2,3.0,296.25,10.0,1.0,9.0,2020-01-06 09:36:12.915913,296.24,296.3,0
2020-01-06 09:36:13,N,AAPL,296.24,1.0,296.3,15.0,-1.0,5.0,2020-01-06 09:36:13.778775,296.24,296.3,0
2020-01-06 09:36:14,N,AAPL,296.24,1.0,296.3,1.0,-1.0,0.0,2020-01-06 09:36:14.485583,296.17,296.22,-1
2020-01-06 09:36:15,N,AAPL,296.17,2.0,296.22,2.0,0.0,1.0,2020-01-06 09:36:15.276520,296.18,296.21,0
2020-01-06 09:36:16,N,AAPL,296.18,2.0,296.21,2.0,1.0,0.0,2020-01-06 09:36:16.694259,296.14,296.18,0
2020-01-06 09:36:17,N,AAPL,296.14,2.0,296.18,2.0,0.0,0.0,2020-01-06 09:36:17.364672,296.14,296.21,0
2020-01-06 09:36:18,N,AAPL,296.14,4.0,296.21,2.0,2.0,1.0,2020-01-06 09:36:18.161381,296.14,296.17,0
2020-01-06 09:36:19,N,AAPL,296.14,2.0,296.17,1.0,0.0,-1.0,2020-01-06 09:36:19.912593,296.18,296.19,1
2020-01-06 09:36:20,N,AAPL,296.18,3.0,296.19,1.0,1.0,0.0,2020-01-06 09:36:20.337794,296.18,296.25,0
2020-01-06 09:36:21,N,AAPL,296.18,2.0,296.25,5.0,-2.0,-1.0,2020-01-06 09:36:21.054121,296.18,296.25,0
2020-01-06 09:36:22,N,AAPL,296.18,1.0,296.25,6.0,0.0,1.0,2020-01-06 09:36:22.453424,296.14,296.18,0
2020-01-06 09:36:23,N,AAPL,296.14,1.0,296.18,1.0,0.0,-5.0,2020-01-06 09:36:23.694986,296.16,296.22,0
2020-01-06 09:36:24,N,AAPL,296.16,4.0,296.22,1.0,2.0,0.0,2020-01-06 09:36:24.177368,296.16,296.23,0
2020-01-06 09:36:25,N,AAPL,296.16,4.0,296.23,5.0,-1.0,0.0,2020-01-06 09:36:25.003954,296.16,296.21,0
2020-01-06 09:36:26,N,AAPL,296.16,1.0,296.21,1.0,-1.0,0.0,2020-01-06 09:36:26.059094,296.16,296.19,0
2020-01-06 09:36:28,N,AAPL,296.16,2.0,296.19,2.0,1.0,1.0,2020-01-06 09:36:28.163831,296.09,296.13,-1
2020-01-06 09:36:29,N,AAPL,296.09,4.0,296.13,3.0,3.0,2.0,2020-01-06 09:36:29.451798,296.02,296.07,-1
2020-01-06 09:36:31,N,AAPL,296.02,1.0,296.07,2.0,-1.0,1.0,2020-01-06 09:36:31.464878,295.99,296.0,-1
2020-01-06 09:36:33,N,AAPL,295.99,4.0,296.0,2.0,3.0,0.0,2020-01-06 09:36:33.807211,296.0,296.06,0
2020-01-06 09:36:35,N,AAPL,296.0,4.0,296.06,1.0,1.0,-1.0,2020-01-06 09:36:35.903945,296.0,296.07,0
2020-01-06 09:36:36,N,AAPL,296.0,2.0,296.07,9.0,0.0,0.0,2020-01-06 09:36:36.004101,295.99,296.06,0
2020-01-06 09:36:39,N,AAPL,295.99,1.0,296.06,2.0,-1.0,-7.0,2020-01-06 09:36:39.578417,296.01,296.05,0
2020-01-06 09:36:40,N,AAPL,296.01,2.0,296.05,1.0,-1.0,0.0,2020-01-06 09:36:40.729442,296.01,296.06,0
2020-01-06 09:36:41,N,AAPL,296.01,2.0,296.06,1.0,-2.0,0.0,2020-01-06 09:36:41.065073,296.04,296.07,0
2020-01-06 09:36:42,N,AAPL,296.04,4.0,296.07,9.0,2.0,7.0,2020-01-06 09:36:42.319409,296.02,296.06,0
2020-01-06 09:36:43,N,AAPL,296.02,3.0,296.06,2.0,1.0,-4.0,2020-01-06 09:36:43.156694,295.96,295.99,-1
2020-01-06 09:36:44,N,AAPL,295.96,2.0,295.99,2.0,-5.0,0.0,2020-01-06 09:36:44.044879,295.89,295.96,0
2020-01-06 09:36:45,N,AAPL,295.89,3.0,295.96,2.0,-1.0,0.0,2020-01-06 09:36:45.065037,295.92,295.98,0
2020-01-06 09:36:46,N,AAPL,295.92,2.0,295.98,1.0,-2.0,-3.0,2020-01-06 09:36:46.042355,295.97,295.99,0
2020-01-06 09:36:47,N,AAPL,295.97,4.0,295.99,2.0,2.0,0.0,2020-01-06 09:36:47.394778,295.93,295.99,0
2020-01-06 09:36:48,N,AAPL,295.93,2.0,295.99,1.0,0.0,0.0,2020-01-06 09:36:48.164523,295.92,295.99,0
2020-01-06 09:36:49,N,AAPL,295.92,2.0,295.99,1.0,0.0,0.0,2020-01-06 09:36:49.082976,295.97,296.01,0
2020-01-06 09:36:50,N,AAPL,295.97,3.0,296.01,5.0,1.0,1.0,2020-01-06 09:36:50.048519,295.94,295.98,0
2020-01-06 09:36:51,N,AAPL,295.94,4.0,295.98,1.0,3.0,0.0,2020-01-06 09:36:51.305521,295.92,295.99,0
2020-01-06 09:36:52,N,AAPL,295.92,2.0,295.99,1.0,1.0,0.0,2020-01-06 09:36:52.086459,295.89,295.93,0
2020-01-06 09:36:53,N,AAPL,295.89,2.0,295.93,4.0,1.0,2.0,2020-01-06 09:36:53.067034,295.89,295.93,0
2020-01-06 09:36:54,N,AAPL,295.89,4.0,295.93,9.0,2.0,8.0,2020-01-06 09:36:54.187869,295.87,295.91,0
2020-01-06 09:36:55,N,AAPL,295.87,27.0,295.91,4.0,26.0,2.0,2020-01-06 09:36:55.273497,295.8,295.84,-1
2020-01-06 09:36:57,N,AAPL,295.8,2.0,295.84,4.0,1.0,3.0,2020-01-06 09:36:57.118369,295.82,295.92,0
2020-01-06 09:36:58,N,AAPL,295.82,2.0,295.92,9.0,-2.0,4.0,2020-01-06 09:36:58.011256,295.83,295.9,0
2020-01-06 09:36:59,N,AAPL,295.83,4.0,295.9,2.0,2.0,0.0,2020-01-06 09:36:59.007603,295.81,295.86,0
2020-01-06 09:37:00,N,AAPL,295.81,1.0,295.86,1.0,0.0,-1.0,2020-01-06 09:37:00.289064,295.81,295.86,0
2020-01-06 09:37:01,N,AAPL,295.81,2.0,295.86,3.0,1.0,2.0,2020-01-06 09:37:01.141781,295.8,295.85,0
2020-01-06 09:37:02,N,AAPL,295.8,1.0,295.85,3.0,0.0,1.0,2020-01-06 09:37:02.000669,295.86,295.91,1
2020-01-06 09:37:04,N,AAPL,295.86,10.0,295.91,3.0,9.0,-1.0,2020-01-06 09:37:04.009021,295.88,295.91,0
2020-01-06 09:37:05,N,AAPL,295.88,1.0,295.91,1.0,-9.0,-2.0,2020-01-06 09:37:05.073398,295.87,295.92,0
2020-01-06 09:37:06,N,AAPL,295.87,2.0,295.92,3.0,0.0,1.0,2020-01-06 09:37:06.025573,295.89,295.94,0
2020-01-06 09:37:07,N,AAPL,295.89,2.0,295.94,30.0,0.0,29.0,2020-01-06 09:37:07.039783,295.91,295.96,0
2020-01-06 09:37:08,N,AAPL,295.91,2.0,295.96,2.0,-2.0,0.0,2020-01-06 09:37:08.122197,295.89,295.95,0
2020-01-06 09:37:09,N,AAPL,295.89,3.0,295.95,2.0,1.0,1.0,2020-01-06 09:37:09.227623,295.89,295.93,0
2020-01-06 09:37:10,N,AAPL,295.89,1.0,295.93,2.0,-2.0,0.0,2020-01-06 09:37:10.012372,295.86,295.93,0
2020-01-06 09:37:11,N,AAPL,295.86,3.0,295.93,2.0,1.0,0.0,2020-01-06 09:37:11.784779,295.92,295.97,0
2020-01-06 09:37:12,N,AAPL,295.92,3.0,295.97,1.0,2.0,-1.0,2020-01-06 09:37:12.466570,295.93,295.96,0
2020-01-06 09:37:13,N,AAPL,295.93,2.0,295.96,1.0,0.0,0.0,2020-01-06 09:37:13.295909,295.94,295.99,0
2020-01-06 09:37:14,N,AAPL,295.94,2.0,295.99,4.0,-2.0,3.0,2020-01-06 09:37:14.000842,296.05,296.09,1
2020-01-06 09:37:15,N,AAPL,296.05,4.0,296.09,1.0,3.0,-6.0,2020-01-06 09:37:15.998868,296.05,296.1,0
2020-01-06 09:37:16,N,AAPL,296.05,4.0,296.1,2.0,0.0,0.0,2020-01-06 09:37:16.029498,296.1,296.15,0
2020-01-06 09:37:17,N,AAPL,296.1,3.0,296.15,2.0,1.0,1.0,2020-01-06 09:37:17.018399,296.11,296.16,0
2020-01-06 09:37:18,N,AAPL,296.11,3.0,296.16,2.0,2.0,1.0,2020-01-06 09:37:18.044132,296.0,296.05,-1
2020-01-06 09:37:19,N,AAPL,296.0,2.0,296.05,4.0,0.0,0.0,2020-01-06 09:37:19.372971,296.01,296.04,0
2020-01-06 09:37:20,N,AAPL,296.01,2.0,296.04,2.0,1.0,-1.0,2020-01-06 09:37:20.943390,296.01,296.09,0
2020-01-06 09:37:21,N,AAPL,296.01,2.0,296.09,2.0,-2.0,0.0,2020-01-06 09:37:21.033084,296.08,296.14,0
2020-01-06 09:37:22,N,AAPL,296.08,2.0,296.14,1.0,0.0,-2.0,2020-01-06 09:37:22.093147,296.08,296.14,0
2020-01-06 09:37:23,N,AAPL,296.08,2.0,296.14,1.0,0.0,-2.0,2020-01-06 09:37:23.004586,296.03,296.08,0
2020-01-06 09:37:24,N,AAPL,296.03,2.0,296.08,2.0,0.0,0.0,2020-01-06 09:37:24.013306,296.01,296.08,0
2020-01-06 09:37:25,N,AAPL,296.01,1.0,296.08,2.0,0.0,0.0,2020-01-06 09:37:25.025976,296.01,296.07,0
2020-01-06 09:37:26,N,AAPL,296.01,4.0,296.07,2.0,1.0,1.0,2020-01-06 09:37:26.137500,296.01,296.07,0
2020-01-06 09:37:27,N,AAPL,296.01,2.0,296.07,5.0,-1.0,1.0,2020-01-06 09:37:27.208592,296.02,296.07,0
2020-01-06 09:37:28,N,AAPL,296.02,4.0,296.07,2.0,2.0,0.0,2020-01-06 09:37:28.045558,296.01,296.05,0
2020-01-06 09:37:29,N,AAPL,296.01,3.0,296.05,2.0,1.0,-1.0,2020-01-06 09:37:29.003485,296.03,296.06,0
2020-01-06 09:37:30,N,AAPL,296.03,2.0,296.06,14.0,0.0,12.0,2020-01-06 09:37:30.282662,296.01,296.03,0
2020-01-06 09:37:31,N,AAPL,296.01,2.0,296.03,4.0,-2.0,3.0,2020-01-06 09:37:31.973115,296.02,296.04,0
2020-01-06 09:37:32,N,AAPL,296.02,1.0,296.04,3.0,-1.0,-1.0,2020-01-06 09:37:32.744950,296.02,296.05,0
2020-01-06 09:37:33,N,AAPL,296.02,1.0,296.05,4.0,0.0,-4.0,2020-01-06 09:37:33.423920,295.99,296.01,-1
2020-01-06 09:37:34,N,AAPL,295.99,1.0,296.01,7.0,-16.0,6.0,2020-01-06 09:37:34.014185,295.9,295.93,-1
2020-01-06 09:37:35,N,AAPL,295.9,1.0,295.93,3.0,-1.0,1.0,2020-01-06 09:37:35.671150,295.86,295.89,-1
2020-01-06 09:37:36,N,AAPL,295.86,2.0,295.89,1.0,1.0,-3.0,2020-01-06 09:37:36.027842,295.82,295.89,0
2020-01-06 09:37:37,N,AAPL,295.82,5.0,295.89,1.0,3.0,-1.0,2020-01-06 09:37:37.029630,295.85,295.89,0
2020-01-06 09:37:38,N,AAPL,295.85,2.0,295.89,2.0,1.0,-2.0,2020-01-06 09:37:38.389128,295.84,295.88,0
2020-01-06 09:37:40,N,AAPL,295.84,2.0,295.88,1.0,1.0,0.0,2020-01-06 09:37:40.529132,295.81,295.84,0
2020-01-06 09:37:42,N,AAPL,295.81,7.0,295.84,1.0,5.0,0.0,2020-01-06 09:37:42.279195,295.86,295.9,1
2020-01-06 09:37:43,N,AAPL,295.86,4.0,295.9,12.0,1.0,10.0,2020-01-06 09:37:43.199592,295.9,295.91,0
2020-01-06 09:37:44,N,AAPL,295.9,2.0,295.91,2.0,-1.0,-10.0,2020-01-06 09:37:44.152635,295.95,295.96,1
2020-01-06 09:37:45,N,AAPL,295.95,1.0,295.96,4.0,-2.0,3.0,2020-01-06 09:37:45.999906,295.94,295.96,0
2020-01-06 09:37:46,N,AAPL,295.94,2.0,295.96,4.0,1.0,0.0,2020-01-06 09:37:46.000013,295.96,295.99,0
2020-01-06 09:37:47,N,AAPL,295.96,1.0,295.99,2.0,-1.0,-2.0,2020-01-06 09:37:47.325425,295.96,295.98,0
2020-01-06 09:37:48,N,AAPL,295.96,1.0,295.98,2.0,-2.0,0.0,2020-01-06 09:37:48.364392,295.97,295.99,0
2020-01-06 09:37:52,N,AAPL,295.97,4.0,295.99,2.0,3.0,0.0,2020-01-06 09:37:52.033332,295.98,296.03,0
2020-01-06 09:37:53,N,AAPL,295.98,2.0,296.03,2.0,1.0,-2.0,2020-01-06 09:37:53.347747,295.96,296.0,0
2020-01-06 09:37:54,N,AAPL,295.96,4.0,296.0,1.0,3.0,-2.0,2020-01-06 09:37:54.157141,295.96,296.02,0
2020-01-06 09:37:55,N,AAPL,295.96,2.0,296.02,2.0,-1.0,0.0,2020-01-06 09:37:55.021300,295.96,296.01,0
2020-01-06 09:37:56,N,AAPL,295.96,5.0,296.01,1.0,-3.0,-1.0,2020-01-06 09:37:56.073065,295.94,295.96,0
2020-01-06 09:37:57,N,AAPL,295.94,2.0,295.96,2.0,-6.0,-3.0,2020-01-06 09:37:57.732194,295.9,295.92,-1
2020-01-06 09:37:58,N,AAPL,295.9,1.0,295.92,4.0,-1.0,0.0,2020-01-06 09:37:58.795357,295.87,295.92,0
2020-01-06 09:37:59,N,AAPL,295.87,1.0,295.92,2.0,-1.0,0.0,2020-01-06 09:37:59.019357,295.82,295.85,-1
2020-01-06 09:38:01,N,AAPL,295.82,25.0,295.85,1.0,22.0,-1.0,2020-01-06 09:38:01.253709,295.79,295.82,0
2020-01-06 09:38:02,N,AAPL,295.79,2.0,295.82,1.0,-23.0,0.0,2020-01-06 09:38:02.528268,295.71,295.75,-1
2020-01-06 09:38:03,N,AAPL,295.71,7.0,295.75,4.0,5.0,2.0,2020-01-06 09:38:03.065664,295.65,295.68,-1
2020-01-06 09:38:04,N,AAPL,295.65,2.0,295.68,1.0,0.0,-2.0,2020-01-06 09:38:04.002862,295.65,295.73,0
2020-01-06 09:38:05,N,AAPL,295.65,3.0,295.73,2.0,0.0,1.0,2020-01-06 09:38:05.162967,295.73,295.77,0
2020-01-06 09:38:06,N,AAPL,295.73,1.0,295.77,2.0,-1.0,1.0,2020-01-06 09:38:06.222590,295.68,295.74,0
2020-01-06 09:38:07,N,AAPL,295.68,2.0,295.74,4.0,1.0,2.0,2020-01-06 09:38:07.230390,295.68,295.71,0
2020-01-06 09:38:08,N,AAPL,295.68,1.0,295.71,1.0,-1.0,0.0,2020-01-06 09:38:08.813566,295.64,295.69,0
2020-01-06 09:38:09,N,AAPL,295.64,2.0,295.69,3.0,1.0,1.0,2020-01-06 09:38:09.075385,295.63,295.65,0
2020-01-06 09:38:10,N,AAPL,295.63,1.0,295.65,4.0,0.0,2.0,2020-01-06 09:38:10.032254,295.63,295.66,0
2020-01-06 09:38:11,N,AAPL,295.63,3.0,295.66,2.0,-5.0,1.0,2020-01-06 09:38:11.553336,295.62,295.66,0
2020-01-06 09:38:12,N,AAPL,295.62,3.0,295.66,2.0,2.0,1.0,2020-01-06 09:38:12.302543,295.53,295.59,-1
2020-01-06 09:38:13,N,AAPL,295.53,5.0,295.59,2.0,4.0,0.0,2020-01-06 09:38:13.009306,295.52,295.56,0
2020-01-06 09:38:14,N,AAPL,295.52,3.0,295.56,2.0,1.0,0.0,2020-01-06 09:38:14.050763,295.51,295.56,0
2020-01-06 09:38:15,N,AAPL,295.51,3.0,295.56,1.0,2.0,0.0,2020-01-06 09:38:15.045710,295.58,295.63,1
2020-01-06 09:38:16,N,AAPL,295.58,2.0,295.63,2.0,0.0,1.0,2020-01-06 09:38:16.668771,295.56,295.63,0
2020-01-06 09:38:17,N,AAPL,295.56,2.0,295.63,2.0,0.0,0.0,2020-01-06 09:38:17.077055,295.55,295.59,0
2020-01-06 09:38:18,N,AAPL,295.55,5.0,295.59,2.0,4.0,1.0,2020-01-06 09:38:18.324839,295.58,295.62,0
2020-01-06 09:38:19,N,AAPL,295.58,2.0,295.62,2.0,-1.0,0.0,2020-01-06 09:38:19.020125,295.55,295.59,0
2020-01-06 09:38:20,N,AAPL,295.55,2.0,295.59,2.0,-1.0,1.0,2020-01-06 09:38:20.380713,295.49,295.52,-1
2020-01-06 09:38:21,N,AAPL,295.49,1.0,295.52,4.0,-3.0,2.0,2020-01-06 09:38:21.847382,295.5,295.53,0
2020-01-06 09:38:22,N,AAPL,295.5,3.0,295.53,1.0,1.0,-1.0,2020-01-06 09:38:22.250373,295.45,295.48,-1
2020-01-06 09:38:23,N,AAPL,295.45,1.0,295.48,2.0,-5.0,0.0,2020-01-06 09:38:23.687197,295.45,295.47,0
2020-01-06 09:38:24,N,AAPL,295.45,1.0,295.47,4.0,0.0,2.0,2020-01-06 09:38:24.117239,295.43,295.46,0
2020-01-06 09:38:25,N,AAPL,295.43,1.0,295.46,4.0,0.0,2.0,2020-01-06 09:38:25.036045,295.42,295.47,0
2020-01-06 09:38:26,N,AAPL,295.42,2.0,295.47,2.0,1.0,0.0,2020-01-06 09:38:26.062944,295.42,295.46,0
2020-01-06 09:38:27,N,AAPL,295.42,1.0,295.46,2.0,-2.0,1.0,2020-01-06 09:38:27.458206,295.4,295.44,0
2020-01-06 09:38:28,N,AAPL,295.4,6.0,295.44,2.0,0.0,-2.0,2020-01-06 09:38:28.048842,295.35,295.4,0
2020-01-06 09:38:29,N,AAPL,295.35,2.0,295.4,3.0,-9.0,1.0,2020-01-06 09:38:29.121207,295.28,295.34,-1
2020-01-06 09:38:30,N,AAPL,295.28,2.0,295.34,4.0,1.0,3.0,2020-01-06 09:38:30.145255,295.32,295.36,0
2020-01-06 09:38:31,N,AAPL,295.32,4.0,295.36,2.0,3.0,0.0,2020-01-06 09:38:31.309096,295.31,295.35,0
2020-01-06 09:38:32,N,AAPL,295.31,2.0,295.35,4.0,1.0,0.0,2020-01-06 09:38:32.250368,295.34,295.38,0
2020-01-06 09:38:33,N,AAPL,295.34,2.0,295.38,1.0,0.0,0.0,2020-01-06 09:38:33.197379,295.34,295.36,0
2020-01-06 09:38:35,N,AAPL,295.34,2.0,295.36,2.0,0.0,0.0,2020-01-06 09:38:35.105900,295.37,295.44,1
2020-01-06 09:38:36,N,AAPL,295.37,2.0,295.44,2.0,0.0,0.0,2020-01-06 09:38:36.497454,295.47,295.5,1
2020-01-06 09:38:38,N,AAPL,295.47,1.0,295.5,1.0,0.0,-1.0,2020-01-06 09:38:38.444661,295.44,295.49,0
2020-01-06 09:38:39,N,AAPL,295.44,1.0,295.49,4.0,0.0,3.0,2020-01-06 09:38:39.501890,295.46,295.51,0
2020-01-06 09:38:40,N,AAPL,295.46,2.0,295.51,3.0,1.0,1.0,2020-01-06 09:38:40.282664,295.48,295.51,0
2020-01-06 09:38:43,N,AAPL,295.48,2.0,295.51,1.0,0.0,-1.0,2020-01-06 09:38:43.251915,295.5,295.54,0
2020-01-06 09:38:46,N,AAPL,295.5,1.0,295.54,1.0,-2.0,-1.0,2020-01-06 09:38:46.099621,295.5,295.54,0
2020-01-06 09:38:47,N,AAPL,295.5,2.0,295.54,2.0,0.0,0.0,2020-01-06 09:38:47.257037,295.5,295.54,0
2020-01-06 09:38:48,N,AAPL,295.5,2.0,295.54,2.0,0.0,1.0,2020-01-06 09:38:48.647209,295.5,295.56,0
2020-01-06 09:38:49,N,AAPL,295.5,2.0,295.56,3.0,0.0,2.0,2020-01-06 09:38:49.006820,295.55,295.57,0
2020-01-06 09:38:50,N,AAPL,295.55,1.0,295.57,2.0,-1.0,-1.0,2020-01-06 09:38:50.112147,295.59,295.64,1
2020-01-06 09:38:51,N,AAPL,295.59,2.0,295.64,2.0,0.0,0.0,2020-01-06 09:38:51.097289,295.56,295.61,0
2020-01-06 09:38:52,N,AAPL,295.56,2.0,295.61,2.0,-3.0,0.0,2020-01-06 09:38:52.131633,295.54,295.61,0
2020-01-06 09:38:53,N,AAPL,295.54,4.0,295.61,3.0,1.0,1.0,2020-01-06 09:38:53.320966,295.49,295.55,0
2020-01-06 09:38:54,N,AAPL,295.49,2.0,295.55,4.0,-2.0,0.0,2020-01-06 09:38:54.326863,295.51,295.55,0
2020-01-06 09:38:55,N,AAPL,295.51,3.0,295.55,1.0,2.0,0.0,2020-01-06 09:38:55.033669,295.52,295.56,0
2020-01-06 09:38:56,N,AAPL,295.52,1.0,295.56,1.0,-1.0,-3.0,2020-01-06 09:38:56.047018,295.5,295.56,0
2020-01-06 09:38:57,N,AAPL,295.5,5.0,295.56,2.0,0.0,0.0,2020-01-06 09:38:57.225373,295.57,295.6,1
2020-01-06 09:38:59,N,AAPL,295.57,3.0,295.6,4.0,-1.0,-1.0,2020-01-06 09:38:59.288821,295.54,295.59,0
2020-01-06 09:39:00,N,AAPL,295.54,2.0,295.59,2.0,-1.0,-2.0,2020-01-06 09:39:00.070742,295.5,295.54,0
2020-01-06 09:39:01,N,AAPL,295.5,6.0,295.54,2.0,5.0,0.0,2020-01-06 09:39:01.099877,295.53,295.58,0
2020-01-06 09:39:03,N,AAPL,295.53,2.0,295.58,2.0,-4.0,1.0,2020-01-06 09:39:03.348094,295.57,295.59,0
2020-01-06 09:39:04,N,AAPL,295.57,10.0,295.59,4.0,9.0,2.0,2020-01-06 09:39:04.507506,295.59,295.59,0
2020-01-06 09:39:05,N,AAPL,295.59,4.0,295.59,2.0,-8.0,-2.0,2020-01-06 09:39:05.016063,295.72,295.75,1
2020-01-06 09:39:07,N,AAPL,295.72,1.0,295.75,4.0,-3.0,2.0,2020-01-06 09:39:07.366634,295.71,295.73,0
2020-01-06 09:39:08,N,AAPL,295.71,1.0,295.73,5.0,-1.0,4.0,2020-01-06 09:39:08.127063,295.68,295.72,0
2020-01-06 09:39:09,N,AAPL,295.68,2.0,295.72,2.0,1.0,-2.0,2020-01-06 09:39:09.332125,295.71,295.76,0
2020-01-06 09:39:10,N,AAPL,295.71,3.0,295.76,2.0,1.0,0.0,2020-01-06 09:39:10.004791,295.71,295.74,0
2020-01-06 09:39:12,N,AAPL,295.71,3.0,295.74,1.0,2.0,-2.0,2020-01-06 09:39:12.168112,295.77,295.81,1
2020-01-06 09:39:13,N,AAPL,295.77,2.0,295.81,1.0,1.0,0.0,2020-01-06 09:39:13.116065,295.73,295.79,0
2020-01-06 09:39:14,N,AAPL,295.73,2.0,295.79,1.0,1.0,0.0,2020-01-06 09:39:14.007864,295.75,295.8,0
2020-01-06 09:39:15,N,AAPL,295.75,4.0,295.8,1.0,2.0,-1.0,2020-01-06 09:39:15.369848,295.75,295.79,0
2020-01-06 09:39:16,N,AAPL,295.75,2.0,295.79,1.0,-1.0,-1.0,2020-01-06 09:39:16.122451,295.79,295.82,0
2020-01-06 09:39:17,N,AAPL,295.79,4.0,295.82,9.0,3.0,2.0,2020-01-06 09:39:17.014868,295.79,295.8,0
2020-01-06 09:39:19,N,AAPL,295.79,1.0,295.8,4.0,-1.0,-5.0,2020-01-06 09:39:19.156088,295.68,295.73,-1
2020-01-06 09:39:21,N,AAPL,295.68,3.0,295.73,2.0,0.0,-1.0,2020-01-06 09:39:21.020732,295.67,295.71,0
2020-01-06 09:39:22,N,AAPL,295.67,2.0,295.71,2.0,0.0,-1.0,2020-01-06 09:39:22.058731,295.59,295.64,-1
2020-01-06 09:39:23,N,AAPL,295.59,6.0,295.64,4.0,0.0,2.0,2020-01-06 09:39:23.348771,295.6,295.65,0
2020-01-06 09:39:24,N,AAPL,295.6,2.0,295.65,4.0,-4.0,2.0,2020-01-06 09:39:24.208467,295.57,295.59,-1
2020-01-06 09:39:25,N,AAPL,295.57,1.0,295.59,1.0,0.0,-1.0,2020-01-06 09:39:25.117303,295.61,295.65,1
2020-01-06 09:39:26,N,AAPL,295.61,1.0,295.65,4.0,-1.0,3.0,2020-01-06 09:39:26.002649,295.63,295.65,0
2020-01-06 09:39:28,N,AAPL,295.63,4.0,295.65,1.0,3.0,-1.0,2020-01-06 09:39:28.054318,295.64,295.68,0
2020-01-06 09:39:29,N,AAPL,295.64,4.0,295.68,2.0,2.0,0.0,2020-01-06 09:39:29.208036,295.63,295.66,0
2020-01-06 09:39:30,N,AAPL,295.63,3.0,295.66,1.0,1.0,-1.0,2020-01-06 09:39:30.565510,295.64,295.66,0
2020-01-06 09:39:31,N,AAPL,295.64,4.0,295.66,2.0,1.0,1.0,2020-01-06 09:39:31.266096,295.62,295.64,0
2020-01-06 09:39:36,N,AAPL,295.62,3.0,295.64,4.0,2.0,-1.0,2020-01-06 09:39:36.044902,295.54,295.57,-1
2020-01-06 09:39:37,N,AAPL,295.54,1.0,295.57,2.0,0.0,0.0,2020-01-06 09:39:37.124195,295.5,295.55,0
2020-01-06 09:39:38,N,AAPL,295.5,15.0,295.55,3.0,14.0,1.0,2020-01-06 09:39:38.072409,295.51,295.55,0
2020-01-06 09:39:39,N,AAPL,295.51,2.0,295.55,2.0,-14.0,-3.0,2020-01-06 09:39:39.048540,295.52,295.58,0
2020-01-06 09:39:40,N,AAPL,295.52,2.0,295.58,3.0,0.0,1.0,2020-01-06 09:39:40.908768,295.56,295.59,0
2020-01-06 09:39:43,N,AAPL,295.56,1.0,295.59,3.0,-1.0,1.0,2020-01-06 09:39:43.657369,295.51,295.55,-1
2020-01-06 09:39:44,N,AAPL,295.51,4.0,295.55,4.0,3.0,2.0,2020-01-06 09:39:44.238818,295.52,295.58,0
2020-01-06 09:39:45,N,AAPL,295.52,1.0,295.58,2.0,-1.0,0.0,2020-01-06 09:39:45.413123,295.54,295.58,0
2020-01-06 09:39:48,N,AAPL,295.54,1.0,295.58,2.0,-1.0,0.0,2020-01-06 09:39:48.416113,295.59,295.62,1
2020-01-06 09:39:53,N,AAPL,295.59,3.0,295.62,3.0,2.0,1.0,2020-01-06 09:39:53.381658,295.59,295.63,0
2020-01-06 09:39:54,N,AAPL,295.59,2.0,295.63,1.0,0.0,0.0,2020-01-06 09:39:54.160795,295.59,295.63,0
2020-01-06 09:39:56,N,AAPL,295.59,2.0,295.63,1.0,0.0,0.0,2020-01-06 09:39:56.822491,295.58,295.6,0
2020-01-06 09:39:57,N,AAPL,295.58,1.0,295.6,4.0,-1.0,3.0,2020-01-06 09:39:57.012982,295.61,295.65,1
2020-01-06 09:39:58,N,AAPL,295.61,2.0,295.65,2.0,0.0,0.0,2020-01-06 09:39:58.211639,295.61,295.67,0
2020-01-06 09:39:59,N,AAPL,295.61,2.0,295.67,4.0,0.0,-1.0,2020-01-06 09:39:59.013618,295.63,295.66,0
2020-01-06 09:40:00,N,AAPL,295.63,2.0,295.66,2.0,1.0,1.0,2020-01-06 09:40:00.977235,295.58,295.62,-1
2020-01-06 09:40:01,N,AAPL,295.58,1.0,295.62,3.0,-2.0,-3.0,2020-01-06 09:40:01.015232,295.57,295.61,0
2020-01-06 09:40:03,N,AAPL,295.57,4.0,295.61,4.0,2.0,2.0,2020-01-06 09:40:03.005534,295.6,295.64,0
2020-01-06 09:40:04,N,AAPL,295.6,2.0,295.64,1.0,-1.0,-1.0,2020-01-06 09:40:04.000192,295.62,295.68,0
2020-01-06 09:40:05,N,AAPL,295.62,2.0,295.68,1.0,0.0,-1.0,2020-01-06 09:40:05.137302,295.62,295.64,0
2020-01-06 09:40:06,N,AAPL,295.62,1.0,295.64,4.0,-1.0,2.0,2020-01-06 09:40:06.050155,295.55,295.58,-1
2020-01-06 09:40:07,N,AAPL,295.55,10.0,295.58,4.0,8.0,2.0,2020-01-06 09:40:07.822960,295.55,295.6,0
2020-01-06 09:40:08,N,AAPL,295.55,9.0,295.6,1.0,-1.0,-1.0,2020-01-06 09:40:08.302305,295.56,295.57,0
2020-01-06 09:40:09,N,AAPL,295.56,2.0,295.57,3.0,0.0,1.0,2020-01-06 09:40:09.565917,295.53,295.56,0
2020-01-06 09:40:10,N,AAPL,295.53,5.0,295.56,3.0,3.0,0.0,2020-01-06 09:40:10.262469,295.53,295.56,0
2020-01-06 09:40:11,N,AAPL,295.53,2.0,295.56,4.0,-3.0,1.0,2020-01-06 09:40:11.873728,295.51,295.54,0
2020-01-06 09:40:12,N,AAPL,295.51,5.0,295.54,2.0,3.0,-1.0,2020-01-06 09:40:12.296080,295.51,295.54,0
2020-01-06 09:40:13,N,AAPL,295.51,2.0,295.54,4.0,-1.0,2.0,2020-01-06 09:40:13.635294,295.43,295.46,-1
2020-01-06 09:40:14,N,AAPL,295.43,2.0,295.46,5.0,-2.0,1.0,2020-01-06 09:40:14.204558,295.42,295.45,0
2020-01-06 09:40:15,N,AAPL,295.42,3.0,295.45,1.0,-3.0,-1.0,2020-01-06 09:40:15.308209,295.43,295.47,0
2020-01-06 09:40:16,N,AAPL,295.43,2.0,295.47,2.0,-2.0,-1.0,2020-01-06 09:40:16.099579,295.46,295.5,0
2020-01-06 09:40:17,N,AAPL,295.46,1.0,295.5,2.0,0.0,-1.0,2020-01-06 09:40:17.550437,295.46,295.49,0
2020-01-06 09:40:18,N,AAPL,295.46,2.0,295.49,4.0,1.0,2.0,2020-01-06 09:40:18.492226,295.43,295.47,0
2020-01-06 09:40:19,N,AAPL,295.43,1.0,295.47,2.0,-2.0,0.0,2020-01-06 09:40:19.414343,295.44,295.47,0
2020-01-06 09:40:21,N,AAPL,295.44,2.0,295.47,1.0,1.0,0.0,2020-01-06 09:40:21.429009,295.49,295.52,1
2020-01-06 09:40:22,N,AAPL,295.49,2.0,295.52,1.0,-1.0,0.0,2020-01-06 09:40:22.037627,295.48,295.52,0
2020-01-06 09:40:23,N,AAPL,295.48,1.0,295.52,2.0,-1.0,1.0,2020-01-06 09:40:23.246585,295.42,295.45,-1
2020-01-06 09:40:24,N,AAPL,295.42,1.0,295.45,5.0,0.0,1.0,2020-01-06 09:40:24.124139,295.33,295.37,-1
2020-01-06 09:40:25,N,AAPL,295.33,1.0,295.37,4.0,0.0,2.0,2020-01-06 09:40:25.243163,295.29,295.32,-1
2020-01-06 09:40:26,N,AAPL,295.29,2.0,295.32,2.0,1.0,0.0,2020-01-06 09:40:26.414917,295.28,295.3,0
2020-01-06 09:40:27,N,AAPL,295.28,2.0,295.3,4.0,1.0,2.0,2020-01-06 09:40:27.601374,295.27,295.32,0
2020-01-06 09:40:28,N,AAPL,295.27,2.0,295.32,3.0,1.0,0.0,2020-01-06 09:40:28.600701,295.28,295.3,0
2020-01-06 09:40:30,N,AAPL,295.28,1.0,295.3,4.0,-1.0,1.0,2020-01-06 09:40:30.459847,295.28,295.32,0
2020-01-06 09:40:31,N,AAPL,295.28,1.0,295.32,3.0,0.0,1.0,2020-01-06 09:40:31.009842,295.28,295.32,0
2020-01-06 09:40:32,N,AAPL,295.28,5.0,295.32,3.0,4.0,1.0,2020-01-06 09:40:32.190302,295.29,295.32,0
2020-01-06 09:40:33,N,AAPL,295.29,4.0,295.32,2.0,3.0,-4.0,2020-01-06 09:40:33.590530,295.32,295.34,0
2020-01-06 09:40:34,N,AAPL,295.32,3.0,295.34,1.0,-1.0,0.0,2020-01-06 09:40:34.170393,295.28,295.32,0
2020-01-06 09:40:35,N,AAPL,295.28,2.0,295.32,2.0,-1.0,0.0,2020-01-06 09:40:35.070364,295.32,295.34,0
2020-01-06 09:40:36,N,AAPL,295.32,1.0,295.34,2.0,0.0,0.0,2020-01-06 09:40:36.675287,295.32,295.35,0
2020-01-06 09:40:38,N,AAPL,295.32,4.0,295.35,2.0,3.0,0.0,2020-01-06 09:40:38.161696,295.34,295.38,0
2020-01-06 09:40:39,N,AAPL,295.34,2.0,295.38,15.0,0.0,14.0,2020-01-06 09:40:39.295773,295.37,295.4,0
2020-01-06 09:40:41,N,AAPL,295.37,1.0,295.4,4.0,-15.0,0.0,2020-01-06 09:40:41.023090,295.3,295.32,-1
2020-01-06 09:40:42,N,AAPL,295.3,4.0,295.32,15.0,1.0,14.0,2020-01-06 09:40:42.253748,295.33,295.36,1
2020-01-06 09:40:43,N,AAPL,295.33,1.0,295.36,3.0,-1.0,1.0,2020-01-06 09:40:43.065038,295.32,295.37,0
2020-01-06 09:40:44,N,AAPL,295.32,2.0,295.37,3.0,0.0,1.0,2020-01-06 09:40:44.056372,295.33,295.36,0
2020-01-06 09:40:45,N,AAPL,295.33,1.0,295.36,4.0,-1.0,3.0,2020-01-06 09:40:45.347750,295.33,295.36,0
2020-01-06 09:40:46,N,AAPL,295.33,2.0,295.36,4.0,0.0,2.0,2020-01-06 09:40:46.202715,295.32,295.36,0
2020-01-06 09:40:47,N,AAPL,295.32,3.0,295.36,2.0,1.0,0.0,2020-01-06 09:40:47.333425,295.34,295.36,0
2020-01-06 09:40:50,N,AAPL,295.34,4.0,295.36,3.0,1.0,0.0,2020-01-06 09:40:50.302499,295.35,295.39,0
2020-01-06 09:40:51,N,AAPL,295.35,6.0,295.39,2.0,0.0,0.0,2020-01-06 09:40:51.142974,295.36,295.37,0
2020-01-06 09:40:52,N,AAPL,295.36,4.0,295.37,4.0,-2.0,2.0,2020-01-06 09:40:52.582908,295.32,295.33,-1
2020-01-06 09:40:53,N,AAPL,295.32,2.0,295.33,3.0,0.0,1.0,2020-01-06 09:40:53.520578,295.32,295.32,0
2020-01-06 09:40:54,N,AAPL,295.32,2.0,295.32,4.0,0.0,2.0,2020-01-06 09:40:54.308117,295.33,295.38,1
2020-01-06 09:40:55,N,AAPL,295.33,2.0,295.38,2.0,-1.0,1.0,2020-01-06 09:40:55.450101,295.33,295.37,0
2020-01-06 09:40:56,N,AAPL,295.33,2.0,295.37,5.0,0.0,3.0,2020-01-06 09:40:56.291506,295.33,295.36,0
2020-01-06 09:40:58,N,AAPL,295.33,2.0,295.36,2.0,0.0,-3.0,2020-01-06 09:40:58.490169,295.33,295.35,0
2020-01-06 09:40:59,N,AAPL,295.33,2.0,295.35,1.0,0.0,-1.0,2020-01-06 09:40:59.409460,295.36,295.38,1
2020-01-06 09:41:01,N,AAPL,295.36,1.0,295.38,2.0,0.0,-2.0,2020-01-06 09:41:01.126854,295.38,295.43,0
2020-01-06 09:41:02,N,AAPL,295.38,1.0,295.43,4.0,0.0,0.0,2020-01-06 09:41:02.005629,295.4,295.44,0
2020-01-06 09:41:03,N,AAPL,295.4,2.0,295.44,1.0,0.0,0.0,2020-01-06 09:41:03.063329,295.47,295.49,1
2020-01-06 09:41:04,N,AAPL,295.47,1.0,295.49,4.0,-1.0,3.0,2020-01-06 09:41:04.029739,295.48,295.5,0
2020-01-06 09:41:05,N,AAPL,295.48,4.0,295.5,5.0,2.0,4.0,2020-01-06 09:41:05.222044,295.46,295.48,0
2020-01-06 09:41:06,N,AAPL,295.46,1.0,295.48,2.0,-1.0,-2.0,2020-01-06 09:41:06.297683,295.46,295.52,0
2020-01-06 09:41:07,N,AAPL,295.46,4.0,295.52,2.0,2.0,0.0,2020-01-06 09:41:07.044263,295.42,295.46,0
2020-01-06 09:41:08,N,AAPL,295.42,4.0,295.46,2.0,0.0,1.0,2020-01-06 09:41:08.023845,295.42,295.43,0
2020-01-06 09:41:09,N,AAPL,295.42,1.0,295.43,4.0,-3.0,2.0,2020-01-06 09:41:09.340436,295.42,295.45,0
2020-01-06 09:41:10,N,AAPL,295.42,2.0,295.45,2.0,1.0,-2.0,2020-01-06 09:41:10.510927,295.42,295.45,0
2020-01-06 09:41:11,N,AAPL,295.42,2.0,295.45,2.0,1.0,0.0,2020-01-06 09:41:11.172959,295.43,295.45,0
2020-01-06 09:41:12,N,AAPL,295.43,1.0,295.45,2.0,0.0,0.0,2020-01-06 09:41:12.227020,295.34,295.37,-1
2020-01-06 09:41:13,N,AAPL,295.34,1.0,295.37,2.0,0.0,0.0,2020-01-06 09:41:13.054022,295.35,295.38,0
2020-01-06 09:41:14,N,AAPL,295.35,1.0,295.38,3.0,0.0,0.0,2020-01-06 09:41:14.279307,295.32,295.36,0
2020-01-06 09:41:15,N,AAPL,295.32,1.0,295.36,3.0,0.0,1.0,2020-01-06 09:41:15.590348,295.31,295.33,0
2020-01-06 09:41:16,N,AAPL,295.31,1.0,295.33,4.0,0.0,1.0,2020-01-06 09:41:16.975656,295.31,295.33,0
2020-01-06 09:41:17,N,AAPL,295.31,4.0,295.33,10.0,3.0,6.0,2020-01-06 09:41:17.186176,295.3,295.31,0
2020-01-06 09:41:19,N,AAPL,295.3,29.0,295.31,3.0,28.0,2.0,2020-01-06 09:41:19.211208,295.26,295.29,-1
2020-01-06 09:41:20,N,AAPL,295.26,4.0,295.29,1.0,3.0,-2.0,2020-01-06 09:41:20.028636,295.25,295.26,0
2020-01-06 09:41:21,N,AAPL,295.25,1.0,295.26,4.0,0.0,2.0,2020-01-06 09:41:21.802060,295.22,295.25,0
2020-01-06 09:41:22,N,AAPL,295.22,1.0,295.25,3.0,-1.0,1.0,2020-01-06 09:41:22.050445,295.16,295.2,-1
2020-01-06 09:41:23,N,AAPL,295.16,1.0,295.2,1.0,0.0,0.0,2020-01-06 09:41:23.344899,295.11,295.15,-1
2020-01-06 09:41:24,N,AAPL,295.11,2.0,295.15,1.0,1.0,-1.0,2020-01-06 09:41:24.070711,295.13,295.18,0
2020-01-06 09:41:25,N,AAPL,295.13,2.0,295.18,4.0,-2.0,0.0,2020-01-06 09:41:25.109955,295.15,295.18,0
2020-01-06 09:41:26,N,AAPL,295.15,1.0,295.18,3.0,0.0,2.0,2020-01-06 09:41:26.184395,295.17,295.19,0
2020-01-06 09:41:28,N,AAPL,295.17,1.0,295.19,1.0,0.0,-1.0,2020-01-06 09:41:28.505216,295.15,295.19,0
2020-01-06 09:41:29,N,AAPL,295.15,3.0,295.19,3.0,2.0,2.0,2020-01-06 09:41:29.571038,295.14,295.18,0
2020-01-06 09:41:30,N,AAPL,295.14,28.0,295.18,1.0,0.0,-1.0,2020-01-06 09:41:30.097722,295.07,295.11,-1
2020-01-06 09:41:31,N,AAPL,295.07,2.0,295.11,4.0,1.0,1.0,2020-01-06 09:41:31.021248,295.05,295.1,0
2020-01-06 09:41:32,N,AAPL,295.05,3.0,295.1,2.0,1.0,0.0,2020-01-06 09:41:32.267417,295.03,295.08,0
2020-01-06 09:41:33,N,AAPL,295.03,2.0,295.08,4.0,1.0,3.0,2020-01-06 09:41:33.500285,295.03,295.08,0
2020-01-06 09:41:34,N,AAPL,295.03,2.0,295.08,2.0,0.0,-3.0,2020-01-06 09:41:34.777346,295.07,295.1,0
2020-01-06 09:41:35,N,AAPL,295.07,1.0,295.1,1.0,-1.0,-1.0,2020-01-06 09:41:35.120288,295.05,295.09,0
2020-01-06 09:41:37,N,AAPL,295.05,5.0,295.09,4.0,4.0,2.0,2020-01-06 09:41:37.035493,295.02,295.06,0
2020-01-06 09:41:38,N,AAPL,295.02,2.0,295.06,2.0,-4.0,0.0,2020-01-06 09:41:38.016257,295.02,295.04,0
2020-01-06 09:41:41,N,AAPL,295.02,6.0,295.04,2.0,4.0,-1.0,2020-01-06 09:41:41.032331,295.02,295.04,0
2020-01-06 09:41:42,N,AAPL,295.02,2.0,295.04,4.0,-4.0,2.0,2020-01-06 09:41:42.214931,295.0,295.02,0
2020-01-06 09:41:43,N,AAPL,295.0,76.0,295.02,4.0,74.0,2.0,2020-01-06 09:41:43.717881,295.01,295.04,0
2020-01-06 09:41:44,N,AAPL,295.01,4.0,295.04,2.0,-1.0,1.0,2020-01-06 09:41:44.028325,295.04,295.07,0
2020-01-06 09:41:45,N,AAPL,295.04,1.0,295.07,3.0,0.0,1.0,2020-01-06 09:41:45.178853,295.11,295.13,1
2020-01-06 09:41:46,N,AAPL,295.11,1.0,295.13,4.0,0.0,2.0,2020-01-06 09:41:46.197318,295.1,295.13,0
2020-01-06 09:41:48,N,AAPL,295.1,3.0,295.13,2.0,1.0,-3.0,2020-01-06 09:41:48.820578,295.1,295.13,0
2020-01-06 09:41:49,N,AAPL,295.1,2.0,295.13,4.0,-1.0,2.0,2020-01-06 09:41:49.077316,295.06,295.1,0
2020-01-06 09:41:50,N,AAPL,295.06,1.0,295.1,1.0,0.0,0.0,2020-01-06 09:41:50.054517,295.05,295.06,0
2020-01-06 09:41:51,N,AAPL,295.05,1.0,295.06,4.0,0.0,3.0,2020-01-06 09:41:51.235178,295.07,295.09,1
2020-01-06 09:41:52,N,AAPL,295.07,2.0,295.09,1.0,-1.0,0.0,2020-01-06 09:41:52.029247,295.07,295.08,0
2020-01-06 09:41:53,N,AAPL,295.07,2.0,295.08,1.0,-1.0,-1.0,2020-01-06 09:41:53.840893,295.05,295.07,0
2020-01-06 09:41:54,N,AAPL,295.05,1.0,295.07,5.0,-1.0,4.0,2020-01-06 09:41:54.619660,295.04,295.06,0
2020-01-06 09:41:55,N,AAPL,295.04,1.0,295.06,4.0,0.0,1.0,2020-01-06 09:41:55.559548,295.05,295.08,0
2020-01-06 09:41:56,N,AAPL,295.05,4.0,295.08,2.0,3.0,-1.0,2020-01-06 09:41:56.228054,295.04,295.08,0
2020-01-06 09:41:57,N,AAPL,295.04,2.0,295.08,3.0,0.0,1.0,2020-01-06 09:41:57.464552,295.07,295.09,0
2020-01-06 09:41:59,N,AAPL,295.07,3.0,295.09,2.0,1.0,0.0,2020-01-06 09:41:59.245677,295.1,295.12,1
2020-01-06 09:42:00,N,AAPL,295.1,2.0,295.12,5.0,0.0,4.0,2020-01-06 09:42:00.206686,295.08,295.12,0
2020-01-06 09:42:01,N,AAPL,295.08,1.0,295.12,3.0,0.0,0.0,2020-01-06 09:42:01.053648,295.06,295.1,0
2020-01-06 09:42:02,N,AAPL,295.06,1.0,295.1,2.0,-4.0,1.0,2020-01-06 09:42:02.031450,295.06,295.1,0
2020-01-06 09:42:03,N,AAPL,295.06,2.0,295.1,4.0,-1.0,1.0,2020-01-06 09:42:03.023814,295.06,295.08,0
2020-01-06 09:42:04,N,AAPL,295.06,2.0,295.08,4.0,-1.0,3.0,2020-01-06 09:42:04.566937,295.02,295.04,-1
2020-01-06 09:42:05,N,AAPL,295.02,2.0,295.04,1.0,0.0,0.0,2020-01-06 09:42:05.033194,295.01,295.02,0
2020-01-06 09:42:06,N,AAPL,295.01,4.0,295.02,1.0,0.0,-4.0,2020-01-06 09:42:06.059139,295.01,295.04,0
2020-01-06 09:42:07,N,AAPL,295.01,1.0,295.04,2.0,-16.0,0.0,2020-01-06 09:42:07.213266,295.01,295.04,0
2020-01-06 09:42:08,N,AAPL,295.01,1.0,295.04,3.0,0.0,1.0,2020-01-06 09:42:08.515376,295.03,295.06,0
2020-01-06 09:42:09,N,AAPL,295.03,2.0,295.06,3.0,-4.0,1.0,2020-01-06 09:42:09.600053,295.03,295.07,0
2020-01-06 09:42:10,N,AAPL,295.03,3.0,295.07,2.0,0.0,-1.0,2020-01-06 09:42:10.842061,295.04,295.07,0
2020-01-06 09:42:12,N,AAPL,295.04,1.0,295.07,2.0,-2.0,0.0,2020-01-06 09:42:12.147482,295.04,295.06,0
2020-01-06 09:42:13,N,AAPL,295.04,1.0,295.06,1.0,0.0,-4.0,2020-01-06 09:42:13.109786,295.04,295.08,0
2020-01-06 09:42:14,N,AAPL,295.04,2.0,295.08,2.0,1.0,1.0,2020-01-06 09:42:14.060717,295.03,295.05,0
2020-01-06 09:42:15,N,AAPL,295.03,1.0,295.05,1.0,-1.0,0.0,2020-01-06 09:42:15.255902,295.0,295.04,0
2020-01-06 09:42:16,N,AAPL,295.0,5.0,295.04,3.0,0.0,-2.0,2020-01-06 09:42:16.054225,295.02,295.05,0
2020-01-06 09:42:17,N,AAPL,295.02,1.0,295.05,2.0,-5.0,1.0,2020-01-06 09:42:17.088438,295.03,295.04,0
2020-01-06 09:42:19,N,AAPL,295.03,1.0,295.04,1.0,-1.0,-1.0,2020-01-06 09:42:19.951277,295.02,295.05,0
2020-01-06 09:42:20,N,AAPL,295.02,1.0,295.05,1.0,0.0,-2.0,2020-01-06 09:42:20.003806,295.03,295.05,0
2020-01-06 09:42:22,N,AAPL,295.03,1.0,295.05,3.0,-2.0,2.0,2020-01-06 09:42:22.033507,295.02,295.03,0
2020-01-06 09:42:23,N,AAPL,295.02,2.0,295.03,4.0,-2.0,3.0,2020-01-06 09:42:23.081758,295.04,295.07,1
2020-01-06 09:42:24,N,AAPL,295.04,3.0,295.07,2.0,2.0,1.0,2020-01-06 09:42:24.057702,295.03,295.06,0
2020-01-06 09:42:25,N,AAPL,295.03,5.0,295.06,4.0,4.0,3.0,2020-01-06 09:42:25.645007,295.04,295.08,0
2020-01-06 09:42:28,N,AAPL,295.04,5.0,295.08,3.0,0.0,2.0,2020-01-06 09:42:28.395907,295.04,295.08,0
2020-01-06 09:42:29,N,AAPL,295.04,3.0,295.08,2.0,2.0,0.0,2020-01-06 09:42:29.012188,295.05,295.08,0
2020-01-06 09:42:30,N,AAPL,295.05,4.0,295.08,1.0,3.0,-1.0,2020-01-06 09:42:30.096470,295.06,295.1,0
2020-01-06 09:42:31,N,AAPL,295.06,5.0,295.1,3.0,0.0,0.0,2020-01-06 09:42:31.056029,295.03,295.06,0
2020-01-06 09:42:32,N,AAPL,295.03,6.0,295.06,3.0,4.0,2.0,2020-01-06 09:42:32.054571,295.03,295.05,0
2020-01-06 09:42:33,N,AAPL,295.03,6.0,295.05,4.0,0.0,1.0,2020-01-06 09:42:33.814362,295.03,295.06,0
2020-01-06 09:42:35,N,AAPL,295.03,4.0,295.06,4.0,-2.0,0.0,2020-01-06 09:42:35.116599,295.04,295.07,0
2020-01-06 09:42:37,N,AAPL,295.04,2.0,295.07,2.0,-11.0,1.0,2020-01-06 09:42:37.276188,295.05,295.08,0
2020-01-06 09:42:39,N,AAPL,295.05,1.0,295.08,2.0,0.0,0.0,2020-01-06 09:42:39.057577,295.05,295.08,0
2020-01-06 09:42:40,N,AAPL,295.05,1.0,295.08,3.0,0.0,1.0,2020-01-06 09:42:40.544323,295.05,295.08,0
2020-01-06 09:42:41,N,AAPL,295.05,2.0,295.08,3.0,1.0,0.0,2020-01-06 09:42:41.083968,295.05,295.07,0
2020-01-06 09:42:42,N,AAPL,295.05,3.0,295.07,1.0,2.0,-2.0,2020-01-06 09:42:42.267549,295.04,295.08,0
2020-01-06 09:42:43,N,AAPL,295.04,5.0,295.08,1.0,-2.0,-1.0,2020-01-06 09:42:43.008286,295.03,295.07,0
2020-01-06 09:42:44,N,AAPL,295.03,6.0,295.07,3.0,5.0,1.0,2020-01-06 09:42:44.196561,295.0,295.02,-1
2020-01-06 09:42:45,N,AAPL,295.0,11.0,295.02,2.0,5.0,-1.0,2020-01-06 09:42:45.204102,295.0,295.02,0
2020-01-06 09:42:46,N,AAPL,295.0,5.0,295.02,4.0,0.0,0.0,2020-01-06 09:42:46.121490,294.98,295.0,0
2020-01-06 09:42:48,N,AAPL,294.98,1.0,295.0,4.0,0.0,-1.0,2020-01-06 09:42:48.022794,294.98,295.01,0
2020-01-06 09:42:49,N,AAPL,294.98,3.0,295.01,2.0,2.0,1.0,2020-01-06 09:42:49.017748,294.99,295.01,0
2020-01-06 09:42:50,N,AAPL,294.99,12.0,295.01,2.0,8.0,-2.0,2020-01-06 09:42:50.528274,295.01,295.04,0
2020-01-06 09:42:51,N,AAPL,295.01,4.0,295.04,9.0,-21.0,8.0,2020-01-06 09:42:51.023311,295.05,295.08,1
2020-01-06 09:42:52,N,AAPL,295.05,3.0,295.08,4.0,2.0,3.0,2020-01-06 09:42:52.278597,295.0,295.04,-1
2020-01-06 09:42:53,N,AAPL,295.0,27.0,295.04,2.0,22.0,-1.0,2020-01-06 09:42:53.017316,294.96,294.98,-1
2020-01-06 09:43:01,N,AAPL,294.96,3.0,294.98,4.0,-22.0,1.0,2020-01-06 09:43:01.057111,295.02,295.06,1
2020-01-06 09:43:02,N,AAPL,295.02,3.0,295.06,2.0,-2.0,-1.0,2020-01-06 09:43:02.109199,295.02,295.06,0
2020-01-06 09:43:03,N,AAPL,295.02,5.0,295.06,3.0,3.0,0.0,2020-01-06 09:43:03.143828,295.11,295.15,1
2020-01-06 09:43:04,N,AAPL,295.11,3.0,295.15,2.0,1.0,0.0,2020-01-06 09:43:04.309767,295.15,295.18,0
2020-01-06 09:43:05,N,AAPL,295.15,2.0,295.18,1.0,1.0,-1.0,2020-01-06 09:43:05.010413,295.18,295.22,0
2020-01-06 09:43:06,N,AAPL,295.18,1.0,295.22,2.0,0.0,0.0,2020-01-06 09:43:06.144363,295.17,295.21,0
2020-01-06 09:43:07,N,AAPL,295.17,3.0,295.21,2.0,2.0,0.0,2020-01-06 09:43:07.020716,295.19,295.25,0
2020-01-06 09:43:08,N,AAPL,295.19,3.0,295.25,3.0,1.0,1.0,2020-01-06 09:43:08.327607,295.22,295.25,0
2020-01-06 09:43:09,N,AAPL,295.22,1.0,295.25,1.0,-2.0,-1.0,2020-01-06 09:43:09.190448,295.17,295.2,-1
2020-01-06 09:43:10,N,AAPL,295.17,2.0,295.2,1.0,0.0,-1.0,2020-01-06 09:43:10.981164,295.22,295.23,1
2020-01-06 09:43:11,N,AAPL,295.22,10.0,295.23,1.0,8.0,-1.0,2020-01-06 09:43:11.349856,295.19,295.22,0
2020-01-06 09:43:12,N,AAPL,295.19,2.0,295.22,2.0,0.0,-2.0,2020-01-06 09:43:12.257445,295.26,295.3,1
2020-01-06 09:43:13,N,AAPL,295.26,1.0,295.3,2.0,0.0,0.0,2020-01-06 09:43:13.327012,295.28,295.31,0
2020-01-06 09:43:15,N,AAPL,295.28,4.0,295.31,2.0,-2.0,0.0,2020-01-06 09:43:15.109081,295.26,295.3,0
2020-01-06 09:43:16,N,AAPL,295.26,3.0,295.3,2.0,2.0,-1.0,2020-01-06 09:43:16.100195,295.21,295.26,0
2020-01-06 09:43:17,N,AAPL,295.21,2.0,295.26,3.0,0.0,2.0,2020-01-06 09:43:17.055207,295.23,295.26,0
2020-01-06 09:43:18,N,AAPL,295.23,2.0,295.26,1.0,-4.0,-1.0,2020-01-06 09:43:18.102639,295.27,295.31,1
2020-01-06 09:43:19,N,AAPL,295.27,2.0,295.31,4.0,0.0,2.0,2020-01-06 09:43:19.316469,295.27,295.31,0
2020-01-06 09:43:20,N,AAPL,295.27,3.0,295.31,2.0,-2.0,0.0,2020-01-06 09:43:20.035115,295.26,295.3,0
2020-01-06 09:43:21,N,AAPL,295.26,2.0,295.3,3.0,1.0,2.0,2020-01-06 09:43:21.192312,295.26,295.3,0
2020-01-06 09:43:22,N,AAPL,295.26,2.0,295.3,2.0,0.0,-1.0,2020-01-06 09:43:22.528074,295.27,295.3,0
2020-01-06 09:43:23,N,AAPL,295.27,2.0,295.3,1.0,0.0,-1.0,2020-01-06 09:43:23.716003,295.25,295.25,-1
2020-01-06 09:43:24,N,AAPL,295.25,1.0,295.25,4.0,-1.0,3.0,2020-01-06 09:43:24.418193,295.25,295.26,0
2020-01-06 09:43:25,N,AAPL,295.25,1.0,295.26,4.0,0.0,3.0,2020-01-06 09:43:25.497718,295.25,295.28,0
2020-01-06 09:43:27,N,AAPL,295.25,2.0,295.28,1.0,-1.0,-2.0,2020-01-06 09:43:27.623271,295.27,295.32,0
2020-01-06 09:43:29,N,AAPL,295.27,2.0,295.32,2.0,0.0,1.0,2020-01-06 09:43:29.099491,295.27,295.32,0
2020-01-06 09:43:30,N,AAPL,295.27,2.0,295.32,3.0,1.0,-1.0,2020-01-06 09:43:30.001283,295.32,295.35,0
2020-01-06 09:43:31,N,AAPL,295.32,2.0,295.35,2.0,0.0,1.0,2020-01-06 09:43:31.231091,295.32,295.36,0
2020-01-06 09:43:32,N,AAPL,295.32,4.0,295.36,2.0,2.0,-2.0,2020-01-06 09:43:32.006356,295.25,295.29,-1
2020-01-06 09:43:33,N,AAPL,295.25,6.0,295.29,2.0,5.0,0.0,2020-01-06 09:43:33.003664,295.25,295.28,0
2020-01-06 09:43:34,N,AAPL,295.25,3.0,295.28,1.0,1.0,0.0,2020-01-06 09:43:34.053296,295.31,295.34,1
2020-01-06 09:43:35,N,AAPL,295.31,4.0,295.34,1.0,3.0,0.0,2020-01-06 09:43:35.007173,295.3,295.33,0
2020-01-06 09:43:36,N,AAPL,295.3,1.0,295.33,3.0,0.0,0.0,2020-01-06 09:43:36.003581,295.32,295.36,0
2020-01-06 09:43:37,N,AAPL,295.32,3.0,295.36,2.0,-1.0,0.0,2020-01-06 09:43:37.006370,295.32,295.36,0
2020-01-06 09:43:38,N,AAPL,295.32,3.0,295.36,3.0,0.0,0.0,2020-01-06 09:43:38.032745,295.32,295.36,0
2020-01-06 09:43:40,N,AAPL,295.32,3.0,295.36,4.0,-2.0,2.0,2020-01-06 09:43:40.065361,295.27,295.29,-1
2020-01-06 09:43:41,N,AAPL,295.27,1.0,295.29,2.0,0.0,-1.0,2020-01-06 09:43:41.390672,295.24,295.27,0
2020-01-06 09:43:42,N,AAPL,295.24,1.0,295.27,1.0,0.0,-2.0,2020-01-06 09:43:42.874327,295.24,295.28,0
2020-01-06 09:43:43,N,AAPL,295.24,1.0,295.28,3.0,0.0,0.0,2020-01-06 09:43:43.884846,295.24,295.27,0
2020-01-06 09:43:44,N,AAPL,295.24,2.0,295.27,2.0,1.0,-1.0,2020-01-06 09:43:44.114674,295.24,295.27,0
2020-01-06 09:43:45,N,AAPL,295.24,1.0,295.27,2.0,-1.0,0.0,2020-01-06 09:43:45.196703,295.23,295.26,0
2020-01-06 09:43:47,N,AAPL,295.23,1.0,295.26,2.0,-5.0,1.0,2020-01-06 09:43:47.687412,295.22,295.26,0
2020-01-06 09:43:48,N,AAPL,295.22,4.0,295.26,3.0,-3.0,1.0,2020-01-06 09:43:48.034771,295.22,295.26,0
2020-01-06 09:43:49,N,AAPL,295.22,4.0,295.26,2.0,1.0,0.0,2020-01-06 09:43:49.219564,295.21,295.23,0
2020-01-06 09:43:50,N,AAPL,295.21,5.0,295.23,4.0,2.0,2.0,2020-01-06 09:43:50.082385,295.11,295.13,-1
2020-01-06 09:43:51,N,AAPL,295.11,3.0,295.13,4.0,-1.0,3.0,2020-01-06 09:43:51.195241,295.05,295.08,-1
2020-01-06 09:43:52,N,AAPL,295.05,3.0,295.08,1.0,0.0,0.0,2020-01-06 09:43:52.791256,295.01,295.04,-1
2020-01-06 09:43:53,N,AAPL,295.01,4.0,295.04,1.0,3.0,0.0,2020-01-06 09:43:53.005208,295.01,295.03,0
2020-01-06 09:43:54,N,AAPL,295.01,1.0,295.03,4.0,0.0,0.0,2020-01-06 09:43:54.856312,295.01,295.04,0
2020-01-06 09:43:55,N,AAPL,295.01,5.0,295.04,3.0,4.0,2.0,2020-01-06 09:43:55.852987,295.03,295.07,0
2020-01-06 09:43:56,N,AAPL,295.03,3.0,295.07,2.0,-1.0,1.0,2020-01-06 09:43:56.030806,295.02,295.07,0
2020-01-06 09:43:57,N,AAPL,295.02,2.0,295.07,3.0,0.0,0.0,2020-01-06 09:43:57.696398,295.06,295.08,0
2020-01-06 09:43:59,N,AAPL,295.06,2.0,295.08,2.0,0.0,0.0,2020-01-06 09:43:59.444623,295.09,295.12,1
2020-01-06 09:44:00,N,AAPL,295.09,2.0,295.12,2.0,0.0,0.0,2020-01-06 09:44:00.300825,295.11,295.14,0
2020-01-06 09:44:01,N,AAPL,295.11,2.0,295.14,1.0,1.0,-2.0,2020-01-06 09:44:01.006538,295.13,295.17,0
2020-01-06 09:44:02,N,AAPL,295.13,2.0,295.17,2.0,-1.0,0.0,2020-01-06 09:44:02.066028,295.13,295.16,0
2020-01-06 09:44:04,N,AAPL,295.13,3.0,295.16,1.0,0.0,-1.0,2020-01-06 09:44:04.176559,295.18,295.2,1
2020-01-06 09:44:06,N,AAPL,295.18,3.0,295.2,1.0,0.0,0.0,2020-01-06 09:44:06.590186,295.18,295.2,0
2020-01-06 09:44:07,N,AAPL,295.18,3.0,295.2,1.0,1.0,0.0,2020-01-06 09:44:07.042426,295.2,295.24,0
2020-01-06 09:44:08,N,AAPL,295.2,2.0,295.24,1.0,0.0,-2.0,2020-01-06 09:44:08.313051,295.2,295.24,0
2020-01-06 09:44:09,N,AAPL,295.2,2.0,295.24,1.0,1.0,-2.0,2020-01-06 09:44:09.193101,295.2,295.23,0
2020-01-06 09:44:11,N,AAPL,295.2,5.0,295.23,2.0,3.0,1.0,2020-01-06 09:44:11.619939,295.19,295.21,0
2020-01-06 09:44:12,N,AAPL,295.19,2.0,295.21,4.0,-3.0,2.0,2020-01-06 09:44:12.137923,295.09,295.13,-1
2020-01-06 09:44:13,N,AAPL,295.09,4.0,295.13,4.0,3.0,1.0,2020-01-06 09:44:13.616946,295.13,295.14,0
2020-01-06 09:44:15,N,AAPL,295.13,1.0,295.14,2.0,-3.0,-2.0,2020-01-06 09:44:15.094524,295.13,295.14,0
2020-01-06 09:44:17,N,AAPL,295.13,1.0,295.14,4.0,0.0,2.0,2020-01-06 09:44:17.156232,295.09,295.13,0
2020-01-06 09:44:18,N,AAPL,295.09,2.0,295.13,3.0,0.0,0.0,2020-01-06 09:44:18.345422,295.09,295.13,0
2020-01-06 09:44:20,N,AAPL,295.09,2.0,295.13,3.0,0.0,2.0,2020-01-06 09:44:20.053945,295.1,295.13,0
2020-01-06 09:44:22,N,AAPL,295.1,3.0,295.13,1.0,1.0,0.0,2020-01-06 09:44:22.217362,295.16,295.18,1
2020-01-06 09:44:25,N,AAPL,295.16,1.0,295.18,2.0,0.0,0.0,2020-01-06 09:44:25.923897,295.14,295.18,0
2020-01-06 09:44:26,N,AAPL,295.14,4.0,295.18,2.0,3.0,0.0,2020-01-06 09:44:26.224473,295.12,295.14,0
2020-01-06 09:44:27,N,AAPL,295.12,2.0,295.14,2.0,-2.0,0.0,2020-01-06 09:44:27.883716,295.1,295.14,0
2020-01-06 09:44:29,N,AAPL,295.1,2.0,295.14,4.0,1.0,-3.0,2020-01-06 09:44:29.564677,295.1,295.14,0
2020-01-06 09:44:30,N,AAPL,295.1,3.0,295.14,1.0,-2.0,-2.0,2020-01-06 09:44:30.823756,295.1,295.13,0
2020-01-06 09:44:32,N,AAPL,295.1,3.0,295.13,3.0,0.0,2.0,2020-01-06 09:44:32.002735,295.13,295.15,0
2020-01-06 09:44:34,N,AAPL,295.13,3.0,295.15,2.0,1.0,1.0,2020-01-06 09:44:34.597836,295.09,295.12,-1
2020-01-06 09:44:35,N,AAPL,295.09,1.0,295.12,1.0,-1.0,-1.0,2020-01-06 09:44:35.427672,295.08,295.11,0
2020-01-06 09:44:36,N,AAPL,295.08,1.0,295.11,1.0,0.0,0.0,2020-01-06 09:44:36.239226,295.05,295.09,0
2020-01-06 09:44:37,N,AAPL,295.05,2.0,295.09,2.0,-1.0,-1.0,2020-01-06 09:44:37.930387,295.05,295.1,0
2020-01-06 09:44:38,N,AAPL,295.05,4.0,295.1,4.0,2.0,3.0,2020-01-06 09:44:38.067766,295.05,295.08,0
2020-01-06 09:44:39,N,AAPL,295.05,2.0,295.08,4.0,-2.0,3.0,2020-01-06 09:44:39.106286,295.0,295.01,-1
2020-01-06 09:44:40,N,AAPL,295.0,25.0,295.01,3.0,22.0,1.0,2020-01-06 09:44:40.706468,295.0,295.03,0
2020-01-06 09:44:41,N,AAPL,295.0,25.0,295.03,2.0,24.0,-1.0,2020-01-06 09:44:41.410512,295.0,295.03,0
2020-01-06 09:44:43,N,AAPL,295.0,24.0,295.03,2.0,23.0,1.0,2020-01-06 09:44:43.512581,295.0,295.02,0
2020-01-06 09:44:44,N,AAPL,295.0,24.0,295.02,4.0,22.0,2.0,2020-01-06 09:44:44.112367,294.93,294.96,-1
2020-01-06 09:44:45,N,AAPL,294.93,4.0,294.96,5.0,0.0,4.0,2020-01-06 09:44:45.012569,294.95,294.97,0
2020-01-06 09:44:46,N,AAPL,294.95,1.0,294.97,4.0,-2.0,3.0,2020-01-06 09:44:46.011536,294.94,294.97,0
2020-01-06 09:44:47,N,AAPL,294.94,5.0,294.97,1.0,2.0,0.0,2020-01-06 09:44:47.100228,294.97,295.0,0
2020-01-06 09:44:48,N,AAPL,294.97,1.0,295.0,2.0,-2.0,0.0,2020-01-06 09:44:48.352394,294.97,294.99,0
2020-01-06 09:44:49,N,AAPL,294.97,1.0,294.99,4.0,0.0,2.0,2020-01-06 09:44:49.300822,294.97,295.0,0
2020-01-06 09:44:50,N,AAPL,294.97,2.0,295.0,3.0,1.0,1.0,2020-01-06 09:44:50.093288,294.99,295.01,0
2020-01-06 09:44:51,N,AAPL,294.99,4.0,295.01,1.0,0.0,-1.0,2020-01-06 09:44:51.282873,295.0,295.03,0
2020-01-06 09:44:52,N,AAPL,295.0,2.0,295.03,4.0,-3.0,3.0,2020-01-06 09:44:52.064948,295.04,295.07,1
2020-01-06 09:44:53,N,AAPL,295.04,1.0,295.07,4.0,-1.0,-1.0,2020-01-06 09:44:53.047276,295.02,295.06,0
2020-01-06 09:44:54,N,AAPL,295.02,4.0,295.06,2.0,2.0,0.0,2020-01-06 09:44:54.859660,295.05,295.08,0
2020-01-06 09:44:55,N,AAPL,295.05,3.0,295.08,2.0,1.0,1.0,2020-01-06 09:44:55.016452,295.04,295.09,0
2020-01-06 09:44:56,N,AAPL,295.04,2.0,295.09,2.0,0.0,-1.0,2020-01-06 09:44:56.000648,295.06,295.1,0
2020-01-06 09:44:57,N,AAPL,295.06,2.0,295.1,2.0,0.0,-1.0,2020-01-06 09:44:57.003907,295.08,295.11,0
2020-01-06 09:44:59,N,AAPL,295.08,2.0,295.11,2.0,0.0,1.0,2020-01-06 09:44:59.332091,295.03,295.04,-1
2020-01-06 09:45:00,N,AAPL,295.03,2.0,295.04,1.0,1.0,0.0,2020-01-06 09:45:00.144269,295.1,295.13,1
2020-01-06 09:45:01,N,AAPL,295.1,4.0,295.13,3.0,3.0,1.0,2020-01-06 09:45:01.369872,295.11,295.16,0
2020-01-06 09:45:02,N,AAPL,295.11,3.0,295.16,2.0,2.0,0.0,2020-01-06 09:45:02.091553,295.13,295.17,0
2020-01-06 09:45:03,N,AAPL,295.13,4.0,295.17,3.0,2.0,1.0,2020-01-06 09:45:03.842621,295.13,295.17,0
2020-01-06 09:45:04,N,AAPL,295.13,1.0,295.17,1.0,-2.0,0.0,2020-01-06 09:45:04.214607,295.18,295.25,1
2020-01-06 09:45:05,N,AAPL,295.18,2.0,295.25,2.0,0.0,0.0,2020-01-06 09:45:05.259732,295.18,295.21,0
2020-01-06 09:45:06,N,AAPL,295.18,2.0,295.21,2.0,1.0,-1.0,2020-01-06 09:45:06.004349,295.08,295.12,-1
2020-01-06 09:45:07,N,AAPL,295.08,3.0,295.12,1.0,1.0,-3.0,2020-01-06 09:45:07.034146,295.05,295.09,0
2020-01-06 09:45:08,N,AAPL,295.05,1.0,295.09,2.0,-1.0,-1.0,2020-01-06 09:45:08.152425,295.05,295.08,0
2020-01-06 09:45:09,N,AAPL,295.05,1.0,295.08,1.0,-1.0,-1.0,2020-01-06 09:45:09.157419,295.03,295.05,0
2020-01-06 09:45:10,N,AAPL,295.03,1.0,295.05,2.0,-1.0,-1.0,2020-01-06 09:45:10.723573,295.07,295.1,1
2020-01-06 09:45:11,N,AAPL,295.07,1.0,295.1,2.0,0.0,0.0,2020-01-06 09:45:11.013469,295.08,295.1,0
2020-01-06 09:45:12,N,AAPL,295.08,2.0,295.1,1.0,0.0,0.0,2020-01-06 09:45:12.006072,295.14,295.18,1
2020-01-06 09:45:13,N,AAPL,295.14,2.0,295.18,2.0,1.0,-1.0,2020-01-06 09:45:13.244821,295.14,295.16,0
2020-01-06 09:45:14,N,AAPL,295.14,1.0,295.16,2.0,-2.0,0.0,2020-01-06 09:45:14.547755,295.15,295.19,0
2020-01-06 09:45:15,N,AAPL,295.15,1.0,295.19,2.0,-1.0,-1.0,2020-01-06 09:45:15.430386,295.14,295.18,0
2020-01-06 09:45:16,N,AAPL,295.14,2.0,295.18,3.0,0.0,0.0,2020-01-06 09:45:16.103354,295.16,295.19,0
2020-01-06 09:45:17,N,AAPL,295.16,2.0,295.19,3.0,0.0,2.0,2020-01-06 09:45:17.312376,295.15,295.19,0
2020-01-06 09:45:18,N,AAPL,295.15,4.0,295.19,2.0,2.0,0.0,2020-01-06 09:45:18.000890,295.17,295.19,0
2020-01-06 09:45:20,N,AAPL,295.17,5.0,295.19,1.0,4.0,-1.0,2020-01-06 09:45:20.173711,295.22,295.26,1
2020-01-06 09:45:21,N,AAPL,295.22,1.0,295.26,4.0,0.0,2.0,2020-01-06 09:45:21.087564,295.22,295.25,0
2020-01-06 09:45:22,N,AAPL,295.22,2.0,295.25,1.0,0.0,0.0,2020-01-06 09:45:22.269096,295.26,295.3,1
2020-01-06 09:45:23,N,AAPL,295.26,2.0,295.3,3.0,1.0,2.0,2020-01-06 09:45:23.195580,295.27,295.31,0
2020-01-06 09:45:24,N,AAPL,295.27,2.0,295.31,2.0,1.0,1.0,2020-01-06 09:45:24.099809,295.25,295.28,0
2020-01-06 09:45:25,N,AAPL,295.25,1.0,295.28,1.0,-1.0,0.0,2020-01-06 09:45:25.467549,295.28,295.3,0
2020-01-06 09:45:27,N,AAPL,295.28,2.0,295.3,2.0,1.0,0.0,2020-01-06 09:45:27.158533,295.3,295.32,0
2020-01-06 09:45:28,N,AAPL,295.3,1.0,295.32,2.0,0.0,-1.0,2020-01-06 09:45:28.332047,295.33,295.36,1
2020-01-06 09:45:29,N,AAPL,295.33,2.0,295.36,1.0,1.0,-1.0,2020-01-06 09:45:29.867474,295.37,295.4,1
2020-01-06 09:45:30,N,AAPL,295.37,1.0,295.4,1.0,0.0,-1.0,2020-01-06 09:45:30.021578,295.4,295.44,0
2020-01-06 09:45:31,N,AAPL,295.4,5.0,295.44,1.0,0.0,-9.0,2020-01-06 09:45:31.024929,295.42,295.45,0
2020-01-06 09:45:32,N,AAPL,295.42,2.0,295.45,6.0,1.0,3.0,2020-01-06 09:45:32.094653,295.38,295.42,0
2020-01-06 09:45:33,N,AAPL,295.38,2.0,295.42,1.0,-8.0,0.0,2020-01-06 09:45:33.041005,295.39,295.42,0
2020-01-06 09:45:34,N,AAPL,295.39,2.0,295.42,1.0,0.0,0.0,2020-01-06 09:45:34.201294,295.4,295.44,0
2020-01-06 09:45:35,N,AAPL,295.4,4.0,295.44,2.0,1.0,0.0,2020-01-06 09:45:35.151241,295.4,295.43,0
2020-01-06 09:45:36,N,AAPL,295.4,1.0,295.43,4.0,-2.0,2.0,2020-01-06 09:45:36.019518,295.41,295.42,0
2020-01-06 09:45:37,N,AAPL,295.41,1.0,295.42,4.0,-1.0,2.0,2020-01-06 09:45:37.118871,295.46,295.49,1
2020-01-06 09:45:38,N,AAPL,295.46,3.0,295.49,1.0,0.0,-1.0,2020-01-06 09:45:38.080624,295.52,295.54,1
2020-01-06 09:45:40,N,AAPL,295.52,2.0,295.54,1.0,1.0,0.0,2020-01-06 09:45:40.529847,295.5,295.53,0
2020-01-06 09:45:41,N,AAPL,295.5,2.0,295.53,1.0,-1.0,0.0,2020-01-06 09:45:41.519256,295.49,295.53,0
2020-01-06 09:45:42,N,AAPL,295.49,1.0,295.53,2.0,-1.0,0.0,2020-01-06 09:45:42.210687,295.53,295.56,0
2020-01-06 09:45:43,N,AAPL,295.53,2.0,295.56,1.0,1.0,-2.0,2020-01-06 09:45:43.083046,295.47,295.5,-1
2020-01-06 09:45:44,N,AAPL,295.47,1.0,295.5,5.0,-1.0,1.0,2020-01-06 09:45:44.031551,295.46,295.49,0
2020-01-06 09:45:45,N,AAPL,295.46,3.0,295.49,1.0,0.0,-2.0,2020-01-06 09:45:45.470828,295.46,295.49,0
2020-01-06 09:45:46,N,AAPL,295.46,2.0,295.49,1.0,1.0,0.0,2020-01-06 09:45:46.112010,295.44,295.49,0
2020-01-06 09:45:47,N,AAPL,295.44,2.0,295.49,3.0,-2.0,-2.0,2020-01-06 09:45:47.080929,295.4,295.43,-1
2020-01-06 09:45:48,N,AAPL,295.4,1.0,295.43,1.0,-2.0,-1.0,2020-01-06 09:45:48.042872,295.46,295.49,1
2020-01-06 09:45:49,N,AAPL,295.46,1.0,295.49,3.0,0.0,1.0,2020-01-06 09:45:49.088016,295.49,295.51,0
2020-01-06 09:45:50,N,AAPL,295.49,2.0,295.51,2.0,0.0,0.0,2020-01-06 09:45:50.062030,295.46,295.48,-1
2020-01-06 09:45:51,N,AAPL,295.46,1.0,295.48,2.0,-1.0,-3.0,2020-01-06 09:45:51.988789,295.42,295.46,0
2020-01-06 09:45:52,N,AAPL,295.42,2.0,295.46,2.0,0.0,-3.0,2020-01-06 09:45:52.000485,295.45,295.49,0
2020-01-06 09:45:53,N,AAPL,295.45,3.0,295.49,1.0,2.0,-1.0,2020-01-06 09:45:53.302122,295.46,295.48,0
2020-01-06 09:45:55,N,AAPL,295.46,1.0,295.48,4.0,-2.0,3.0,2020-01-06 09:45:55.325368,295.47,295.5,0
2020-01-06 09:45:56,N,AAPL,295.47,4.0,295.5,1.0,3.0,-3.0,2020-01-06 09:45:56.588097,295.5,295.53,0
2020-01-06 09:45:57,N,AAPL,295.5,2.0,295.53,2.0,-7.0,1.0,2020-01-06 09:45:57.446586,295.5,295.53,0
2020-01-06 09:45:58,N,AAPL,295.5,1.0,295.53,1.0,0.0,0.0,2020-01-06 09:45:58.319888,295.52,295.57,0
2020-01-06 09:45:59,N,AAPL,295.52,3.0,295.57,2.0,2.0,0.0,2020-01-06 09:45:59.007800,295.55,295.58,0
2020-01-06 09:46:00,N,AAPL,295.55,1.0,295.58,3.0,-3.0,2.0,2020-01-06 09:46:00.039487,295.54,295.58,0
2020-01-06 09:46:01,N,AAPL,295.54,2.0,295.58,1.0,0.0,0.0,2020-01-06 09:46:01.050450,295.58,295.6,0
2020-01-06 09:46:03,N,AAPL,295.58,4.0,295.6,4.0,1.0,3.0,2020-01-06 09:46:03.046799,295.6,295.64,0
2020-01-06 09:46:04,N,AAPL,295.6,2.0,295.64,5.0,1.0,2.0,2020-01-06 09:46:04.154589,295.68,295.72,1
2020-01-06 09:46:05,N,AAPL,295.68,3.0,295.72,2.0,2.0,1.0,2020-01-06 09:46:05.652215,295.7,295.72,0
2020-01-06 09:46:06,N,AAPL,295.7,2.0,295.72,1.0,1.0,0.0,2020-01-06 09:46:06.807651,295.69,295.72,0
2020-01-06 09:46:07,N,AAPL,295.69,3.0,295.72,1.0,2.0,0.0,2020-01-06 09:46:07.058554,295.68,295.72,0
2020-01-06 09:46:08,N,AAPL,295.68,4.0,295.72,1.0,-1.0,0.0,2020-01-06 09:46:08.024560,295.65,295.69,0
2020-01-06 09:46:09,N,AAPL,295.65,3.0,295.69,3.0,1.0,0.0,2020-01-06 09:46:09.308480,295.66,295.69,0
2020-01-06 09:46:10,N,AAPL,295.66,4.0,295.69,3.0,-2.0,0.0,2020-01-06 09:46:10.000045,295.66,295.69,0
2020-01-06 09:46:11,N,AAPL,295.66,1.0,295.69,1.0,-3.0,0.0,2020-01-06 09:46:11.038317,295.65,295.66,0
2020-01-06 09:46:12,N,AAPL,295.65,3.0,295.66,4.0,1.0,2.0,2020-01-06 09:46:12.290969,295.64,295.68,0
2020-01-06 09:46:13,N,AAPL,295.64,2.0,295.68,3.0,0.0,1.0,2020-01-06 09:46:13.093194,295.68,295.71,0
2020-01-06 09:46:14,N,AAPL,295.68,3.0,295.71,2.0,0.0,1.0,2020-01-06 09:46:14.279699,295.73,295.77,1
2020-01-06 09:46:15,N,AAPL,295.73,1.0,295.77,5.0,-1.0,1.0,2020-01-06 09:46:15.051986,295.74,295.79,0
2020-01-06 09:46:16,N,AAPL,295.74,3.0,295.79,3.0,1.0,2.0,2020-01-06 09:46:16.039308,295.76,295.79,0
2020-01-06 09:46:17,N,AAPL,295.76,3.0,295.79,1.0,-2.0,-1.0,2020-01-06 09:46:17.837272,295.79,295.81,0
2020-01-06 09:46:18,N,AAPL,295.79,1.0,295.81,1.0,-3.0,0.0,2020-01-06 09:46:18.259631,295.82,295.84,1
2020-01-06 09:46:19,N,AAPL,295.82,4.0,295.84,2.0,1.0,1.0,2020-01-06 09:46:19.015379,295.86,295.88,1
2020-01-06 09:46:20,N,AAPL,295.86,4.0,295.88,4.0,0.0,2.0,2020-01-06 09:46:20.574130,295.85,295.86,0
2020-01-06 09:46:21,N,AAPL,295.85,2.0,295.86,1.0,-1.0,-3.0,2020-01-06 09:46:21.155613,295.84,295.86,0
2020-01-06 09:46:22,N,AAPL,295.84,2.0,295.86,2.0,-1.0,1.0,2020-01-06 09:46:22.441912,295.81,295.83,-1
2020-01-06 09:46:23,N,AAPL,295.81,2.0,295.83,6.0,-2.0,3.0,2020-01-06 09:46:23.003539,295.81,295.85,0
2020-01-06 09:46:24,N,AAPL,295.81,3.0,295.85,2.0,1.0,1.0,2020-01-06 09:46:24.265770,295.8,295.83,0
2020-01-06 09:46:25,N,AAPL,295.8,5.0,295.83,1.0,2.0,-4.0,2020-01-06 09:46:25.175382,295.81,295.84,0
2020-01-06 09:46:26,N,AAPL,295.81,2.0,295.84,3.0,1.0,1.0,2020-01-06 09:46:26.449884,295.82,295.84,0
2020-01-06 09:46:27,N,AAPL,295.82,4.0,295.84,1.0,3.0,0.0,2020-01-06 09:46:27.201293,295.81,295.84,0
2020-01-06 09:46:28,N,AAPL,295.81,3.0,295.84,1.0,2.0,0.0,2020-01-06 09:46:28.012206,295.86,295.87,1
2020-01-06 09:46:29,N,AAPL,295.86,4.0,295.87,1.0,0.0,-5.0,2020-01-06 09:46:29.542547,295.9,295.93,1
2020-01-06 09:46:30,N,AAPL,295.9,1.0,295.93,2.0,-5.0,-8.0,2020-01-06 09:46:30.162616,295.87,295.91,0
2020-01-06 09:46:31,N,AAPL,295.87,2.0,295.91,4.0,1.0,3.0,2020-01-06 09:46:31.057709,295.9,295.93,0
2020-01-06 09:46:32,N,AAPL,295.9,1.0,295.93,2.0,-1.0,-1.0,2020-01-06 09:46:32.042156,295.94,295.96,1
2020-01-06 09:46:33,N,AAPL,295.94,1.0,295.96,2.0,-1.0,1.0,2020-01-06 09:46:33.079505,295.97,295.99,1
2020-01-06 09:46:34,N,AAPL,295.97,4.0,295.99,1.0,3.0,0.0,2020-01-06 09:46:34.753451,295.99,296.01,0
2020-01-06 09:46:35,N,AAPL,295.99,2.0,296.01,1.0,0.0,-4.0,2020-01-06 09:46:35.507937,295.98,296.0,0
2020-01-06 09:46:36,N,AAPL,295.98,1.0,296.0,1.0,-1.0,0.0,2020-01-06 09:46:36.003452,296.02,296.07,1
2020-01-06 09:46:37,N,AAPL,296.02,2.0,296.07,3.0,-1.0,1.0,2020-01-06 09:46:37.292348,296.06,296.09,0
2020-01-06 09:46:38,N,AAPL,296.06,1.0,296.09,3.0,-4.0,0.0,2020-01-06 09:46:38.020720,296.02,296.06,0
2020-01-06 09:46:39,N,AAPL,296.02,2.0,296.06,2.0,0.0,0.0,2020-01-06 09:46:39.022644,295.98,296.03,0
2020-01-06 09:46:40,N,AAPL,295.98,3.0,296.03,2.0,1.0,0.0,2020-01-06 09:46:40.301636,296.0,296.03,0
2020-01-06 09:46:41,N,AAPL,296.0,3.0,296.03,2.0,1.0,0.0,2020-01-06 09:46:41.255065,295.97,296.01,0
2020-01-06 09:46:42,N,AAPL,295.97,1.0,296.01,2.0,-2.0,0.0,2020-01-06 09:46:42.244768,295.9,295.94,-1
2020-01-06 09:46:43,N,AAPL,295.9,3.0,295.94,5.0,2.0,2.0,2020-01-06 09:46:43.097086,295.9,295.93,0
2020-01-06 09:46:44,N,AAPL,295.9,2.0,295.93,1.0,0.0,0.0,2020-01-06 09:46:44.561454,295.86,295.9,0
2020-01-06 09:46:45,N,AAPL,295.86,2.0,295.9,3.0,-2.0,0.0,2020-01-06 09:46:45.001319,295.81,295.83,-1
2020-01-06 09:46:46,N,AAPL,295.81,2.0,295.83,1.0,-12.0,0.0,2020-01-06 09:46:46.373467,295.83,295.88,0
2020-01-06 09:46:47,N,AAPL,295.83,1.0,295.88,3.0,-2.0,2.0,2020-01-06 09:46:47.375877,295.88,295.9,0
2020-01-06 09:46:49,N,AAPL,295.88,1.0,295.9,2.0,0.0,-1.0,2020-01-06 09:46:49.936027,295.9,295.93,0
2020-01-06 09:46:51,N,AAPL,295.9,2.0,295.93,1.0,1.0,-1.0,2020-01-06 09:46:51.080941,295.97,296.02,1
2020-01-06 09:46:52,N,AAPL,295.97,3.0,296.02,3.0,0.0,-1.0,2020-01-06 09:46:52.053447,295.91,295.95,-1
2020-01-06 09:46:53,N,AAPL,295.91,2.0,295.95,2.0,-1.0,0.0,2020-01-06 09:46:53.149424,296.01,296.06,1
2020-01-06 09:46:54,N,AAPL,296.01,2.0,296.06,3.0,1.0,1.0,2020-01-06 09:46:54.522360,295.99,296.02,0
2020-01-06 09:46:55,N,AAPL,295.99,1.0,296.02,3.0,0.0,0.0,2020-01-06 09:46:55.662658,296.06,296.1,1
2020-01-06 09:46:56,N,AAPL,296.06,3.0,296.1,2.0,2.0,-1.0,2020-01-06 09:46:56.264671,296.1,296.14,0
2020-01-06 09:46:57,N,AAPL,296.1,1.0,296.14,2.0,-1.0,1.0,2020-01-06 09:46:57.213070,296.08,296.12,0
2020-01-06 09:46:58,N,AAPL,296.08,1.0,296.12,3.0,0.0,0.0,2020-01-06 09:46:58.442544,296.11,296.13,0
2020-01-06 09:46:59,N,AAPL,296.11,3.0,296.13,2.0,2.0,-1.0,2020-01-06 09:46:59.050923,296.06,296.1,-1
2020-01-06 09:47:00,N,AAPL,296.06,2.0,296.1,4.0,-1.0,2.0,2020-01-06 09:47:00.057505,296.06,296.11,0
2020-01-06 09:47:01,N,AAPL,296.06,4.0,296.11,2.0,1.0,0.0,2020-01-06 09:47:01.100869,296.09,296.13,0
2020-01-06 09:47:02,N,AAPL,296.09,2.0,296.13,2.0,0.0,0.0,2020-01-06 09:47:02.161175,296.03,296.07,-1
2020-01-06 09:47:04,N,AAPL,296.03,3.0,296.07,2.0,2.0,0.0,2020-01-06 09:47:04.078714,296.05,296.08,0
2020-01-06 09:47:05,N,AAPL,296.05,1.0,296.08,1.0,-3.0,0.0,2020-01-06 09:47:05.332145,296.04,296.08,0
2020-01-06 09:47:06,N,AAPL,296.04,1.0,296.08,3.0,-2.0,1.0,2020-01-06 09:47:06.262284,296.0,296.04,0
2020-01-06 09:47:07,N,AAPL,296.0,2.0,296.04,2.0,0.0,0.0,2020-01-06 09:47:07.650347,296.02,296.06,0
2020-01-06 09:47:08,N,AAPL,296.02,4.0,296.06,2.0,2.0,0.0,2020-01-06 09:47:08.093614,296.14,296.17,1
2020-01-06 09:47:09,N,AAPL,296.14,2.0,296.17,2.0,1.0,0.0,2020-01-06 09:47:09.638734,296.12,296.15,0
2020-01-06 09:47:10,N,AAPL,296.12,2.0,296.15,1.0,1.0,-1.0,2020-01-06 09:47:10.051055,296.06,296.09,-1
2020-01-06 09:47:12,N,AAPL,296.06,2.0,296.09,2.0,1.0,0.0,2020-01-06 09:47:12.079561,296.05,296.07,0
2020-01-06 09:47:14,N,AAPL,296.05,2.0,296.07,1.0,1.0,-1.0,2020-01-06 09:47:14.210346,296.12,296.16,1
2020-01-06 09:47:15,N,AAPL,296.12,2.0,296.16,1.0,1.0,0.0,2020-01-06 09:47:15.001342,296.11,296.15,0
2020-01-06 09:47:16,N,AAPL,296.11,3.0,296.15,1.0,1.0,0.0,2020-01-06 09:47:16.043769,296.13,296.16,0
2020-01-06 09:47:18,N,AAPL,296.13,5.0,296.16,1.0,2.0,0.0,2020-01-06 09:47:18.554169,296.12,296.14,0
2020-01-06 09:47:20,N,AAPL,296.12,2.0,296.14,1.0,0.0,0.0,2020-01-06 09:47:20.029610,296.1,296.11,-1
2020-01-06 09:47:21,N,AAPL,296.1,2.0,296.11,2.0,-1.0,-3.0,2020-01-06 09:47:21.723135,296.05,296.07,-1
2020-01-06 09:47:22,N,AAPL,296.05,1.0,296.07,1.0,-1.0,-1.0,2020-01-06 09:47:22.232984,296.05,296.08,0
2020-01-06 09:47:23,N,AAPL,296.05,1.0,296.08,1.0,0.0,0.0,2020-01-06 09:47:23.150640,296.07,296.11,0
2020-01-06 09:47:24,N,AAPL,296.07,2.0,296.11,3.0,-1.0,-2.0,2020-01-06 09:47:24.247184,296.02,296.06,-1
2020-01-06 09:47:25,N,AAPL,296.02,1.0,296.06,5.0,0.0,4.0,2020-01-06 09:47:25.606753,296.02,296.06,0
2020-01-06 09:47:26,N,AAPL,296.02,4.0,296.06,3.0,2.0,2.0,2020-01-06 09:47:26.051834,296.03,296.06,0
2020-01-06 09:47:27,N,AAPL,296.03,2.0,296.06,1.0,0.0,0.0,2020-01-06 09:47:27.606099,296.02,296.05,0
2020-01-06 09:47:28,N,AAPL,296.02,3.0,296.05,1.0,1.0,0.0,2020-01-06 09:47:28.820714,296.04,296.09,0
2020-01-06 09:47:29,N,AAPL,296.04,4.0,296.09,2.0,2.0,1.0,2020-01-06 09:47:29.075311,296.05,296.07,0
2020-01-06 09:47:30,N,AAPL,296.05,2.0,296.07,1.0,-3.0,-1.0,2020-01-06 09:47:30.060689,296.07,296.11,0
2020-01-06 09:47:31,N,AAPL,296.07,3.0,296.11,1.0,0.0,-1.0,2020-01-06 09:47:31.472784,296.1,296.13,0
2020-01-06 09:47:33,N,AAPL,296.1,4.0,296.13,1.0,1.0,-1.0,2020-01-06 09:47:33.520411,296.09,296.12,0
2020-01-06 09:47:34,N,AAPL,296.09,5.0,296.12,2.0,1.0,1.0,2020-01-06 09:47:34.452316,296.12,296.15,0
2020-01-06 09:47:35,N,AAPL,296.12,4.0,296.15,3.0,0.0,2.0,2020-01-06 09:47:35.801821,296.1,296.15,0
2020-01-06 09:47:36,N,AAPL,296.1,3.0,296.15,3.0,0.0,0.0,2020-01-06 09:47:36.238255,296.12,296.15,0
2020-01-06 09:47:37,N,AAPL,296.12,4.0,296.15,3.0,1.0,0.0,2020-01-06 09:47:37.217628,296.1,296.14,0
2020-01-06 09:47:38,N,AAPL,296.1,3.0,296.14,2.0,1.0,1.0,2020-01-06 09:47:38.054067,296.1,296.14,0
2020-01-06 09:47:39,N,AAPL,296.1,4.0,296.14,2.0,2.0,0.0,2020-01-06 09:47:39.882569,296.11,296.14,0
2020-01-06 09:47:40,N,AAPL,296.11,2.0,296.14,2.0,-2.0,0.0,2020-01-06 09:47:40.722716,296.06,296.08,-1
2020-01-06 09:47:41,N,AAPL,296.06,2.0,296.08,1.0,1.0,-2.0,2020-01-06 09:47:41.776683,296.07,296.1,0
2020-01-06 09:47:43,N,AAPL,296.07,4.0,296.1,2.0,2.0,-1.0,2020-01-06 09:47:43.135075,296.0,296.03,-1
2020-01-06 09:47:44,N,AAPL,296.0,2.0,296.03,1.0,0.0,-1.0,2020-01-06 09:47:44.342245,295.98,296.0,0
2020-01-06 09:47:45,N,AAPL,295.98,2.0,296.0,3.0,0.0,0.0,2020-01-06 09:47:45.132380,295.97,295.99,0
2020-01-06 09:47:46,N,AAPL,295.97,1.0,295.99,2.0,0.0,1.0,2020-01-06 09:47:46.134788,295.96,295.99,0
2020-01-06 09:47:47,N,AAPL,295.96,4.0,295.99,1.0,2.0,0.0,2020-01-06 09:47:47.676221,295.95,295.98,0
2020-01-06 09:47:48,N,AAPL,295.95,2.0,295.98,1.0,1.0,-1.0,2020-01-06 09:47:48.185896,295.95,295.99,0
2020-01-06 09:47:49,N,AAPL,295.95,2.0,295.99,3.0,0.0,2.0,2020-01-06 09:47:49.935608,295.94,295.98,0
2020-01-06 09:47:50,N,AAPL,295.94,2.0,295.98,1.0,0.0,-2.0,2020-01-06 09:47:50.000823,295.93,295.94,0
2020-01-06 09:47:51,N,AAPL,295.93,2.0,295.94,3.0,0.0,2.0,2020-01-06 09:47:51.840586,295.89,295.92,-1
2020-01-06 09:47:52,N,AAPL,295.89,2.0,295.92,3.0,0.0,2.0,2020-01-06 09:47:52.306073,295.85,295.9,0
2020-01-06 09:47:54,N,AAPL,295.85,5.0,295.9,2.0,3.0,-1.0,2020-01-06 09:47:54.072213,295.89,295.93,0
2020-01-06 09:47:55,N,AAPL,295.89,2.0,295.93,1.0,-1.0,-1.0,2020-01-06 09:47:55.804738,295.91,295.93,0
2020-01-06 09:47:57,N,AAPL,295.91,4.0,295.93,1.0,2.0,0.0,2020-01-06 09:47:57.305063,295.98,296.02,1
2020-01-06 09:47:58,N,AAPL,295.98,4.0,296.02,2.0,2.0,0.0,2020-01-06 09:47:58.329861,295.98,296.03,0
2020-01-06 09:47:59,N,AAPL,295.98,2.0,296.03,6.0,1.0,0.0,2020-01-06 09:47:59.165353,296.0,296.03,0
2020-01-06 09:48:00,N,AAPL,296.0,1.0,296.03,2.0,0.0,-4.0,2020-01-06 09:48:00.133748,296.04,296.06,1
2020-01-06 09:48:01,N,AAPL,296.04,2.0,296.06,3.0,1.0,1.0,2020-01-06 09:48:01.269358,296.06,296.09,0
2020-01-06 09:48:02,N,AAPL,296.06,2.0,296.09,2.0,-1.0,0.0,2020-01-06 09:48:02.325884,296.04,296.09,0
2020-01-06 09:48:03,N,AAPL,296.04,3.0,296.09,2.0,0.0,-1.0,2020-01-06 09:48:03.018837,295.95,295.98,-1
2020-01-06 09:48:04,N,AAPL,295.95,1.0,295.98,1.0,-1.0,-38.0,2020-01-06 09:48:04.325578,295.94,295.98,0
2020-01-06 09:48:05,N,AAPL,295.94,4.0,295.98,2.0,3.0,1.0,2020-01-06 09:48:05.186177,295.94,295.97,0
2020-01-06 09:48:06,N,AAPL,295.94,1.0,295.97,3.0,-2.0,0.0,2020-01-06 09:48:06.045700,295.91,295.96,0
2020-01-06 09:48:07,N,AAPL,295.91,3.0,295.96,1.0,1.0,-3.0,2020-01-06 09:48:07.017359,295.94,295.97,0
2020-01-06 09:48:08,N,AAPL,295.94,4.0,295.97,2.0,1.0,1.0,2020-01-06 09:48:08.300878,295.93,295.97,0
2020-01-06 09:48:09,N,AAPL,295.93,7.0,295.97,3.0,0.0,1.0,2020-01-06 09:48:09.325236,295.94,295.97,0
2020-01-06 09:48:10,N,AAPL,295.94,4.0,295.97,1.0,2.0,0.0,2020-01-06 09:48:10.187981,295.96,295.99,0
2020-01-06 09:48:11,N,AAPL,295.96,2.0,295.99,9.0,-1.0,8.0,2020-01-06 09:48:11.101289,295.96,295.97,0
2020-01-06 09:48:12,N,AAPL,295.96,2.0,295.97,2.0,0.0,-7.0,2020-01-06 09:48:12.946327,295.96,295.98,0
2020-01-06 09:48:13,N,AAPL,295.96,2.0,295.98,1.0,0.0,0.0,2020-01-06 09:48:13.044378,295.94,295.98,0
2020-01-06 09:48:14,N,AAPL,295.94,3.0,295.98,1.0,1.0,0.0,2020-01-06 09:48:14.364876,295.95,295.99,0
2020-01-06 09:48:15,N,AAPL,295.95,4.0,295.99,1.0,1.0,0.0,2020-01-06 09:48:15.217893,295.98,296.0,0
2020-01-06 09:48:16,N,AAPL,295.98,4.0,296.0,39.0,1.0,38.0,2020-01-06 09:48:16.010395,295.99,296.03,0
2020-01-06 09:48:17,N,AAPL,295.99,1.0,296.03,1.0,-1.0,-3.0,2020-01-06 09:48:17.913367,295.99,296.03,0
2020-01-06 09:48:18,N,AAPL,295.99,1.0,296.03,1.0,0.0,0.0,2020-01-06 09:48:18.040276,295.98,296.01,0
2020-01-06 09:48:19,N,AAPL,295.98,2.0,296.01,2.0,0.0,-2.0,2020-01-06 09:48:19.728879,295.94,295.98,0
2020-01-06 09:48:20,N,AAPL,295.94,2.0,295.98,5.0,0.0,2.0,2020-01-06 09:48:20.449972,295.95,295.98,0
2020-01-06 09:48:21,N,AAPL,295.95,3.0,295.98,2.0,1.0,-3.0,2020-01-06 09:48:21.053990,295.91,295.93,-1
2020-01-06 09:48:22,N,AAPL,295.91,1.0,295.93,1.0,-1.0,0.0,2020-01-06 09:48:22.114960,295.95,296.02,1
2020-01-06 09:48:23,N,AAPL,295.95,3.0,296.02,2.0,2.0,0.0,2020-01-06 09:48:23.053595,295.97,296.02,0
2020-01-06 09:48:24,N,AAPL,295.97,7.0,296.02,1.0,6.0,0.0,2020-01-06 09:48:24.053349,296.0,296.02,0
2020-01-06 09:48:26,N,AAPL,296.0,4.0,296.02,1.0,2.0,-1.0,2020-01-06 09:48:26.150629,296.0,296.04,0
2020-01-06 09:48:28,N,AAPL,296.0,4.0,296.04,2.0,0.0,-1.0,2020-01-06 09:48:28.006520,296.0,296.04,0
2020-01-06 09:48:29,N,AAPL,296.0,1.0,296.04,2.0,-1.0,0.0,2020-01-06 09:48:29.596915,295.97,296.0,0
2020-01-06 09:48:30,N,AAPL,295.97,6.0,296.0,2.0,4.0,0.0,2020-01-06 09:48:30.156126,295.98,296.01,0
2020-01-06 09:48:31,N,AAPL,295.98,2.0,296.01,5.0,-1.0,-1.0,2020-01-06 09:48:31.268138,295.96,295.99,0
2020-01-06 09:48:32,N,AAPL,295.96,1.0,295.99,1.0,-1.0,-4.0,2020-01-06 09:48:32.025318,295.91,295.95,-1
2020-01-06 09:48:33,N,AAPL,295.91,2.0,295.95,3.0,1.0,-1.0,2020-01-06 09:48:33.475788,295.93,295.96,0
2020-01-06 09:48:34,N,AAPL,295.93,2.0,295.96,1.0,0.0,0.0,2020-01-06 09:48:34.559705,295.93,295.97,0
2020-01-06 09:48:35,N,AAPL,295.93,2.0,295.97,1.0,-1.0,0.0,2020-01-06 09:48:35.242898,295.9,295.93,0
2020-01-06 09:48:36,N,AAPL,295.9,1.0,295.93,1.0,-2.0,0.0,2020-01-06 09:48:36.126504,295.86,295.9,0
2020-01-06 09:48:37,N,AAPL,295.86,1.0,295.9,4.0,-2.0,1.0,2020-01-06 09:48:37.250882,295.86,295.9,0
2020-01-06 09:48:38,N,AAPL,295.86,2.0,295.9,2.0,1.0,0.0,2020-01-06 09:48:38.547729,295.91,295.94,1
2020-01-06 09:48:39,N,AAPL,295.91,2.0,295.94,4.0,0.0,3.0,2020-01-06 09:48:39.129822,295.91,295.96,0
2020-01-06 09:48:40,N,AAPL,295.91,4.0,295.96,3.0,1.0,1.0,2020-01-06 09:48:40.053664,295.93,295.96,0
2020-01-06 09:48:41,N,AAPL,295.93,2.0,295.96,1.0,-1.0,-2.0,2020-01-06 09:48:41.151488,295.99,296.04,1
2020-01-06 09:48:43,N,AAPL,295.99,3.0,296.04,2.0,0.0,-1.0,2020-01-06 09:48:43.122820,295.96,296.0,0
2020-01-06 09:48:44,N,AAPL,295.96,2.0,296.0,3.0,0.0,1.0,2020-01-06 09:48:44.011754,295.99,296.03,0
2020-01-06 09:48:45,N,AAPL,295.99,4.0,296.03,2.0,2.0,1.0,2020-01-06 09:48:45.142852,296.01,296.04,0
2020-01-06 09:48:46,N,AAPL,296.01,4.0,296.04,2.0,1.0,1.0,2020-01-06 09:48:46.100011,295.99,296.04,0
2020-01-06 09:48:47,N,AAPL,295.99,2.0,296.04,2.0,1.0,-1.0,2020-01-06 09:48:47.070941,295.99,296.04,0
2020-01-06 09:48:48,N,AAPL,295.99,2.0,296.04,3.0,0.0,1.0,2020-01-06 09:48:48.001837,295.98,296.0,0
2020-01-06 09:48:49,N,AAPL,295.98,2.0,296.0,5.0,1.0,2.0,2020-01-06 09:48:49.284421,295.93,295.99,0
2020-01-06 09:48:50,N,AAPL,295.93,2.0,295.99,2.0,0.0,0.0,2020-01-06 09:48:50.039369,295.95,295.99,0
2020-01-06 09:48:51,N,AAPL,295.95,2.0,295.99,4.0,-3.0,0.0,2020-01-06 09:48:51.271024,295.95,295.98,0
2020-01-06 09:48:52,N,AAPL,295.95,1.0,295.98,1.0,-2.0,0.0,2020-01-06 09:48:52.253199,295.92,295.96,0
2020-01-06 09:48:54,N,AAPL,295.92,2.0,295.96,4.0,1.0,3.0,2020-01-06 09:48:54.010075,295.93,295.96,0
2020-01-06 09:48:55,N,AAPL,295.93,2.0,295.96,2.0,0.0,-1.0,2020-01-06 09:48:55.071745,295.88,295.92,-1
2020-01-06 09:48:56,N,AAPL,295.88,1.0,295.92,3.0,-1.0,0.0,2020-01-06 09:48:56.018241,295.9,295.93,0
2020-01-06 09:48:57,N,AAPL,295.9,2.0,295.93,2.0,0.0,1.0,2020-01-06 09:48:57.399030,295.91,295.94,0
2020-01-06 09:48:58,N,AAPL,295.91,4.0,295.94,2.0,2.0,0.0,2020-01-06 09:48:58.597723,295.94,295.97,0
2020-01-06 09:48:59,N,AAPL,295.94,2.0,295.97,1.0,0.0,0.0,2020-01-06 09:48:59.197521,295.94,295.98,0
2020-01-06 09:49:00,N,AAPL,295.94,3.0,295.98,2.0,1.0,-4.0,2020-01-06 09:49:00.733366,295.99,296.01,1
2020-01-06 09:49:01,N,AAPL,295.99,2.0,296.01,2.0,0.0,1.0,2020-01-06 09:49:01.419582,296.01,296.04,0
2020-01-06 09:49:02,N,AAPL,296.01,2.0,296.04,1.0,0.0,-5.0,2020-01-06 09:49:02.381696,296.0,296.01,0
2020-01-06 09:49:06,N,AAPL,296.0,2.0,296.01,2.0,0.0,-18.0,2020-01-06 09:49:06.472310,296.0,296.0,0
2020-01-06 09:49:07,N,AAPL,296.0,1.0,296.0,4.0,-1.0,2.0,2020-01-06 09:49:07.066470,295.99,296.03,0
2020-01-06 09:49:08,N,AAPL,295.99,1.0,296.03,5.0,-1.0,3.0,2020-01-06 09:49:08.017860,296.01,296.04,0
2020-01-06 09:49:09,N,AAPL,296.01,2.0,296.04,1.0,0.0,-1.0,2020-01-06 09:49:09.008796,296.01,296.04,0
2020-01-06 09:49:10,N,AAPL,296.01,3.0,296.04,4.0,1.0,-16.0,2020-01-06 09:49:10.301739,296.01,296.04,0
2020-01-06 09:49:11,N,AAPL,296.01,3.0,296.04,4.0,-1.0,3.0,2020-01-06 09:49:11.108305,296.0,296.03,0
2020-01-06 09:49:12,N,AAPL,296.0,1.0,296.03,3.0,0.0,2.0,2020-01-06 09:49:12.015653,295.99,296.03,0
2020-01-06 09:49:13,N,AAPL,295.99,4.0,296.03,2.0,2.0,0.0,2020-01-06 09:49:13.153217,295.94,295.98,-1
2020-01-06 09:49:14,N,AAPL,295.94,2.0,295.98,1.0,0.0,0.0,2020-01-06 09:49:14.010000,295.96,296.0,0
2020-01-06 09:49:15,N,AAPL,295.96,2.0,296.0,3.0,0.0,2.0,2020-01-06 09:49:15.002898,295.98,296.01,0
2020-01-06 09:49:16,N,AAPL,295.98,2.0,296.01,1.0,-2.0,-1.0,2020-01-06 09:49:16.401501,296.0,296.03,0
2020-01-06 09:49:19,N,AAPL,296.0,4.0,296.03,3.0,1.0,2.0,2020-01-06 09:49:19.707263,295.99,296.03,0
