last_interval,Exchange,Symbol,Best_Bid_Price,FB0,Best_Offer_Price,FA0,FB2,FA2,p_time,Next_Best_Bid,Next_Best_Offer,outcome
2020-01-09 09:30:00,N,AAPL,307.14,2.0,307.22,1.0,-1.0,0.0,2020-01-09 09:30:00.247996,307.35,307.35,1
2020-01-09 09:30:01,N,AAPL,307.35,6.0,307.35,14.0,1.0,11.0,2020-01-09 09:30:01.573813,307.37,307.43,1
2020-01-09 09:30:02,N,AAPL,307.37,3.0,307.43,1.0,-3.0,-13.0,2020-01-09 09:30:02.620220,307.31,307.32,-1
2020-01-09 09:30:03,N,AAPL,307.31,1.0,307.32,6.0,-2.0,5.0,2020-01-09 09:30:03.430328,307.36,307.37,1
2020-01-09 09:30:05,N,AAPL,307.36,1.0,307.37,67.0,0.0,61.0,2020-01-09 09:30:05.864792,307.34,307.34,-1
2020-01-09 09:30:06,N,AAPL,307.34,1.0,307.34,1.0,0.0,-66.0,2020-01-09 09:30:06.084392,307.51,307.54,1
2020-01-09 09:30:16,N,AAPL,307.51,4.0,307.54,1.0,1.0,0.0,2020-01-09 09:30:16.406721,307.69,307.7,1
2020-01-09 09:30:17,N,AAPL,307.69,2.0,307.7,14.0,-2.0,13.0,2020-01-09 09:30:17.465739,307.7,307.75,0
2020-01-09 09:30:18,N,AAPL,307.7,1.0,307.75,8.0,0.0,0.0,2020-01-09 09:30:18.044622,307.5,307.59,-1
2020-01-09 09:30:20,N,AAPL,307.5,8.0,307.59,3.0,7.0,-5.0,2020-01-09 09:30:20.994628,307.5,307.59,0
2020-01-09 09:30:21,N,AAPL,307.5,8.0,307.59,5.0,0.0,2.0,2020-01-09 09:30:21.474367,307.5,307.55,0
2020-01-09 09:30:22,N,AAPL,307.5,4.0,307.55,2.0,2.0,-1.0,2020-01-09 09:30:22.192777,307.53,307.57,0
2020-01-09 09:30:23,N,AAPL,307.53,1.0,307.57,1.0,0.0,0.0,2020-01-09 09:30:23.335613,307.51,307.55,0
2020-01-09 09:30:24,N,AAPL,307.51,1.0,307.55,4.0,-1.0,3.0,2020-01-09 09:30:24.180030,307.56,307.6,1
2020-01-09 09:30:25,N,AAPL,307.56,4.0,307.6,1.0,3.0,-12.0,2020-01-09 09:30:25.596622,307.63,307.67,1
2020-01-09 09:30:26,N,AAPL,307.63,5.0,307.67,2.0,1.0,0.0,2020-01-09 09:30:26.738801,307.61,307.72,0
2020-01-09 09:30:27,N,AAPL,307.61,4.0,307.72,1.0,2.0,-2.0,2020-01-09 09:30:27.965941,307.61,307.64,0
2020-01-09 09:30:28,N,AAPL,307.61,1.0,307.64,13.0,-3.0,12.0,2020-01-09 09:30:28.079067,307.62,307.69,0
2020-01-09 09:30:29,N,AAPL,307.62,3.0,307.69,12.0,2.0,10.0,2020-01-09 09:30:29.050737,307.74,307.76,1
2020-01-09 09:30:30,N,AAPL,307.74,2.0,307.76,2.0,1.0,-9.0,2020-01-09 09:30:30.459141,307.73,307.63,-1
2020-01-09 09:30:31,N,AAPL,307.73,42.0,307.63,1.0,40.0,-1.0,2020-01-09 09:30:31.091910,307.73,307.76,1
2020-01-09 09:30:32,N,AAPL,307.73,1.0,307.76,14.0,-2.0,12.0,2020-01-09 09:30:32.586210,307.71,307.74,0
2020-01-09 09:30:33,N,AAPL,307.71,4.0,307.74,2.0,3.0,-4.0,2020-01-09 09:30:33.055406,307.83,307.87,1
2020-01-09 09:30:34,N,AAPL,307.83,2.0,307.87,14.0,-6.0,13.0,2020-01-09 09:30:34.203933,307.8,307.83,0
2020-01-09 09:30:35,N,AAPL,307.8,4.0,307.83,1.0,2.0,-13.0,2020-01-09 09:30:35.129795,307.81,307.84,0
2020-01-09 09:30:36,N,AAPL,307.81,1.0,307.84,1.0,-4.0,-1.0,2020-01-09 09:30:36.107893,307.79,307.82,0
2020-01-09 09:30:37,N,AAPL,307.79,5.0,307.82,1.0,0.0,-1.0,2020-01-09 09:30:37.231703,307.8,307.85,0
2020-01-09 09:30:38,N,AAPL,307.8,2.0,307.85,2.0,0.0,0.0,2020-01-09 09:30:38.336093,307.76,307.83,0
2020-01-09 09:30:39,N,AAPL,307.76,2.0,307.83,1.0,-1.0,0.0,2020-01-09 09:30:39.004267,307.79,307.85,0
2020-01-09 09:30:40,N,AAPL,307.79,5.0,307.85,2.0,0.0,1.0,2020-01-09 09:30:40.260708,307.81,307.85,0
2020-01-09 09:30:41,N,AAPL,307.81,2.0,307.85,1.0,-3.0,-1.0,2020-01-09 09:30:41.144546,307.9,307.95,1
2020-01-09 09:30:42,N,AAPL,307.9,1.0,307.95,2.0,0.0,1.0,2020-01-09 09:30:42.285184,307.98,307.99,1
2020-01-09 09:30:44,N,AAPL,307.98,1.0,307.99,1.0,0.0,-1.0,2020-01-09 09:30:44.034527,307.95,308.0,0
2020-01-09 09:30:46,N,AAPL,307.95,2.0,308.0,93.0,1.0,92.0,2020-01-09 09:30:46.036765,307.91,307.95,0
2020-01-09 09:30:47,N,AAPL,307.91,2.0,307.95,3.0,-4.0,1.0,2020-01-09 09:30:47.370255,307.87,307.91,0
2020-01-09 09:30:48,N,AAPL,307.87,1.0,307.91,1.0,-1.0,0.0,2020-01-09 09:30:48.045159,307.79,307.84,-1
2020-01-09 09:30:50,N,AAPL,307.79,2.0,307.84,7.0,1.0,3.0,2020-01-09 09:30:50.288760,307.81,307.88,0
2020-01-09 09:30:51,N,AAPL,307.81,1.0,307.88,4.0,-3.0,3.0,2020-01-09 09:30:51.383424,307.73,307.76,-1
2020-01-09 09:30:52,N,AAPL,307.73,1.0,307.76,1.0,-1.0,-3.0,2020-01-09 09:30:52.098976,307.73,307.75,0
2020-01-09 09:30:53,N,AAPL,307.73,1.0,307.75,12.0,0.0,11.0,2020-01-09 09:30:53.086189,307.81,307.87,1
2020-01-09 09:30:54,N,AAPL,307.81,2.0,307.87,23.0,0.0,13.0,2020-01-09 09:30:54.088321,307.82,307.89,0
2020-01-09 09:30:55,N,AAPL,307.82,4.0,307.89,17.0,2.0,0.0,2020-01-09 09:30:55.042469,307.83,307.88,0
2020-01-09 09:30:57,N,AAPL,307.83,4.0,307.88,2.0,-1.0,1.0,2020-01-09 09:30:57.238857,307.82,307.85,0
2020-01-09 09:30:58,N,AAPL,307.82,1.0,307.85,1.0,0.0,-1.0,2020-01-09 09:30:58.081994,307.73,307.77,-1
2020-01-09 09:30:59,N,AAPL,307.73,2.0,307.77,2.0,1.0,1.0,2020-01-09 09:30:59.263650,307.67,307.72,-1
2020-01-09 09:31:00,N,AAPL,307.67,2.0,307.72,2.0,1.0,1.0,2020-01-09 09:31:00.016817,307.74,307.81,1
2020-01-09 09:31:01,N,AAPL,307.74,2.0,307.81,2.0,0.0,1.0,2020-01-09 09:31:01.430924,307.7,307.74,0
2020-01-09 09:31:02,N,AAPL,307.7,1.0,307.74,6.0,-1.0,4.0,2020-01-09 09:31:02.586282,307.73,307.8,0
2020-01-09 09:31:03,N,AAPL,307.73,4.0,307.8,1.0,2.0,0.0,2020-01-09 09:31:03.164930,307.78,307.83,0
2020-01-09 09:31:04,N,AAPL,307.78,1.0,307.83,2.0,0.0,1.0,2020-01-09 09:31:04.024095,307.92,307.96,1
2020-01-09 09:31:05,N,AAPL,307.92,2.0,307.96,2.0,-4.0,1.0,2020-01-09 09:31:05.860838,307.96,307.98,0
2020-01-09 09:31:07,N,AAPL,307.96,2.0,307.98,8.0,0.0,7.0,2020-01-09 09:31:07.138223,307.96,307.99,0
2020-01-09 09:31:08,N,AAPL,307.96,2.0,307.99,7.0,0.0,-60.0,2020-01-09 09:31:08.543482,307.98,308.0,0
2020-01-09 09:31:09,N,AAPL,307.98,2.0,308.0,48.0,0.0,-2.0,2020-01-09 09:31:09.228711,308.0,308.04,0
2020-01-09 09:31:10,N,AAPL,308.0,2.0,308.04,1.0,0.0,-46.0,2020-01-09 09:31:10.605754,308.0,308.05,0
2020-01-09 09:31:11,N,AAPL,308.0,2.0,308.05,7.0,0.0,6.0,2020-01-09 09:31:11.576278,308.0,308.04,0
2020-01-09 09:31:12,N,AAPL,308.0,1.0,308.04,1.0,-1.0,-1.0,2020-01-09 09:31:12.389939,308.01,308.08,0
2020-01-09 09:31:14,N,AAPL,308.01,1.0,308.08,4.0,-3.0,2.0,2020-01-09 09:31:14.140150,308.01,308.08,0
2020-01-09 09:31:15,N,AAPL,308.01,2.0,308.08,1.0,0.0,-1.0,2020-01-09 09:31:15.287685,308.02,308.09,0
2020-01-09 09:31:16,N,AAPL,308.02,2.0,308.09,4.0,1.0,0.0,2020-01-09 09:31:16.527474,308.02,308.09,0
2020-01-09 09:31:17,N,AAPL,308.02,2.0,308.09,4.0,1.0,0.0,2020-01-09 09:31:17.142386,308.04,308.09,0
2020-01-09 09:31:18,N,AAPL,308.04,1.0,308.09,2.0,-1.0,-2.0,2020-01-09 09:31:18.158473,308.01,308.05,0
2020-01-09 09:31:19,N,AAPL,308.01,2.0,308.05,3.0,-2.0,0.0,2020-01-09 09:31:19.008532,308.01,308.06,0
2020-01-09 09:31:20,N,AAPL,308.01,4.0,308.06,5.0,-11.0,3.0,2020-01-09 09:31:20.060887,307.95,308.03,0
2020-01-09 09:31:21,N,AAPL,307.95,2.0,308.03,2.0,0.0,1.0,2020-01-09 09:31:21.277509,307.93,307.97,0
2020-01-09 09:31:22,N,AAPL,307.93,1.0,307.97,2.0,-7.0,-2.0,2020-01-09 09:31:22.264279,307.93,307.97,0
2020-01-09 09:31:23,N,AAPL,307.93,2.0,307.97,2.0,1.0,0.0,2020-01-09 09:31:23.072387,307.82,307.87,-1
2020-01-09 09:31:25,N,AAPL,307.82,4.0,307.87,10.0,1.0,9.0,2020-01-09 09:31:25.663117,307.85,307.91,0
2020-01-09 09:31:26,N,AAPL,307.85,2.0,307.91,2.0,1.0,0.0,2020-01-09 09:31:26.928489,307.86,307.9,0
2020-01-09 09:31:27,N,AAPL,307.86,4.0,307.9,3.0,2.0,1.0,2020-01-09 09:31:27.725048,307.89,307.95,0
2020-01-09 09:31:28,N,AAPL,307.89,4.0,307.95,5.0,2.0,3.0,2020-01-09 09:31:28.101189,307.94,307.99,0
2020-01-09 09:31:29,N,AAPL,307.94,1.0,307.99,2.0,0.0,0.0,2020-01-09 09:31:29.821774,307.88,307.96,0
2020-01-09 09:31:31,N,AAPL,307.88,1.0,307.96,4.0,-1.0,3.0,2020-01-09 09:31:31.398393,307.97,308.01,1
2020-01-09 09:31:32,N,AAPL,307.97,2.0,308.01,3.0,-1.0,-3.0,2020-01-09 09:31:32.842450,307.9,307.99,0
2020-01-09 09:31:33,N,AAPL,307.9,1.0,307.99,2.0,0.0,-4.0,2020-01-09 09:31:33.174779,307.92,308.0,0
2020-01-09 09:31:34,N,AAPL,307.92,3.0,308.0,4.0,1.0,0.0,2020-01-09 09:31:34.136682,307.81,307.87,-1
2020-01-09 09:31:35,N,AAPL,307.81,8.0,307.87,2.0,4.0,0.0,2020-01-09 09:31:35.048794,307.81,307.88,0
2020-01-09 09:31:36,N,AAPL,307.81,2.0,307.88,3.0,1.0,1.0,2020-01-09 09:31:36.879729,307.84,307.91,0
2020-01-09 09:31:37,N,AAPL,307.84,3.0,307.91,2.0,1.0,-1.0,2020-01-09 09:31:37.271960,307.92,307.97,1
2020-01-09 09:31:38,N,AAPL,307.92,1.0,307.97,2.0,-1.0,0.0,2020-01-09 09:31:38.162927,307.95,308.01,0
2020-01-09 09:31:39,N,AAPL,307.95,1.0,308.01,2.0,-1.0,0.0,2020-01-09 09:31:39.106086,308.0,308.05,0
2020-01-09 09:31:40,N,AAPL,308.0,1.0,308.05,2.0,-3.0,1.0,2020-01-09 09:31:40.255063,307.96,308.0,0
2020-01-09 09:31:41,N,AAPL,307.96,1.0,308.0,2.0,-1.0,0.0,2020-01-09 09:31:41.096502,307.95,308.0,0
2020-01-09 09:31:42,N,AAPL,307.95,1.0,308.0,2.0,0.0,0.0,2020-01-09 09:31:42.443705,307.81,307.85,-1
2020-01-09 09:31:43,N,AAPL,307.81,2.0,307.85,2.0,1.0,0.0,2020-01-09 09:31:43.084596,307.83,307.89,0
2020-01-09 09:31:44,N,AAPL,307.83,1.0,307.89,2.0,-3.0,1.0,2020-01-09 09:31:44.087858,307.87,307.92,0
2020-01-09 09:31:45,N,AAPL,307.87,1.0,307.92,4.0,0.0,2.0,2020-01-09 09:31:45.215011,307.85,307.92,0
2020-01-09 09:31:46,N,AAPL,307.85,4.0,307.92,2.0,3.0,-1.0,2020-01-09 09:31:46.090810,307.83,307.89,0
2020-01-09 09:31:47,N,AAPL,307.83,1.0,307.89,4.0,0.0,3.0,2020-01-09 09:31:47.273814,307.79,307.81,-1
2020-01-09 09:31:48,N,AAPL,307.79,1.0,307.81,10.0,-1.0,9.0,2020-01-09 09:31:48.107363,307.62,307.67,-1
2020-01-09 09:31:49,N,AAPL,307.62,1.0,307.67,1.0,-11.0,-1.0,2020-01-09 09:31:49.127891,307.66,307.73,0
2020-01-09 09:31:50,N,AAPL,307.66,1.0,307.73,2.0,-1.0,0.0,2020-01-09 09:31:50.507604,307.68,307.76,0
2020-01-09 09:31:51,N,AAPL,307.68,4.0,307.76,2.0,2.0,1.0,2020-01-09 09:31:51.640709,307.69,307.76,0
2020-01-09 09:31:52,N,AAPL,307.69,2.0,307.76,1.0,0.0,0.0,2020-01-09 09:31:52.375612,307.69,307.73,0
2020-01-09 09:31:53,N,AAPL,307.69,2.0,307.73,1.0,0.0,0.0,2020-01-09 09:31:53.284241,307.69,307.76,0
2020-01-09 09:31:54,N,AAPL,307.69,1.0,307.76,19.0,-1.0,18.0,2020-01-09 09:31:54.257534,307.69,307.76,0
2020-01-09 09:31:55,N,AAPL,307.69,11.0,307.76,2.0,9.0,-2.0,2020-01-09 09:31:55.013434,307.62,307.67,-1
2020-01-09 09:31:56,N,AAPL,307.62,1.0,307.67,2.0,0.0,1.0,2020-01-09 09:31:56.044972,307.61,307.68,0
2020-01-09 09:31:57,N,AAPL,307.61,1.0,307.68,1.0,0.0,-1.0,2020-01-09 09:31:57.978913,307.62,307.69,0
2020-01-09 09:31:58,N,AAPL,307.62,4.0,307.69,1.0,3.0,0.0,2020-01-09 09:31:58.227163,307.73,307.78,1
2020-01-09 09:31:59,N,AAPL,307.73,2.0,307.78,1.0,0.0,0.0,2020-01-09 09:31:59.009981,307.74,307.78,0
2020-01-09 09:32:00,N,AAPL,307.74,1.0,307.78,2.0,0.0,0.0,2020-01-09 09:32:00.875901,307.71,307.79,0
2020-01-09 09:32:01,N,AAPL,307.71,2.0,307.79,1.0,0.0,-2.0,2020-01-09 09:32:01.208365,307.74,307.78,0
2020-01-09 09:32:02,N,AAPL,307.74,1.0,307.78,2.0,-1.0,0.0,2020-01-09 09:32:02.083619,307.83,307.88,1
2020-01-09 09:32:04,N,AAPL,307.83,2.0,307.88,1.0,-2.0,-1.0,2020-01-09 09:32:04.010355,307.85,307.9,0
2020-01-09 09:32:05,N,AAPL,307.85,1.0,307.9,44.0,0.0,43.0,2020-01-09 09:32:05.260468,307.89,307.91,0
2020-01-09 09:32:06,N,AAPL,307.89,2.0,307.91,23.0,1.0,17.0,2020-01-09 09:32:06.299146,307.82,307.89,0
2020-01-09 09:32:07,N,AAPL,307.82,1.0,307.89,4.0,-2.0,3.0,2020-01-09 09:32:07.197082,307.77,307.84,0
2020-01-09 09:32:08,N,AAPL,307.77,2.0,307.84,2.0,0.0,1.0,2020-01-09 09:32:08.165481,307.75,307.8,0
2020-01-09 09:32:09,N,AAPL,307.75,2.0,307.8,3.0,1.0,1.0,2020-01-09 09:32:09.844141,307.72,307.75,0
2020-01-09 09:32:10,N,AAPL,307.72,1.0,307.75,1.0,-1.0,-1.0,2020-01-09 09:32:10.241120,307.77,307.85,1
2020-01-09 09:32:11,N,AAPL,307.77,5.0,307.85,2.0,2.0,0.0,2020-01-09 09:32:11.461551,307.8,307.88,0
2020-01-09 09:32:12,N,AAPL,307.8,3.0,307.88,1.0,0.0,0.0,2020-01-09 09:32:12.499772,307.8,307.88,0
2020-01-09 09:32:13,N,AAPL,307.8,3.0,307.88,3.0,0.0,2.0,2020-01-09 09:32:13.036808,307.77,307.82,0
2020-01-09 09:32:14,N,AAPL,307.77,1.0,307.82,1.0,-1.0,0.0,2020-01-09 09:32:14.001191,307.85,307.91,1
2020-01-09 09:32:15,N,AAPL,307.85,4.0,307.91,1.0,3.0,0.0,2020-01-09 09:32:15.068760,307.85,307.91,0
2020-01-09 09:32:16,N,AAPL,307.85,1.0,307.91,2.0,-1.0,1.0,2020-01-09 09:32:16.538246,307.86,307.91,0
2020-01-09 09:32:17,N,AAPL,307.86,2.0,307.91,4.0,0.0,-3.0,2020-01-09 09:32:17.594810,307.87,307.92,0
2020-01-09 09:32:18,N,AAPL,307.87,2.0,307.92,5.0,0.0,4.0,2020-01-09 09:32:18.213132,307.86,307.91,0
2020-01-09 09:32:19,N,AAPL,307.86,3.0,307.91,2.0,1.0,-3.0,2020-01-09 09:32:19.247882,307.85,307.9,0
2020-01-09 09:32:20,N,AAPL,307.85,1.0,307.9,4.0,-1.0,-1.0,2020-01-09 09:32:20.306124,307.91,307.93,1
2020-01-09 09:32:21,N,AAPL,307.91,2.0,307.93,2.0,1.0,-3.0,2020-01-09 09:32:21.265359,307.94,307.99,1
2020-01-09 09:32:22,N,AAPL,307.94,1.0,307.99,1.0,-1.0,-2.0,2020-01-09 09:32:22.705349,307.94,307.99,0
2020-01-09 09:32:23,N,AAPL,307.94,2.0,307.99,1.0,1.0,0.0,2020-01-09 09:32:23.331516,307.94,307.99,0
2020-01-09 09:32:24,N,AAPL,307.94,1.0,307.99,2.0,0.0,0.0,2020-01-09 09:32:24.471415,307.92,307.97,0
2020-01-09 09:32:25,N,AAPL,307.92,1.0,307.97,2.0,0.0,1.0,2020-01-09 09:32:25.152577,307.92,307.97,0
2020-01-09 09:32:26,N,AAPL,307.92,3.0,307.97,2.0,0.0,1.0,2020-01-09 09:32:26.563289,307.9,307.95,0
2020-01-09 09:32:27,N,AAPL,307.9,3.0,307.95,2.0,0.0,1.0,2020-01-09 09:32:27.236624,307.91,307.95,0
2020-01-09 09:32:28,N,AAPL,307.91,2.0,307.95,3.0,-1.0,1.0,2020-01-09 09:32:28.151195,307.91,307.95,0
2020-01-09 09:32:29,N,AAPL,307.91,3.0,307.95,1.0,1.0,0.0,2020-01-09 09:32:29.220561,308.0,308.01,1
2020-01-09 09:32:35,N,AAPL,308.0,1.0,308.01,1.0,-1.0,-1.0,2020-01-09 09:32:35.050263,307.99,308.03,0
2020-01-09 09:32:37,N,AAPL,307.99,4.0,308.03,12.0,3.0,11.0,2020-01-09 09:32:37.656795,307.98,308.03,0
2020-01-09 09:32:38,N,AAPL,307.98,4.0,308.03,4.0,0.0,-8.0,2020-01-09 09:32:38.009919,307.97,308.03,0
2020-01-09 09:32:40,N,AAPL,307.97,1.0,308.03,2.0,-2.0,-1.0,2020-01-09 09:32:40.125372,307.96,308.02,0
2020-01-09 09:32:41,N,AAPL,307.96,2.0,308.02,4.0,1.0,2.0,2020-01-09 09:32:41.045580,307.96,308.0,0
2020-01-09 09:32:42,N,AAPL,307.96,1.0,308.0,4.0,0.0,3.0,2020-01-09 09:32:42.072814,307.9,307.92,-1
2020-01-09 09:32:43,N,AAPL,307.9,3.0,307.92,4.0,2.0,3.0,2020-01-09 09:32:43.171603,307.9,307.93,0
2020-01-09 09:32:46,N,AAPL,307.9,3.0,307.93,1.0,2.0,0.0,2020-01-09 09:32:46.244764,307.86,307.89,-1
2020-01-09 09:32:48,N,AAPL,307.86,2.0,307.89,2.0,0.0,1.0,2020-01-09 09:32:48.140950,307.84,307.89,0
2020-01-09 09:32:49,N,AAPL,307.84,4.0,307.89,4.0,2.0,-2.0,2020-01-09 09:32:49.235279,307.85,307.91,0
2020-01-09 09:32:50,N,AAPL,307.85,1.0,307.91,2.0,-1.0,0.0,2020-01-09 09:32:50.021543,307.84,307.89,0
2020-01-09 09:32:53,N,AAPL,307.84,2.0,307.89,1.0,1.0,0.0,2020-01-09 09:32:53.267714,307.82,307.87,0
2020-01-09 09:32:54,N,AAPL,307.82,2.0,307.87,2.0,1.0,0.0,2020-01-09 09:32:54.071471,307.73,307.76,-1
2020-01-09 09:32:55,N,AAPL,307.73,2.0,307.76,1.0,-9.0,-1.0,2020-01-09 09:32:55.533210,307.7,307.74,0
2020-01-09 09:32:56,N,AAPL,307.7,1.0,307.74,2.0,0.0,1.0,2020-01-09 09:32:56.150598,307.7,307.74,0
2020-01-09 09:32:57,N,AAPL,307.7,4.0,307.74,3.0,2.0,-1.0,2020-01-09 09:32:57.068395,307.72,307.75,0
2020-01-09 09:32:58,N,AAPL,307.72,2.0,307.75,2.0,-2.0,-1.0,2020-01-09 09:32:58.234875,307.76,307.83,1
2020-01-09 09:32:59,N,AAPL,307.76,1.0,307.83,2.0,-3.0,1.0,2020-01-09 09:32:59.679962,307.75,307.81,0
2020-01-09 09:33:00,N,AAPL,307.75,1.0,307.81,1.0,-1.0,-1.0,2020-01-09 09:33:00.186827,307.8,307.83,0
2020-01-09 09:33:01,N,AAPL,307.8,1.0,307.83,1.0,0.0,0.0,2020-01-09 09:33:01.194894,307.76,307.81,0
2020-01-09 09:33:02,N,AAPL,307.76,1.0,307.81,2.0,0.0,-2.0,2020-01-09 09:33:02.140156,307.8,307.85,0
2020-01-09 09:33:03,N,AAPL,307.8,4.0,307.85,2.0,1.0,1.0,2020-01-09 09:33:03.543690,307.86,307.93,1
2020-01-09 09:33:04,N,AAPL,307.86,1.0,307.93,2.0,0.0,-2.0,2020-01-09 09:33:04.117960,307.89,307.93,0
2020-01-09 09:33:05,N,AAPL,307.89,1.0,307.93,1.0,-2.0,-4.0,2020-01-09 09:33:05.152794,307.86,307.91,0
2020-01-09 09:33:06,N,AAPL,307.86,2.0,307.91,1.0,1.0,-1.0,2020-01-09 09:33:06.060092,307.85,307.88,0
2020-01-09 09:33:08,N,AAPL,307.85,1.0,307.88,2.0,-1.0,1.0,2020-01-09 09:33:08.120676,307.76,307.81,-1
2020-01-09 09:33:09,N,AAPL,307.76,5.0,307.81,2.0,3.0,-2.0,2020-01-09 09:33:09.698398,307.71,307.76,0
2020-01-09 09:33:10,N,AAPL,307.71,2.0,307.76,2.0,-3.0,1.0,2020-01-09 09:33:10.517513,307.7,307.75,0
2020-01-09 09:33:11,N,AAPL,307.7,4.0,307.75,1.0,3.0,-3.0,2020-01-09 09:33:11.270565,307.72,307.77,0
2020-01-09 09:33:12,N,AAPL,307.72,2.0,307.77,2.0,-11.0,0.0,2020-01-09 09:33:12.218410,307.71,307.77,0
2020-01-09 09:33:13,N,AAPL,307.71,2.0,307.77,2.0,-2.0,0.0,2020-01-09 09:33:13.520237,307.77,307.81,0
2020-01-09 09:33:16,N,AAPL,307.77,2.0,307.81,2.0,0.0,0.0,2020-01-09 09:33:16.030232,307.79,307.86,0
2020-01-09 09:33:17,N,AAPL,307.79,3.0,307.86,2.0,-1.0,1.0,2020-01-09 09:33:17.003850,307.86,307.88,0
2020-01-09 09:33:18,N,AAPL,307.86,2.0,307.88,1.0,1.0,0.0,2020-01-09 09:33:18.104436,307.83,307.91,0
2020-01-09 09:33:19,N,AAPL,307.83,2.0,307.91,2.0,-2.0,0.0,2020-01-09 09:33:19.097662,307.85,307.92,0
2020-01-09 09:33:20,N,AAPL,307.85,1.0,307.92,2.0,-3.0,0.0,2020-01-09 09:33:20.095967,307.83,307.89,0
2020-01-09 09:33:21,N,AAPL,307.83,4.0,307.89,2.0,0.0,1.0,2020-01-09 09:33:21.013620,307.83,307.89,0
2020-01-09 09:33:22,N,AAPL,307.83,1.0,307.89,1.0,0.0,-1.0,2020-01-09 09:33:22.103078,307.76,307.82,-1
2020-01-09 09:33:23,N,AAPL,307.76,1.0,307.82,2.0,-1.0,0.0,2020-01-09 09:33:23.107141,307.78,307.82,0
2020-01-09 09:33:24,N,AAPL,307.78,1.0,307.82,2.0,0.0,0.0,2020-01-09 09:33:24.090880,307.8,307.88,0
2020-01-09 09:33:25,N,AAPL,307.8,4.0,307.88,4.0,3.0,2.0,2020-01-09 09:33:25.722967,307.91,307.98,1
2020-01-09 09:33:26,N,AAPL,307.91,4.0,307.98,2.0,3.0,-2.0,2020-01-09 09:33:26.378491,307.96,308.04,0
2020-01-09 09:33:27,N,AAPL,307.96,2.0,308.04,2.0,0.0,1.0,2020-01-09 09:33:27.133976,307.96,308.01,0
2020-01-09 09:33:28,N,AAPL,307.96,2.0,308.01,1.0,0.0,0.0,2020-01-09 09:33:28.650889,307.97,308.04,0
2020-01-09 09:33:29,N,AAPL,307.97,2.0,308.04,2.0,0.0,1.0,2020-01-09 09:33:29.278714,308.02,308.05,0
2020-01-09 09:33:30,N,AAPL,308.02,2.0,308.05,1.0,0.0,-2.0,2020-01-09 09:33:30.290667,308.07,308.1,1
2020-01-09 09:33:31,N,AAPL,308.07,2.0,308.1,2.0,1.0,1.0,2020-01-09 09:33:31.891644,308.12,308.16,1
2020-01-09 09:33:32,N,AAPL,308.12,2.0,308.16,7.0,1.0,6.0,2020-01-09 09:33:32.154332,308.1,308.14,0
2020-01-09 09:33:33,N,AAPL,308.1,1.0,308.14,1.0,0.0,0.0,2020-01-09 09:33:33.534351,308.13,308.17,0
2020-01-09 09:33:35,N,AAPL,308.13,1.0,308.17,2.0,-4.0,0.0,2020-01-09 09:33:35.431686,308.16,308.19,0
2020-01-09 09:33:36,N,AAPL,308.16,1.0,308.19,1.0,0.0,0.0,2020-01-09 09:33:36.210547,308.17,308.19,0
2020-01-09 09:33:38,N,AAPL,308.17,3.0,308.19,2.0,0.0,1.0,2020-01-09 09:33:38.228133,308.13,308.17,0
2020-01-09 09:33:39,N,AAPL,308.13,1.0,308.17,4.0,-17.0,3.0,2020-01-09 09:33:39.531910,308.16,308.2,0
2020-01-09 09:33:40,N,AAPL,308.16,4.0,308.2,1.0,-24.0,-1.0,2020-01-09 09:33:40.629387,308.2,308.24,0
2020-01-09 09:33:41,N,AAPL,308.2,31.0,308.24,1.0,27.0,0.0,2020-01-09 09:33:41.491479,308.18,308.21,0
2020-01-09 09:33:42,N,AAPL,308.18,2.0,308.21,1.0,-29.0,0.0,2020-01-09 09:33:42.573381,308.17,308.21,0
2020-01-09 09:33:43,N,AAPL,308.17,26.0,308.21,1.0,25.0,-1.0,2020-01-09 09:33:43.053019,308.15,308.18,0
2020-01-09 09:33:45,N,AAPL,308.15,1.0,308.18,2.0,-25.0,0.0,2020-01-09 09:33:45.182991,308.15,308.22,0
2020-01-09 09:33:46,N,AAPL,308.15,1.0,308.22,2.0,-3.0,0.0,2020-01-09 09:33:46.782977,308.08,308.12,-1
2020-01-09 09:33:47,N,AAPL,308.08,1.0,308.12,4.0,-1.0,2.0,2020-01-09 09:33:47.059724,308.08,308.14,0
2020-01-09 09:33:48,N,AAPL,308.08,1.0,308.14,4.0,-1.0,2.0,2020-01-09 09:33:48.098173,308.17,308.22,1
2020-01-09 09:33:49,N,AAPL,308.17,1.0,308.22,2.0,0.0,-1.0,2020-01-09 09:33:49.029446,308.17,308.22,0
2020-01-09 09:33:50,N,AAPL,308.17,2.0,308.22,2.0,1.0,0.0,2020-01-09 09:33:50.081104,308.16,308.2,0
2020-01-09 09:33:51,N,AAPL,308.16,1.0,308.2,2.0,-23.0,1.0,2020-01-09 09:33:51.268956,308.17,308.2,0
2020-01-09 09:33:53,N,AAPL,308.17,3.0,308.2,7.0,1.0,2.0,2020-01-09 09:33:53.291709,308.19,308.21,0
2020-01-09 09:33:54,N,AAPL,308.19,2.0,308.21,2.0,0.0,-6.0,2020-01-09 09:33:54.018191,308.24,308.29,1
2020-01-09 09:33:55,N,AAPL,308.24,4.0,308.29,11.0,-21.0,9.0,2020-01-09 09:33:55.086626,308.19,308.24,0
2020-01-09 09:33:56,N,AAPL,308.19,2.0,308.24,2.0,-1.0,0.0,2020-01-09 09:33:56.140789,308.14,308.21,0
2020-01-09 09:33:57,N,AAPL,308.14,1.0,308.21,2.0,-3.0,0.0,2020-01-09 09:33:57.240223,308.15,308.19,0
2020-01-09 09:33:58,N,AAPL,308.15,1.0,308.19,5.0,-1.0,0.0,2020-01-09 09:33:58.092025,308.06,308.09,-1
2020-01-09 09:34:00,N,AAPL,308.06,2.0,308.09,2.0,-8.0,-1.0,2020-01-09 09:34:00.483604,308.0,308.02,-1
2020-01-09 09:34:02,N,AAPL,308.0,5.0,308.02,4.0,4.0,3.0,2020-01-09 09:34:02.117133,307.99,308.04,0
2020-01-09 09:34:03,N,AAPL,307.99,1.0,308.04,2.0,-1.0,1.0,2020-01-09 09:34:03.337426,307.99,308.04,0
2020-01-09 09:34:04,N,AAPL,307.99,1.0,308.04,4.0,-1.0,3.0,2020-01-09 09:34:04.114388,308.0,308.05,0
2020-01-09 09:34:05,N,AAPL,308.0,1.0,308.05,1.0,0.0,0.0,2020-01-09 09:34:05.082455,307.93,307.99,-1
2020-01-09 09:34:06,N,AAPL,307.93,1.0,307.99,5.0,0.0,3.0,2020-01-09 09:34:06.643086,307.89,307.91,-1
2020-01-09 09:34:07,N,AAPL,307.89,1.0,307.91,4.0,0.0,-1.0,2020-01-09 09:34:07.841364,307.88,307.92,0
2020-01-09 09:34:09,N,AAPL,307.88,2.0,307.92,2.0,0.0,-2.0,2020-01-09 09:34:09.475483,307.87,307.91,0
2020-01-09 09:34:10,N,AAPL,307.87,1.0,307.91,1.0,-1.0,-1.0,2020-01-09 09:34:10.110239,307.87,307.91,0
2020-01-09 09:34:11,N,AAPL,307.87,1.0,307.91,1.0,-1.0,0.0,2020-01-09 09:34:11.001039,307.85,307.89,0
2020-01-09 09:34:12,N,AAPL,307.85,4.0,307.89,4.0,3.0,3.0,2020-01-09 09:34:12.258451,307.78,307.84,-1
2020-01-09 09:34:13,N,AAPL,307.78,1.0,307.84,1.0,-1.0,-3.0,2020-01-09 09:34:13.169805,307.77,307.78,0
2020-01-09 09:34:14,N,AAPL,307.77,1.0,307.78,2.0,0.0,1.0,2020-01-09 09:34:14.019691,307.75,307.79,0
2020-01-09 09:34:15,N,AAPL,307.75,2.0,307.79,1.0,0.0,-1.0,2020-01-09 09:34:15.583331,307.72,307.76,0
2020-01-09 09:34:16,N,AAPL,307.72,2.0,307.76,2.0,0.0,1.0,2020-01-09 09:34:16.080233,307.63,307.68,-1
2020-01-09 09:34:17,N,AAPL,307.63,2.0,307.68,4.0,0.0,2.0,2020-01-09 09:34:17.902912,307.6,307.64,0
2020-01-09 09:34:18,N,AAPL,307.6,1.0,307.64,1.0,0.0,-1.0,2020-01-09 09:34:18.644177,307.6,307.64,0
2020-01-09 09:34:19,N,AAPL,307.6,1.0,307.64,1.0,0.0,0.0,2020-01-09 09:34:19.173059,307.55,307.59,-1
2020-01-09 09:34:20,N,AAPL,307.55,2.0,307.59,4.0,0.0,1.0,2020-01-09 09:34:20.777558,307.53,307.57,0
2020-01-09 09:34:21,N,AAPL,307.53,2.0,307.57,2.0,0.0,-2.0,2020-01-09 09:34:21.053459,307.37,307.4,-1
2020-01-09 09:34:22,N,AAPL,307.37,2.0,307.4,2.0,1.0,0.0,2020-01-09 09:34:22.805579,307.3,307.36,-1
2020-01-09 09:34:23,N,AAPL,307.3,3.0,307.36,2.0,1.0,0.0,2020-01-09 09:34:23.010064,307.34,307.39,0
2020-01-09 09:34:24,N,AAPL,307.34,1.0,307.39,2.0,-3.0,-1.0,2020-01-09 09:34:24.138906,307.32,307.37,0
2020-01-09 09:34:25,N,AAPL,307.32,1.0,307.37,10.0,-1.0,7.0,2020-01-09 09:34:25.005166,307.38,307.4,1
2020-01-09 09:34:26,N,AAPL,307.38,2.0,307.4,2.0,0.0,1.0,2020-01-09 09:34:26.783967,307.36,307.4,0
2020-01-09 09:34:27,N,AAPL,307.36,1.0,307.4,1.0,-1.0,0.0,2020-01-09 09:34:27.028426,307.38,307.44,0
2020-01-09 09:34:28,N,AAPL,307.38,2.0,307.44,1.0,0.0,0.0,2020-01-09 09:34:28.349362,307.41,307.45,0
2020-01-09 09:34:29,N,AAPL,307.41,4.0,307.45,2.0,3.0,1.0,2020-01-09 09:34:29.092709,307.37,307.42,0
2020-01-09 09:34:30,N,AAPL,307.37,2.0,307.42,4.0,-2.0,3.0,2020-01-09 09:34:30.991015,307.37,307.42,0
2020-01-09 09:34:31,N,AAPL,307.37,4.0,307.42,2.0,3.0,1.0,2020-01-09 09:34:31.609174,307.4,307.44,0
2020-01-09 09:34:32,N,AAPL,307.4,2.0,307.44,1.0,-2.0,0.0,2020-01-09 09:34:32.847962,307.37,307.44,0
2020-01-09 09:34:33,N,AAPL,307.37,2.0,307.44,5.0,0.0,3.0,2020-01-09 09:34:33.040825,307.41,307.44,0
2020-01-09 09:34:34,N,AAPL,307.41,2.0,307.44,2.0,0.0,1.0,2020-01-09 09:34:34.615885,307.43,307.47,0
2020-01-09 09:34:35,N,AAPL,307.43,1.0,307.47,4.0,-3.0,1.0,2020-01-09 09:34:35.150897,307.45,307.49,0
2020-01-09 09:34:36,N,AAPL,307.45,2.0,307.49,1.0,1.0,-1.0,2020-01-09 09:34:36.395009,307.43,307.46,0
2020-01-09 09:34:39,N,AAPL,307.43,1.0,307.46,1.0,-1.0,-1.0,2020-01-09 09:34:39.332303,307.43,307.47,0
2020-01-09 09:34:40,N,AAPL,307.43,4.0,307.47,1.0,3.0,-1.0,2020-01-09 09:34:40.320745,307.34,307.36,-1
2020-01-09 09:34:41,N,AAPL,307.34,7.0,307.36,2.0,5.0,0.0,2020-01-09 09:34:41.855557,307.34,307.38,0
2020-01-09 09:34:42,N,AAPL,307.34,2.0,307.38,2.0,-5.0,1.0,2020-01-09 09:34:42.718976,307.41,307.45,1
2020-01-09 09:34:44,N,AAPL,307.41,2.0,307.45,1.0,0.0,0.0,2020-01-09 09:34:44.236029,307.51,307.56,1
2020-01-09 09:34:45,N,AAPL,307.51,2.0,307.56,2.0,0.0,1.0,2020-01-09 09:34:45.373330,307.58,307.62,1
2020-01-09 09:34:47,N,AAPL,307.58,4.0,307.62,1.0,3.0,-1.0,2020-01-09 09:34:47.951652,307.59,307.64,0
2020-01-09 09:34:48,N,AAPL,307.59,2.0,307.64,2.0,0.0,0.0,2020-01-09 09:34:48.233588,307.61,307.66,0
2020-01-09 09:34:49,N,AAPL,307.61,2.0,307.66,1.0,0.0,-1.0,2020-01-09 09:34:49.015665,307.53,307.58,-1
2020-01-09 09:34:50,N,AAPL,307.53,2.0,307.58,1.0,-2.0,-1.0,2020-01-09 09:34:50.497265,307.51,307.56,0
2020-01-09 09:34:51,N,AAPL,307.51,2.0,307.56,4.0,-2.0,3.0,2020-01-09 09:34:51.056208,307.54,307.6,0
2020-01-09 09:34:52,N,AAPL,307.54,2.0,307.6,1.0,1.0,-1.0,2020-01-09 09:34:52.102411,307.6,307.64,0
2020-01-09 09:34:53,N,AAPL,307.6,6.0,307.64,2.0,4.0,1.0,2020-01-09 09:34:53.814826,307.61,307.65,0
2020-01-09 09:34:54,N,AAPL,307.61,2.0,307.65,2.0,0.0,1.0,2020-01-09 09:34:54.984362,307.59,307.65,0
2020-01-09 09:34:55,N,AAPL,307.59,2.0,307.65,2.0,0.0,0.0,2020-01-09 09:34:55.025592,307.6,307.65,0
2020-01-09 09:34:56,N,AAPL,307.6,2.0,307.65,2.0,1.0,0.0,2020-01-09 09:34:56.933614,307.6,307.62,0
2020-01-09 09:34:59,N,AAPL,307.6,1.0,307.62,1.0,-1.0,-1.0,2020-01-09 09:34:59.224046,307.52,307.57,-1
2020-01-09 09:35:00,N,AAPL,307.52,2.0,307.57,1.0,0.0,0.0,2020-01-09 09:35:00.098660,307.52,307.54,0
2020-01-09 09:35:01,N,AAPL,307.52,2.0,307.54,2.0,0.0,-2.0,2020-01-09 09:35:01.165813,307.49,307.54,0
2020-01-09 09:35:02,N,AAPL,307.49,2.0,307.54,1.0,0.0,0.0,2020-01-09 09:35:02.017642,307.53,307.57,0
2020-01-09 09:35:03,N,AAPL,307.53,2.0,307.57,2.0,0.0,1.0,2020-01-09 09:35:03.417104,307.52,307.56,0
2020-01-09 09:35:04,N,AAPL,307.52,3.0,307.56,2.0,-3.0,0.0,2020-01-09 09:35:04.220281,307.48,307.52,0
2020-01-09 09:35:05,N,AAPL,307.48,9.0,307.52,1.0,7.0,0.0,2020-01-09 09:35:05.396943,307.47,307.49,0
2020-01-09 09:35:06,N,AAPL,307.47,1.0,307.49,4.0,-8.0,3.0,2020-01-09 09:35:06.741225,307.41,307.43,-1
2020-01-09 09:35:07,N,AAPL,307.41,6.0,307.43,2.0,4.0,1.0,2020-01-09 09:35:07.837072,307.4,307.43,0
2020-01-09 09:35:08,N,AAPL,307.4,3.0,307.43,4.0,-3.0,2.0,2020-01-09 09:35:08.022516,307.36,307.39,-1
2020-01-09 09:35:09,N,AAPL,307.36,1.0,307.39,2.0,-2.0,0.0,2020-01-09 09:35:09.626524,307.34,307.39,0
2020-01-09 09:35:10,N,AAPL,307.34,2.0,307.39,2.0,-2.0,0.0,2020-01-09 09:35:10.016274,307.3,307.35,0
2020-01-09 09:35:11,N,AAPL,307.3,4.0,307.35,1.0,3.0,-2.0,2020-01-09 09:35:11.361926,307.27,307.32,0
2020-01-09 09:35:12,N,AAPL,307.27,2.0,307.32,1.0,0.0,0.0,2020-01-09 09:35:12.007410,307.26,307.29,0
2020-01-09 09:35:13,N,AAPL,307.26,2.0,307.29,2.0,0.0,0.0,2020-01-09 09:35:13.070668,307.24,307.26,0
2020-01-09 09:35:14,N,AAPL,307.24,2.0,307.26,2.0,-7.0,-1.0,2020-01-09 09:35:14.589996,307.24,307.3,0
2020-01-09 09:35:15,N,AAPL,307.24,3.0,307.3,2.0,2.0,0.0,2020-01-09 09:35:15.001459,307.21,307.27,0
2020-01-09 09:35:16,N,AAPL,307.21,1.0,307.27,2.0,0.0,0.0,2020-01-09 09:35:16.022373,307.17,307.22,0
2020-01-09 09:35:17,N,AAPL,307.17,1.0,307.22,1.0,0.0,-1.0,2020-01-09 09:35:17.078596,307.13,307.16,-1
2020-01-09 09:35:18,N,AAPL,307.13,2.0,307.16,2.0,1.0,1.0,2020-01-09 09:35:18.027210,307.15,307.23,0
2020-01-09 09:35:19,N,AAPL,307.15,2.0,307.23,2.0,0.0,0.0,2020-01-09 09:35:19.032177,307.12,307.22,0
2020-01-09 09:35:20,N,AAPL,307.12,2.0,307.22,2.0,-2.0,0.0,2020-01-09 09:35:20.010600,307.16,307.2,0
2020-01-09 09:35:21,N,AAPL,307.16,1.0,307.2,1.0,0.0,-4.0,2020-01-09 09:35:21.002229,307.17,307.24,0
2020-01-09 09:35:22,N,AAPL,307.17,2.0,307.24,6.0,0.0,4.0,2020-01-09 09:35:22.051425,307.18,307.21,0
2020-01-09 09:35:23,N,AAPL,307.18,2.0,307.21,2.0,0.0,-1.0,2020-01-09 09:35:23.173294,307.12,307.19,0
2020-01-09 09:35:24,N,AAPL,307.12,2.0,307.19,2.0,0.0,0.0,2020-01-09 09:35:24.330921,307.13,307.19,0
2020-01-09 09:35:25,N,AAPL,307.13,5.0,307.19,2.0,3.0,1.0,2020-01-09 09:35:25.346337,307.13,307.19,0
2020-01-09 09:35:26,N,AAPL,307.13,2.0,307.19,4.0,-3.0,0.0,2020-01-09 09:35:26.066644,307.16,307.21,0
2020-01-09 09:35:27,N,AAPL,307.16,2.0,307.21,4.0,0.0,3.0,2020-01-09 09:35:27.000636,307.2,307.22,0
2020-01-09 09:35:28,N,AAPL,307.2,2.0,307.22,1.0,0.0,-1.0,2020-01-09 09:35:28.112222,307.18,307.23,0
2020-01-09 09:35:29,N,AAPL,307.18,2.0,307.23,2.0,1.0,1.0,2020-01-09 09:35:29.208893,307.23,307.28,0
2020-01-09 09:35:30,N,AAPL,307.23,2.0,307.28,4.0,0.0,3.0,2020-01-09 09:35:30.518332,307.15,307.19,-1
2020-01-09 09:35:32,N,AAPL,307.15,3.0,307.19,1.0,2.0,-1.0,2020-01-09 09:35:32.361630,307.18,307.21,0
2020-01-09 09:35:33,N,AAPL,307.18,1.0,307.21,2.0,0.0,1.0,2020-01-09 09:35:33.285606,307.22,307.25,1
2020-01-09 09:35:34,N,AAPL,307.22,2.0,307.25,3.0,0.0,0.0,2020-01-09 09:35:34.341120,307.23,307.25,0
2020-01-09 09:35:35,N,AAPL,307.23,1.0,307.25,1.0,-1.0,-2.0,2020-01-09 09:35:35.037766,307.16,307.24,0
2020-01-09 09:35:36,N,AAPL,307.16,3.0,307.24,2.0,1.0,0.0,2020-01-09 09:35:36.392653,307.13,307.22,0
2020-01-09 09:35:37,N,AAPL,307.13,2.0,307.22,3.0,0.0,1.0,2020-01-09 09:35:37.043153,307.12,307.16,0
2020-01-09 09:35:42,N,AAPL,307.12,1.0,307.16,2.0,0.0,0.0,2020-01-09 09:35:42.352950,307.11,307.19,0
2020-01-09 09:35:43,N,AAPL,307.11,5.0,307.19,4.0,3.0,2.0,2020-01-09 09:35:43.738195,307.02,307.06,-1
2020-01-09 09:35:45,N,AAPL,307.02,4.0,307.06,2.0,2.0,-1.0,2020-01-09 09:35:45.050685,307.11,307.18,1
2020-01-09 09:35:46,N,AAPL,307.11,3.0,307.18,2.0,1.0,0.0,2020-01-09 09:35:46.074509,307.19,307.22,1
2020-01-09 09:35:47,N,AAPL,307.19,2.0,307.22,2.0,0.0,0.0,2020-01-09 09:35:47.284425,307.23,307.28,1
2020-01-09 09:35:48,N,AAPL,307.23,2.0,307.28,1.0,0.0,-1.0,2020-01-09 09:35:48.230641,307.25,307.3,0
2020-01-09 09:35:49,N,AAPL,307.25,4.0,307.3,1.0,2.0,-3.0,2020-01-09 09:35:49.813620,307.24,307.29,0
2020-01-09 09:35:50,N,AAPL,307.24,1.0,307.29,2.0,-3.0,1.0,2020-01-09 09:35:50.290102,307.23,307.26,0
2020-01-09 09:35:51,N,AAPL,307.23,2.0,307.26,1.0,1.0,-1.0,2020-01-09 09:35:51.501733,307.17,307.24,0
2020-01-09 09:35:52,N,AAPL,307.17,3.0,307.24,1.0,2.0,0.0,2020-01-09 09:35:52.526248,307.25,307.3,1
2020-01-09 09:35:54,N,AAPL,307.25,1.0,307.3,1.0,-2.0,-1.0,2020-01-09 09:35:54.017720,307.19,307.24,-1
2020-01-09 09:35:56,N,AAPL,307.19,1.0,307.24,1.0,-1.0,-1.0,2020-01-09 09:35:56.047774,307.1,307.15,-1
2020-01-09 09:35:57,N,AAPL,307.1,3.0,307.15,1.0,2.0,0.0,2020-01-09 09:35:57.212362,307.12,307.21,0
2020-01-09 09:35:58,N,AAPL,307.12,4.0,307.21,1.0,1.0,0.0,2020-01-09 09:35:58.052850,307.15,307.19,0
2020-01-09 09:35:59,N,AAPL,307.15,1.0,307.19,1.0,-1.0,0.0,2020-01-09 09:35:59.063634,307.18,307.24,0
2020-01-09 09:36:00,N,AAPL,307.18,1.0,307.24,2.0,-1.0,0.0,2020-01-09 09:36:00.338413,307.06,307.11,-1
2020-01-09 09:36:01,N,AAPL,307.06,2.0,307.11,2.0,0.0,1.0,2020-01-09 09:36:01.591867,307.08,307.11,0
2020-01-09 09:36:02,N,AAPL,307.08,2.0,307.11,2.0,0.0,1.0,2020-01-09 09:36:02.216303,307.05,307.08,0
2020-01-09 09:36:03,N,AAPL,307.05,3.0,307.08,1.0,2.0,0.0,2020-01-09 09:36:03.079045,307.12,307.24,1
2020-01-09 09:36:04,N,AAPL,307.12,4.0,307.24,2.0,0.0,1.0,2020-01-09 09:36:04.020647,307.12,307.17,0
2020-01-09 09:36:05,N,AAPL,307.12,2.0,307.17,1.0,1.0,-3.0,2020-01-09 09:36:05.459774,307.19,307.24,1
2020-01-09 09:36:06,N,AAPL,307.19,4.0,307.24,1.0,2.0,0.0,2020-01-09 09:36:06.186903,307.14,307.23,0
2020-01-09 09:36:07,N,AAPL,307.14,2.0,307.23,1.0,-2.0,0.0,2020-01-09 09:36:07.056248,307.16,307.24,0
2020-01-09 09:36:08,N,AAPL,307.16,5.0,307.24,1.0,1.0,0.0,2020-01-09 09:36:08.000119,307.21,307.24,0
2020-01-09 09:36:09,N,AAPL,307.21,10.0,307.24,1.0,6.0,0.0,2020-01-09 09:36:09.149351,307.16,307.24,0
2020-01-09 09:36:10,N,AAPL,307.16,4.0,307.24,2.0,-1.0,0.0,2020-01-09 09:36:10.307143,307.16,307.26,0
2020-01-09 09:36:11,N,AAPL,307.16,4.0,307.26,2.0,-1.0,0.0,2020-01-09 09:36:11.012649,307.17,307.25,0
2020-01-09 09:36:12,N,AAPL,307.17,4.0,307.25,2.0,3.0,0.0,2020-01-09 09:36:12.431107,307.08,307.15,-1
2020-01-09 09:36:13,N,AAPL,307.08,11.0,307.15,1.0,9.0,-1.0,2020-01-09 09:36:13.125741,307.05,307.1,0
2020-01-09 09:36:14,N,AAPL,307.05,2.0,307.1,1.0,0.0,0.0,2020-01-09 09:36:14.534723,307.08,307.17,0
2020-01-09 09:36:15,N,AAPL,307.08,4.0,307.17,1.0,2.0,-1.0,2020-01-09 09:36:15.024965,307.1,307.16,0
2020-01-09 09:36:16,N,AAPL,307.1,4.0,307.16,1.0,3.0,-1.0,2020-01-09 09:36:16.102418,307.1,307.15,0
2020-01-09 09:36:17,N,AAPL,307.1,4.0,307.15,4.0,2.0,3.0,2020-01-09 09:36:17.340188,307.09,307.11,0
2020-01-09 09:36:18,N,AAPL,307.09,1.0,307.11,2.0,-1.0,-3.0,2020-01-09 09:36:18.552917,307.05,307.12,0
2020-01-09 09:36:19,N,AAPL,307.05,2.0,307.12,2.0,-2.0,0.0,2020-01-09 09:36:19.533961,307.08,307.13,0
2020-01-09 09:36:20,N,AAPL,307.08,1.0,307.13,2.0,-1.0,1.0,2020-01-09 09:36:20.207768,307.06,307.15,0
2020-01-09 09:36:21,N,AAPL,307.06,4.0,307.15,2.0,2.0,1.0,2020-01-09 09:36:21.228349,307.11,307.14,0
2020-01-09 09:36:22,N,AAPL,307.11,1.0,307.14,1.0,-1.0,-1.0,2020-01-09 09:36:22.679124,307.07,307.14,0
2020-01-09 09:36:23,N,AAPL,307.07,3.0,307.14,1.0,-1.0,0.0,2020-01-09 09:36:23.024340,307.16,307.23,1
2020-01-09 09:36:24,N,AAPL,307.16,2.0,307.23,1.0,0.0,0.0,2020-01-09 09:36:24.255520,307.14,307.22,0
2020-01-09 09:36:25,N,AAPL,307.14,3.0,307.22,2.0,-1.0,0.0,2020-01-09 09:36:25.031201,307.14,307.2,0
2020-01-09 09:36:26,N,AAPL,307.14,2.0,307.2,2.0,1.0,1.0,2020-01-09 09:36:26.113218,307.14,307.21,0
2020-01-09 09:36:27,N,AAPL,307.14,4.0,307.21,2.0,1.0,0.0,2020-01-09 09:36:27.227531,307.19,307.23,0
2020-01-09 09:36:28,N,AAPL,307.19,2.0,307.23,4.0,0.0,3.0,2020-01-09 09:36:28.080904,307.19,307.24,0
2020-01-09 09:36:29,N,AAPL,307.19,1.0,307.24,2.0,0.0,0.0,2020-01-09 09:36:29.367578,307.18,307.23,0
2020-01-09 09:36:30,N,AAPL,307.18,2.0,307.23,2.0,1.0,0.0,2020-01-09 09:36:30.430378,307.19,307.24,0
2020-01-09 09:36:31,N,AAPL,307.19,2.0,307.24,4.0,0.0,2.0,2020-01-09 09:36:31.452578,307.17,307.24,0
2020-01-09 09:36:32,N,AAPL,307.17,2.0,307.24,2.0,1.0,-2.0,2020-01-09 09:36:32.696414,307.17,307.24,0
2020-01-09 09:36:33,N,AAPL,307.17,2.0,307.24,2.0,0.0,0.0,2020-01-09 09:36:33.021428,307.16,307.23,0
2020-01-09 09:36:34,N,AAPL,307.16,2.0,307.23,2.0,1.0,1.0,2020-01-09 09:36:34.123815,307.1,307.13,-1
2020-01-09 09:36:36,N,AAPL,307.1,2.0,307.13,2.0,1.0,-23.0,2020-01-09 09:36:36.102929,307.02,307.04,-1
2020-01-09 09:36:37,N,AAPL,307.02,4.0,307.04,2.0,3.0,-23.0,2020-01-09 09:36:37.416616,307.01,307.06,0
2020-01-09 09:36:38,N,AAPL,307.01,1.0,307.06,3.0,-3.0,1.0,2020-01-09 09:36:38.006267,306.92,307.0,-1
2020-01-09 09:36:39,N,AAPL,306.92,2.0,307.0,3.0,0.0,2.0,2020-01-09 09:36:39.240694,306.91,306.95,0
2020-01-09 09:36:40,N,AAPL,306.91,2.0,306.95,2.0,0.0,0.0,2020-01-09 09:36:40.032968,306.93,306.96,0
2020-01-09 09:36:41,N,AAPL,306.93,3.0,306.96,2.0,-4.0,0.0,2020-01-09 09:36:41.881032,306.95,307.0,0
2020-01-09 09:36:42,N,AAPL,306.95,2.0,307.0,2.0,0.0,-6.0,2020-01-09 09:36:42.063604,306.93,306.97,0
2020-01-09 09:36:43,N,AAPL,306.93,1.0,306.97,2.0,-3.0,0.0,2020-01-09 09:36:43.570353,306.87,306.9,-1
2020-01-09 09:36:44,N,AAPL,306.87,2.0,306.9,4.0,1.0,2.0,2020-01-09 09:36:44.541826,306.87,306.93,0
2020-01-09 09:36:45,N,AAPL,306.87,3.0,306.93,2.0,2.0,1.0,2020-01-09 09:36:45.096880,306.87,306.91,0
2020-01-09 09:36:46,N,AAPL,306.87,2.0,306.91,3.0,0.0,0.0,2020-01-09 09:36:46.094283,306.9,306.92,0
2020-01-09 09:36:47,N,AAPL,306.9,2.0,306.92,8.0,0.0,6.0,2020-01-09 09:36:47.099817,306.92,306.95,0
2020-01-09 09:36:48,N,AAPL,306.92,2.0,306.95,2.0,0.0,-6.0,2020-01-09 09:36:48.448477,306.95,306.98,0
2020-01-09 09:36:49,N,AAPL,306.95,1.0,306.98,2.0,0.0,1.0,2020-01-09 09:36:49.594187,307.03,307.07,1
2020-01-09 09:36:50,N,AAPL,307.03,2.0,307.07,2.0,1.0,1.0,2020-01-09 09:36:50.050882,307.0,307.07,0
2020-01-09 09:36:51,N,AAPL,307.0,2.0,307.07,4.0,0.0,-21.0,2020-01-09 09:36:51.052730,307.09,307.14,1
2020-01-09 09:36:53,N,AAPL,307.09,1.0,307.14,2.0,0.0,1.0,2020-01-09 09:36:53.022536,307.09,307.14,0
2020-01-09 09:36:54,N,AAPL,307.09,2.0,307.14,2.0,0.0,0.0,2020-01-09 09:36:54.927450,307.02,307.07,-1
2020-01-09 09:36:55,N,AAPL,307.02,9.0,307.07,5.0,7.0,3.0,2020-01-09 09:36:55.248219,306.93,307.02,0
2020-01-09 09:36:56,N,AAPL,306.93,3.0,307.02,2.0,1.0,0.0,2020-01-09 09:36:56.056344,307.01,307.11,0
2020-01-09 09:36:57,N,AAPL,307.01,3.0,307.11,2.0,1.0,0.0,2020-01-09 09:36:57.194075,307.04,307.13,0
2020-01-09 09:36:58,N,AAPL,307.04,4.0,307.13,4.0,2.0,2.0,2020-01-09 09:36:58.680890,307.11,307.15,0
2020-01-09 09:36:59,N,AAPL,307.11,4.0,307.15,2.0,0.0,-2.0,2020-01-09 09:36:59.061151,307.05,307.13,0
2020-01-09 09:37:00,N,AAPL,307.05,4.0,307.13,1.0,2.0,0.0,2020-01-09 09:37:00.063825,307.06,307.13,0
2020-01-09 09:37:01,N,AAPL,307.06,2.0,307.13,5.0,-2.0,4.0,2020-01-09 09:37:01.314897,307.05,307.11,0
2020-01-09 09:37:02,N,AAPL,307.05,2.0,307.11,1.0,1.0,0.0,2020-01-09 09:37:02.177128,307.03,307.08,0
2020-01-09 09:37:03,N,AAPL,307.03,4.0,307.08,1.0,3.0,0.0,2020-01-09 09:37:03.030636,307.06,307.11,0
2020-01-09 09:37:04,N,AAPL,307.06,2.0,307.11,2.0,0.0,1.0,2020-01-09 09:37:04.022996,307.09,307.15,0
2020-01-09 09:37:05,N,AAPL,307.09,3.0,307.15,3.0,-3.0,2.0,2020-01-09 09:37:05.063457,307.14,307.15,0
2020-01-09 09:37:06,N,AAPL,307.14,1.0,307.15,3.0,-1.0,1.0,2020-01-09 09:37:06.230709,307.18,307.2,1
2020-01-09 09:37:07,N,AAPL,307.18,4.0,307.2,2.0,1.0,1.0,2020-01-09 09:37:07.193492,307.19,307.25,0
2020-01-09 09:37:08,N,AAPL,307.19,2.0,307.25,3.0,1.0,0.0,2020-01-09 09:37:08.120477,307.21,307.28,0
2020-01-09 09:37:09,N,AAPL,307.21,2.0,307.28,1.0,0.0,-1.0,2020-01-09 09:37:09.448529,307.19,307.27,0
2020-01-09 09:37:10,N,AAPL,307.19,1.0,307.27,4.0,-1.0,0.0,2020-01-09 09:37:10.003622,307.2,307.25,0
2020-01-09 09:37:11,N,AAPL,307.2,1.0,307.25,8.0,0.0,7.0,2020-01-09 09:37:11.237523,307.19,307.25,0
2020-01-09 09:37:12,N,AAPL,307.19,1.0,307.25,4.0,0.0,-5.0,2020-01-09 09:37:12.238627,307.19,307.23,0
2020-01-09 09:37:13,N,AAPL,307.19,4.0,307.23,2.0,3.0,0.0,2020-01-09 09:37:13.633915,307.24,307.28,1
2020-01-09 09:37:14,N,AAPL,307.24,5.0,307.28,4.0,4.0,0.0,2020-01-09 09:37:14.210465,307.31,307.38,1
2020-01-09 09:37:15,N,AAPL,307.31,2.0,307.38,2.0,1.0,0.0,2020-01-09 09:37:15.580668,307.33,307.38,0
2020-01-09 09:37:16,N,AAPL,307.33,2.0,307.38,2.0,1.0,0.0,2020-01-09 09:37:16.004162,307.31,307.38,0
2020-01-09 09:37:17,N,AAPL,307.31,1.0,307.38,2.0,0.0,0.0,2020-01-09 09:37:17.166476,307.33,307.38,0
2020-01-09 09:37:18,N,AAPL,307.33,6.0,307.38,2.0,5.0,-2.0,2020-01-09 09:37:18.479000,307.29,307.35,0
2020-01-09 09:37:19,N,AAPL,307.29,16.0,307.35,2.0,0.0,1.0,2020-01-09 09:37:19.089342,307.37,307.42,1
2020-01-09 09:37:20,N,AAPL,307.37,1.0,307.42,1.0,0.0,0.0,2020-01-09 09:37:20.274145,307.44,307.49,1
2020-01-09 09:37:21,N,AAPL,307.44,2.0,307.49,2.0,0.0,0.0,2020-01-09 09:37:21.443957,307.49,307.54,0
2020-01-09 09:37:22,N,AAPL,307.49,5.0,307.54,2.0,3.0,1.0,2020-01-09 09:37:22.118301,307.49,307.52,0
2020-01-09 09:37:23,N,AAPL,307.49,1.0,307.52,2.0,-1.0,1.0,2020-01-09 09:37:23.107319,307.55,307.58,1
2020-01-09 09:37:25,N,AAPL,307.55,1.0,307.58,2.0,0.0,-3.0,2020-01-09 09:37:25.421131,307.57,307.66,0
2020-01-09 09:37:26,N,AAPL,307.57,1.0,307.66,1.0,-2.0,0.0,2020-01-09 09:37:26.215112,307.58,307.63,0
2020-01-09 09:37:27,N,AAPL,307.58,1.0,307.63,2.0,0.0,1.0,2020-01-09 09:37:27.619337,307.55,307.62,0
2020-01-09 09:37:28,N,AAPL,307.55,4.0,307.62,2.0,3.0,-3.0,2020-01-09 09:37:28.481640,307.57,307.65,0
2020-01-09 09:37:29,N,AAPL,307.57,2.0,307.65,2.0,1.0,1.0,2020-01-09 09:37:29.177166,307.68,307.75,1
2020-01-09 09:37:30,N,AAPL,307.68,2.0,307.75,2.0,1.0,1.0,2020-01-09 09:37:30.555529,307.65,307.7,0
2020-01-09 09:37:31,N,AAPL,307.65,1.0,307.7,7.0,0.0,0.0,2020-01-09 09:37:31.005059,307.64,307.68,0
2020-01-09 09:37:32,N,AAPL,307.64,1.0,307.68,2.0,-1.0,1.0,2020-01-09 09:37:32.072666,307.55,307.6,-1
2020-01-09 09:37:33,N,AAPL,307.55,2.0,307.6,2.0,1.0,0.0,2020-01-09 09:37:33.185202,307.51,307.56,0
2020-01-09 09:37:34,N,AAPL,307.51,2.0,307.56,1.0,1.0,0.0,2020-01-09 09:37:34.070873,307.53,307.58,0
2020-01-09 09:37:35,N,AAPL,307.53,2.0,307.58,1.0,1.0,-1.0,2020-01-09 09:37:35.897975,307.51,307.57,0
2020-01-09 09:37:36,N,AAPL,307.51,1.0,307.57,2.0,-1.0,1.0,2020-01-09 09:37:36.251529,307.51,307.57,0
2020-01-09 09:37:37,N,AAPL,307.51,7.0,307.57,2.0,6.0,-1.0,2020-01-09 09:37:37.057223,307.51,307.58,0
2020-01-09 09:37:38,N,AAPL,307.51,2.0,307.58,2.0,0.0,0.0,2020-01-09 09:37:38.059374,307.55,307.6,0
2020-01-09 09:37:39,N,AAPL,307.55,1.0,307.6,2.0,-3.0,0.0,2020-01-09 09:37:39.210555,307.57,307.64,0
2020-01-09 09:37:40,N,AAPL,307.57,2.0,307.64,1.0,1.0,0.0,2020-01-09 09:37:40.014098,307.5,307.55,-1
2020-01-09 09:37:41,N,AAPL,307.5,2.0,307.55,2.0,0.0,1.0,2020-01-09 09:37:41.427892,307.51,307.6,0
2020-01-09 09:37:42,N,AAPL,307.51,4.0,307.6,2.0,1.0,0.0,2020-01-09 09:37:42.165086,307.5,307.54,0
2020-01-09 09:37:43,N,AAPL,307.5,2.0,307.54,1.0,1.0,-1.0,2020-01-09 09:37:43.005120,307.51,307.54,0
2020-01-09 09:37:44,N,AAPL,307.51,4.0,307.54,1.0,2.0,0.0,2020-01-09 09:37:44.395345,307.51,307.54,0
2020-01-09 09:37:45,N,AAPL,307.51,1.0,307.54,1.0,0.0,0.0,2020-01-09 09:37:45.117325,307.66,307.72,1
2020-01-09 09:37:46,N,AAPL,307.66,2.0,307.72,1.0,0.0,-1.0,2020-01-09 09:37:46.030205,307.9,307.92,1
2020-01-09 09:37:47,N,AAPL,307.9,4.0,307.92,5.0,-3.0,1.0,2020-01-09 09:37:47.641757,307.9,307.91,0
2020-01-09 09:37:48,N,AAPL,307.9,4.0,307.91,1.0,0.0,-1.0,2020-01-09 09:37:48.937766,307.9,307.91,0
2020-01-09 09:37:49,N,AAPL,307.9,6.0,307.91,4.0,-23.0,3.0,2020-01-09 09:37:49.291907,307.9,307.91,0
2020-01-09 09:37:50,N,AAPL,307.9,4.0,307.91,4.0,-2.0,3.0,2020-01-09 09:37:50.221913,307.93,307.97,1
2020-01-09 09:37:52,N,AAPL,307.93,2.0,307.97,2.0,-25.0,1.0,2020-01-09 09:37:52.320630,307.91,307.97,0
2020-01-09 09:37:53,N,AAPL,307.91,4.0,307.97,3.0,-23.0,2.0,2020-01-09 09:37:53.087973,307.81,307.89,-1
2020-01-09 09:37:54,N,AAPL,307.81,1.0,307.89,2.0,-4.0,0.0,2020-01-09 09:37:54.111575,307.77,307.83,0
2020-01-09 09:37:55,N,AAPL,307.77,1.0,307.83,1.0,0.0,-1.0,2020-01-09 09:37:55.126848,307.77,307.83,0
2020-01-09 09:37:56,N,AAPL,307.77,1.0,307.83,2.0,0.0,1.0,2020-01-09 09:37:56.037257,307.77,307.82,0
2020-01-09 09:37:57,N,AAPL,307.77,1.0,307.82,4.0,0.0,2.0,2020-01-09 09:37:57.312884,307.81,307.83,0
2020-01-09 09:37:58,N,AAPL,307.81,30.0,307.83,1.0,27.0,-1.0,2020-01-09 09:37:58.282794,307.89,307.92,1
2020-01-09 09:37:59,N,AAPL,307.89,2.0,307.92,2.0,0.0,0.0,2020-01-09 09:37:59.076278,307.96,307.99,1
2020-01-09 09:38:00,N,AAPL,307.96,1.0,307.99,2.0,-1.0,0.0,2020-01-09 09:38:00.060504,308.01,308.06,1
2020-01-09 09:38:01,N,AAPL,308.01,2.0,308.06,2.0,-26.0,0.0,2020-01-09 09:38:01.663144,308.03,308.06,0
2020-01-09 09:38:02,N,AAPL,308.03,1.0,308.06,2.0,-1.0,1.0,2020-01-09 09:38:02.055110,307.96,308.0,-1
2020-01-09 09:38:03,N,AAPL,307.96,5.0,308.0,2.0,4.0,0.0,2020-01-09 09:38:03.295895,307.9,307.95,-1
2020-01-09 09:38:04,N,AAPL,307.9,1.0,307.95,2.0,-1.0,0.0,2020-01-09 09:38:04.023091,307.93,307.97,0
2020-01-09 09:38:05,N,AAPL,307.93,1.0,307.97,2.0,0.0,1.0,2020-01-09 09:38:05.443479,307.97,308.0,0
2020-01-09 09:38:06,N,AAPL,307.97,2.0,308.0,2.0,0.0,-1.0,2020-01-09 09:38:06.504657,308.02,308.04,1
2020-01-09 09:38:07,N,AAPL,308.02,4.0,308.04,2.0,2.0,1.0,2020-01-09 09:38:07.072558,308.06,308.09,1
2020-01-09 09:38:09,N,AAPL,308.06,1.0,308.09,4.0,-17.0,0.0,2020-01-09 09:38:09.425557,308.18,308.21,1
2020-01-09 09:38:12,N,AAPL,308.18,6.0,308.21,2.0,5.0,1.0,2020-01-09 09:38:12.608381,308.16,308.2,0
2020-01-09 09:38:13,N,AAPL,308.16,4.0,308.2,1.0,3.0,0.0,2020-01-09 09:38:13.246548,308.19,308.23,0
2020-01-09 09:38:15,N,AAPL,308.19,4.0,308.23,2.0,2.0,1.0,2020-01-09 09:38:15.408281,308.24,308.27,1
2020-01-09 09:38:16,N,AAPL,308.24,2.0,308.27,6.0,1.0,5.0,2020-01-09 09:38:16.190937,308.25,308.3,0
2020-01-09 09:38:17,N,AAPL,308.25,1.0,308.3,6.0,0.0,4.0,2020-01-09 09:38:17.114246,308.3,308.34,0
2020-01-09 09:38:19,N,AAPL,308.3,1.0,308.34,7.0,0.0,6.0,2020-01-09 09:38:19.098551,308.26,308.3,0
2020-01-09 09:38:20,N,AAPL,308.26,2.0,308.3,1.0,-1.0,-1.0,2020-01-09 09:38:20.251767,308.3,308.34,0
2020-01-09 09:38:21,N,AAPL,308.3,1.0,308.34,7.0,-2.0,5.0,2020-01-09 09:38:21.022246,308.27,308.31,0
2020-01-09 09:38:22,N,AAPL,308.27,2.0,308.31,2.0,0.0,-2.0,2020-01-09 09:38:22.009882,308.31,308.33,0
2020-01-09 09:38:24,N,AAPL,308.31,2.0,308.33,3.0,1.0,-3.0,2020-01-09 09:38:24.033817,308.28,308.31,0
2020-01-09 09:38:27,N,AAPL,308.28,1.0,308.31,4.0,-1.0,1.0,2020-01-09 09:38:27.089483,308.33,308.36,1
2020-01-09 09:38:30,N,AAPL,308.33,4.0,308.36,2.0,3.0,-2.0,2020-01-09 09:38:30.418137,308.35,308.38,0
2020-01-09 09:38:31,N,AAPL,308.35,4.0,308.38,2.0,3.0,1.0,2020-01-09 09:38:31.482518,308.35,308.39,0
2020-01-09 09:38:32,N,AAPL,308.35,4.0,308.39,1.0,2.0,-1.0,2020-01-09 09:38:32.015612,308.33,308.38,0
2020-01-09 09:38:33,N,AAPL,308.33,1.0,308.38,2.0,-1.0,1.0,2020-01-09 09:38:33.173567,308.28,308.33,0
2020-01-09 09:38:34,N,AAPL,308.28,1.0,308.33,1.0,-1.0,0.0,2020-01-09 09:38:34.045872,308.25,308.29,0
2020-01-09 09:38:35,N,AAPL,308.25,1.0,308.29,2.0,-2.0,0.0,2020-01-09 09:38:35.112839,308.24,308.28,0
2020-01-09 09:38:36,N,AAPL,308.24,11.0,308.28,4.0,5.0,3.0,2020-01-09 09:38:36.490576,308.27,308.29,0
2020-01-09 09:38:38,N,AAPL,308.27,2.0,308.29,1.0,0.0,0.0,2020-01-09 09:38:38.248413,308.29,308.33,0
2020-01-09 09:38:39,N,AAPL,308.29,1.0,308.33,3.0,-1.0,2.0,2020-01-09 09:38:39.285569,308.29,308.3,0
2020-01-09 09:38:41,N,AAPL,308.29,6.0,308.3,1.0,5.0,-2.0,2020-01-09 09:38:41.329430,308.29,308.32,0
2020-01-09 09:38:43,N,AAPL,308.29,7.0,308.32,4.0,1.0,3.0,2020-01-09 09:38:43.583586,308.25,308.3,0
2020-01-09 09:38:44,N,AAPL,308.25,2.0,308.3,4.0,-5.0,3.0,2020-01-09 09:38:44.256669,308.19,308.21,-1
2020-01-09 09:38:45,N,AAPL,308.19,2.0,308.21,1.0,0.0,-4.0,2020-01-09 09:38:45.189095,308.2,308.25,0
2020-01-09 09:38:46,N,AAPL,308.2,2.0,308.25,1.0,0.0,0.0,2020-01-09 09:38:46.035951,308.21,308.26,0
2020-01-09 09:38:47,N,AAPL,308.21,6.0,308.26,30.0,4.0,29.0,2020-01-09 09:38:47.174072,308.21,308.24,0
2020-01-09 09:38:48,N,AAPL,308.21,5.0,308.24,1.0,-1.0,-29.0,2020-01-09 09:38:48.859290,308.17,308.19,-1
2020-01-09 09:38:49,N,AAPL,308.17,1.0,308.19,3.0,-1.0,2.0,2020-01-09 09:38:49.119239,308.1,308.14,-1
2020-01-09 09:38:50,N,AAPL,308.1,7.0,308.14,1.0,5.0,0.0,2020-01-09 09:38:50.611126,308.1,308.14,0
2020-01-09 09:38:51,N,AAPL,308.1,5.0,308.14,1.0,-2.0,0.0,2020-01-09 09:38:51.059218,308.06,308.08,-1
2020-01-09 09:38:53,N,AAPL,308.06,1.0,308.08,1.0,-1.0,0.0,2020-01-09 09:38:53.959454,308.03,308.07,0
2020-01-09 09:38:54,N,AAPL,308.03,2.0,308.07,6.0,1.0,5.0,2020-01-09 09:38:54.419188,308.0,308.02,-1
2020-01-09 09:38:55,N,AAPL,308.0,1.0,308.02,1.0,-1.0,0.0,2020-01-09 09:38:55.404871,308.03,308.07,1
2020-01-09 09:38:56,N,AAPL,308.03,1.0,308.07,4.0,-1.0,3.0,2020-01-09 09:38:56.028172,308.0,308.05,0
2020-01-09 09:38:57,N,AAPL,308.0,1.0,308.05,3.0,0.0,1.0,2020-01-09 09:38:57.036399,308.04,308.08,0
2020-01-09 09:38:58,N,AAPL,308.04,1.0,308.08,3.0,-1.0,2.0,2020-01-09 09:38:58.338489,308.14,308.18,1
2020-01-09 09:38:59,N,AAPL,308.14,2.0,308.18,2.0,0.0,1.0,2020-01-09 09:38:59.043585,308.17,308.2,0
2020-01-09 09:39:00,N,AAPL,308.17,2.0,308.2,1.0,0.0,0.0,2020-01-09 09:39:00.211440,308.12,308.19,0
2020-01-09 09:39:01,N,AAPL,308.12,4.0,308.19,1.0,2.0,0.0,2020-01-09 09:39:01.240412,308.04,308.09,-1
2020-01-09 09:39:02,N,AAPL,308.04,4.0,308.09,1.0,3.0,0.0,2020-01-09 09:39:02.029079,308.11,308.17,1
2020-01-09 09:39:03,N,AAPL,308.11,4.0,308.17,1.0,2.0,-1.0,2020-01-09 09:39:03.292549,308.09,308.17,0
2020-01-09 09:39:04,N,AAPL,308.09,2.0,308.17,2.0,0.0,-1.0,2020-01-09 09:39:04.083919,308.11,308.14,0
2020-01-09 09:39:06,N,AAPL,308.11,2.0,308.14,4.0,-2.0,-36.0,2020-01-09 09:39:06.642865,308.04,308.08,-1
2020-01-09 09:39:07,N,AAPL,308.04,1.0,308.08,2.0,-3.0,0.0,2020-01-09 09:39:07.229017,308.06,308.08,0
2020-01-09 09:39:09,N,AAPL,308.06,1.0,308.08,1.0,0.0,-1.0,2020-01-09 09:39:09.201687,308.04,308.1,0
2020-01-09 09:39:10,N,AAPL,308.04,1.0,308.1,2.0,0.0,1.0,2020-01-09 09:39:10.064165,308.11,308.14,1
2020-01-09 09:39:11,N,AAPL,308.11,1.0,308.14,1.0,-1.0,0.0,2020-01-09 09:39:11.275830,308.15,308.19,1
2020-01-09 09:39:12,N,AAPL,308.15,2.0,308.19,1.0,-1.0,-1.0,2020-01-09 09:39:12.464189,308.12,308.19,0
2020-01-09 09:39:13,N,AAPL,308.12,2.0,308.19,2.0,0.0,0.0,2020-01-09 09:39:13.273964,308.14,308.19,0
2020-01-09 09:39:14,N,AAPL,308.14,2.0,308.19,2.0,0.0,0.0,2020-01-09 09:39:14.086716,308.13,308.19,0
2020-01-09 09:39:15,N,AAPL,308.13,2.0,308.19,4.0,0.0,2.0,2020-01-09 09:39:15.470697,308.1,308.13,0
2020-01-09 09:39:17,N,AAPL,308.1,2.0,308.13,2.0,1.0,-2.0,2020-01-09 09:39:17.726362,308.1,308.15,0
2020-01-09 09:39:19,N,AAPL,308.1,2.0,308.15,10.0,1.0,8.0,2020-01-09 09:39:19.301442,308.16,308.18,1
2020-01-09 09:39:22,N,AAPL,308.16,2.0,308.18,2.0,0.0,-8.0,2020-01-09 09:39:22.218529,308.21,308.25,1
2020-01-09 09:39:24,N,AAPL,308.21,2.0,308.25,2.0,0.0,-2.0,2020-01-09 09:39:24.994366,308.19,308.25,0
2020-01-09 09:39:25,N,AAPL,308.19,4.0,308.25,2.0,0.0,0.0,2020-01-09 09:39:25.171444,308.22,308.25,0
2020-01-09 09:39:26,N,AAPL,308.22,3.0,308.25,1.0,1.0,0.0,2020-01-09 09:39:26.144730,308.2,308.24,0
2020-01-09 09:39:27,N,AAPL,308.2,3.0,308.24,2.0,2.0,1.0,2020-01-09 09:39:27.042056,308.16,308.2,0
2020-01-09 09:39:28,N,AAPL,308.16,2.0,308.2,1.0,-2.0,0.0,2020-01-09 09:39:28.776069,308.2,308.23,0
2020-01-09 09:39:29,N,AAPL,308.2,2.0,308.23,2.0,-2.0,1.0,2020-01-09 09:39:29.242226,308.26,308.29,1
2020-01-09 09:39:30,N,AAPL,308.26,2.0,308.29,2.0,-2.0,-1.0,2020-01-09 09:39:30.081272,308.25,308.29,0
2020-01-09 09:39:31,N,AAPL,308.25,2.0,308.29,2.0,0.0,0.0,2020-01-09 09:39:31.001678,308.2,308.26,0
2020-01-09 09:39:32,N,AAPL,308.2,3.0,308.26,2.0,2.0,0.0,2020-01-09 09:39:32.048610,308.24,308.29,0
2020-01-09 09:39:33,N,AAPL,308.24,4.0,308.29,3.0,2.0,1.0,2020-01-09 09:39:33.370343,308.26,308.3,0
2020-01-09 09:39:34,N,AAPL,308.26,3.0,308.3,2.0,1.0,-23.0,2020-01-09 09:39:34.410226,308.29,308.33,0
2020-01-09 09:39:35,N,AAPL,308.29,1.0,308.33,2.0,0.0,-3.0,2020-01-09 09:39:35.608912,308.27,308.32,0
2020-01-09 09:39:36,N,AAPL,308.27,2.0,308.32,2.0,1.0,0.0,2020-01-09 09:39:36.186825,308.21,308.28,0
2020-01-09 09:39:37,N,AAPL,308.21,3.0,308.28,1.0,2.0,0.0,2020-01-09 09:39:37.037720,308.25,308.29,0
2020-01-09 09:39:38,N,AAPL,308.25,1.0,308.29,2.0,-1.0,0.0,2020-01-09 09:39:38.062529,308.25,308.29,0
2020-01-09 09:39:39,N,AAPL,308.25,1.0,308.29,1.0,-1.0,-1.0,2020-01-09 09:39:39.267001,308.26,308.33,0
2020-01-09 09:39:40,N,AAPL,308.26,2.0,308.33,3.0,0.0,1.0,2020-01-09 09:39:40.267583,308.3,308.35,0
2020-01-09 09:39:43,N,AAPL,308.3,4.0,308.35,2.0,3.0,1.0,2020-01-09 09:39:43.091086,308.35,308.39,0
2020-01-09 09:39:46,N,AAPL,308.35,2.0,308.39,1.0,-2.0,-1.0,2020-01-09 09:39:46.145644,308.4,308.42,1
2020-01-09 09:39:47,N,AAPL,308.4,2.0,308.42,2.0,0.0,1.0,2020-01-09 09:39:47.069038,308.41,308.44,0
2020-01-09 09:39:48,N,AAPL,308.41,2.0,308.44,1.0,0.0,-1.0,2020-01-09 09:39:48.011245,308.43,308.47,0
2020-01-09 09:39:49,N,AAPL,308.43,4.0,308.47,2.0,2.0,1.0,2020-01-09 09:39:49.521419,308.41,308.46,0
2020-01-09 09:39:50,N,AAPL,308.41,2.0,308.46,4.0,0.0,2.0,2020-01-09 09:39:50.338925,308.42,308.46,0
2020-01-09 09:39:51,N,AAPL,308.42,1.0,308.46,2.0,-1.0,0.0,2020-01-09 09:39:51.127242,308.42,308.48,0
2020-01-09 09:39:53,N,AAPL,308.42,2.0,308.48,4.0,0.0,3.0,2020-01-09 09:39:53.309308,308.42,308.47,0
2020-01-09 09:39:54,N,AAPL,308.42,2.0,308.47,1.0,-2.0,0.0,2020-01-09 09:39:54.040516,308.46,308.49,0
2020-01-09 09:39:55,N,AAPL,308.46,4.0,308.49,2.0,3.0,0.0,2020-01-09 09:39:55.992861,308.48,308.51,0
2020-01-09 09:39:56,N,AAPL,308.48,2.0,308.51,9.0,1.0,-38.0,2020-01-09 09:39:56.002705,308.41,308.47,-1
2020-01-09 09:39:57,N,AAPL,308.41,2.0,308.47,2.0,0.0,-2.0,2020-01-09 09:39:57.409481,308.42,308.47,0
2020-01-09 09:39:58,N,AAPL,308.42,2.0,308.47,2.0,0.0,0.0,2020-01-09 09:39:58.104699,308.5,308.53,1
2020-01-09 09:40:01,N,AAPL,308.5,2.0,308.53,2.0,0.0,1.0,2020-01-09 09:40:01.261623,308.55,308.57,1
2020-01-09 09:40:02,N,AAPL,308.55,1.0,308.57,2.0,0.0,-30.0,2020-01-09 09:40:02.928224,308.5,308.55,0
2020-01-09 09:40:03,N,AAPL,308.5,1.0,308.55,2.0,-1.0,0.0,2020-01-09 09:40:03.421630,308.48,308.5,0
2020-01-09 09:40:05,N,AAPL,308.48,2.0,308.5,1.0,1.0,-3.0,2020-01-09 09:40:05.422291,308.45,308.5,0
2020-01-09 09:40:06,N,AAPL,308.45,3.0,308.5,2.0,1.0,0.0,2020-01-09 09:40:06.058551,308.41,308.45,0
2020-01-09 09:40:07,N,AAPL,308.41,1.0,308.45,2.0,-2.0,1.0,2020-01-09 09:40:07.006227,308.32,308.37,-1
2020-01-09 09:40:08,N,AAPL,308.32,2.0,308.37,4.0,-1.0,2.0,2020-01-09 09:40:08.208345,308.27,308.3,-1
2020-01-09 09:40:09,N,AAPL,308.27,1.0,308.3,4.0,-1.0,2.0,2020-01-09 09:40:09.540487,308.34,308.38,1
2020-01-09 09:40:10,N,AAPL,308.34,2.0,308.38,1.0,0.0,0.0,2020-01-09 09:40:10.082672,308.4,308.44,1
2020-01-09 09:40:11,N,AAPL,308.4,4.0,308.44,1.0,2.0,0.0,2020-01-09 09:40:11.537040,308.51,308.55,1
2020-01-09 09:40:13,N,AAPL,308.51,1.0,308.55,11.0,-1.0,10.0,2020-01-09 09:40:13.079972,308.51,308.57,0
2020-01-09 09:40:15,N,AAPL,308.51,3.0,308.57,1.0,1.0,-1.0,2020-01-09 09:40:15.287248,308.47,308.53,0
2020-01-09 09:40:16,N,AAPL,308.47,1.0,308.53,1.0,-1.0,0.0,2020-01-09 09:40:16.048103,308.45,308.48,0
2020-01-09 09:40:17,N,AAPL,308.45,3.0,308.48,1.0,1.0,0.0,2020-01-09 09:40:17.003935,308.46,308.5,0
2020-01-09 09:40:18,N,AAPL,308.46,1.0,308.5,1.0,0.0,0.0,2020-01-09 09:40:18.759356,308.47,308.51,0
2020-01-09 09:40:19,N,AAPL,308.47,2.0,308.51,2.0,1.0,1.0,2020-01-09 09:40:19.194443,308.42,308.49,0
2020-01-09 09:40:20,N,AAPL,308.42,2.0,308.49,2.0,1.0,0.0,2020-01-09 09:40:20.042512,308.32,308.36,-1
2020-01-09 09:40:21,N,AAPL,308.32,4.0,308.36,2.0,3.0,1.0,2020-01-09 09:40:21.409679,308.27,308.3,-1
2020-01-09 09:40:22,N,AAPL,308.27,8.0,308.3,1.0,6.0,0.0,2020-01-09 09:40:22.331104,308.24,308.28,0
2020-01-09 09:40:24,N,AAPL,308.24,2.0,308.28,1.0,0.0,-1.0,2020-01-09 09:40:24.950930,308.21,308.26,0
2020-01-09 09:40:25,N,AAPL,308.21,5.0,308.26,3.0,3.0,2.0,2020-01-09 09:40:25.156207,308.17,308.2,-1
2020-01-09 09:40:26,N,AAPL,308.17,3.0,308.2,1.0,1.0,-1.0,2020-01-09 09:40:26.655054,308.18,308.22,0
2020-01-09 09:40:27,N,AAPL,308.18,2.0,308.22,1.0,1.0,-3.0,2020-01-09 09:40:27.340693,308.21,308.24,0
2020-01-09 09:40:28,N,AAPL,308.21,2.0,308.24,2.0,0.0,1.0,2020-01-09 09:40:28.388313,308.24,308.3,0
2020-01-09 09:40:29,N,AAPL,308.24,5.0,308.3,1.0,3.0,-1.0,2020-01-09 09:40:29.127438,308.18,308.24,0
2020-01-09 09:40:30,N,AAPL,308.18,2.0,308.24,4.0,-3.0,2.0,2020-01-09 09:40:30.306444,308.18,308.22,0
2020-01-09 09:40:31,N,AAPL,308.18,1.0,308.22,2.0,-1.0,0.0,2020-01-09 09:40:31.028874,308.23,308.27,1
2020-01-09 09:40:33,N,AAPL,308.23,2.0,308.27,2.0,0.0,0.0,2020-01-09 09:40:33.246565,308.24,308.3,0
2020-01-09 09:40:34,N,AAPL,308.24,4.0,308.3,2.0,2.0,1.0,2020-01-09 09:40:34.588261,308.26,308.3,0
2020-01-09 09:40:36,N,AAPL,308.26,2.0,308.3,1.0,-1.0,-1.0,2020-01-09 09:40:36.183376,308.27,308.3,0
2020-01-09 09:40:37,N,AAPL,308.27,1.0,308.3,1.0,-1.0,0.0,2020-01-09 09:40:37.056312,308.27,308.31,0
2020-01-09 09:40:38,N,AAPL,308.27,4.0,308.31,2.0,2.0,0.0,2020-01-09 09:40:38.027749,308.27,308.29,0
2020-01-09 09:40:39,N,AAPL,308.27,2.0,308.29,5.0,-2.0,3.0,2020-01-09 09:40:39.309213,308.26,308.3,0
2020-01-09 09:40:40,N,AAPL,308.26,1.0,308.3,2.0,0.0,0.0,2020-01-09 09:40:40.316136,308.3,308.35,0
2020-01-09 09:40:41,N,AAPL,308.3,3.0,308.35,2.0,-2.0,0.0,2020-01-09 09:40:41.152004,308.33,308.37,0
2020-01-09 09:40:42,N,AAPL,308.33,2.0,308.37,2.0,-1.0,0.0,2020-01-09 09:40:42.385402,308.35,308.39,0
2020-01-09 09:40:43,N,AAPL,308.35,2.0,308.39,1.0,-2.0,-1.0,2020-01-09 09:40:43.063027,308.26,308.29,-1
2020-01-09 09:40:44,N,AAPL,308.26,2.0,308.29,2.0,0.0,0.0,2020-01-09 09:40:44.632457,308.26,308.29,0
2020-01-09 09:40:45,N,AAPL,308.26,2.0,308.29,2.0,0.0,0.0,2020-01-09 09:40:45.193591,308.24,308.27,0
2020-01-09 09:40:47,N,AAPL,308.24,2.0,308.27,4.0,0.0,3.0,2020-01-09 09:40:47.938939,308.24,308.27,0
2020-01-09 09:40:48,N,AAPL,308.24,2.0,308.27,1.0,0.0,-3.0,2020-01-09 09:40:48.152206,308.19,308.22,-1
2020-01-09 09:40:49,N,AAPL,308.19,2.0,308.22,2.0,1.0,-3.0,2020-01-09 09:40:49.396816,308.15,308.19,0
2020-01-09 09:40:50,N,AAPL,308.15,4.0,308.19,2.0,3.0,0.0,2020-01-09 09:40:50.819615,308.16,308.21,0
2020-01-09 09:40:51,N,AAPL,308.16,5.0,308.21,4.0,4.0,2.0,2020-01-09 09:40:51.169731,308.18,308.22,0
2020-01-09 09:40:52,N,AAPL,308.18,1.0,308.22,1.0,0.0,-1.0,2020-01-09 09:40:52.051230,308.13,308.16,-1
2020-01-09 09:40:53,N,AAPL,308.13,1.0,308.16,6.0,-3.0,-1.0,2020-01-09 09:40:53.479838,308.08,308.13,0
2020-01-09 09:40:54,N,AAPL,308.08,5.0,308.13,4.0,3.0,3.0,2020-01-09 09:40:54.891664,308.07,308.12,0
2020-01-09 09:40:55,N,AAPL,308.07,2.0,308.12,1.0,0.0,-1.0,2020-01-09 09:40:55.214713,308.05,308.08,0
2020-01-09 09:40:56,N,AAPL,308.05,2.0,308.08,5.0,0.0,4.0,2020-01-09 09:40:56.094591,308.04,308.08,0
2020-01-09 09:40:57,N,AAPL,308.04,1.0,308.08,1.0,-1.0,-4.0,2020-01-09 09:40:57.038366,308.04,308.06,0
2020-01-09 09:40:59,N,AAPL,308.04,1.0,308.06,2.0,-2.0,1.0,2020-01-09 09:40:59.463196,307.99,308.01,-1
2020-01-09 09:41:00,N,AAPL,307.99,30.0,308.01,1.0,29.0,-1.0,2020-01-09 09:41:00.540372,308.02,308.05,1
2020-01-09 09:41:01,N,AAPL,308.02,2.0,308.05,1.0,-1.0,-2.0,2020-01-09 09:41:01.032023,308.02,308.05,0
2020-01-09 09:41:02,N,AAPL,308.02,2.0,308.05,1.0,1.0,0.0,2020-01-09 09:41:02.308332,308.0,308.03,0
2020-01-09 09:41:03,N,AAPL,308.0,1.0,308.03,4.0,0.0,3.0,2020-01-09 09:41:03.003365,307.91,307.95,-1
2020-01-09 09:41:04,N,AAPL,307.91,3.0,307.95,1.0,0.0,0.0,2020-01-09 09:41:04.015452,307.98,308.02,1
2020-01-09 09:41:05,N,AAPL,307.98,1.0,308.02,2.0,-4.0,1.0,2020-01-09 09:41:05.415071,307.94,307.98,0
2020-01-09 09:41:06,N,AAPL,307.94,3.0,307.98,1.0,2.0,0.0,2020-01-09 09:41:06.057760,308.02,308.04,1
2020-01-09 09:41:07,N,AAPL,308.02,5.0,308.04,2.0,2.0,0.0,2020-01-09 09:41:07.451592,308.01,308.04,0
2020-01-09 09:41:08,N,AAPL,308.01,3.0,308.04,2.0,0.0,1.0,2020-01-09 09:41:08.035436,308.04,308.08,0
2020-01-09 09:41:09,N,AAPL,308.04,2.0,308.08,3.0,0.0,-3.0,2020-01-09 09:41:09.539290,307.96,307.99,-1
2020-01-09 09:41:10,N,AAPL,307.96,2.0,307.99,1.0,0.0,-2.0,2020-01-09 09:41:10.080862,307.95,307.98,0
2020-01-09 09:41:11,N,AAPL,307.95,2.0,307.98,2.0,0.0,0.0,2020-01-09 09:41:11.448371,307.96,307.99,0
2020-01-09 09:41:12,N,AAPL,307.96,4.0,307.99,2.0,2.0,1.0,2020-01-09 09:41:12.071936,307.97,308.01,0
2020-01-09 09:41:13,N,AAPL,307.97,1.0,308.01,2.0,0.0,1.0,2020-01-09 09:41:13.156770,307.96,307.99,0
2020-01-09 09:41:14,N,AAPL,307.96,1.0,307.99,3.0,0.0,2.0,2020-01-09 09:41:14.302171,307.92,307.96,0
2020-01-09 09:41:15,N,AAPL,307.92,2.0,307.96,1.0,0.0,0.0,2020-01-09 09:41:15.041652,307.98,307.99,1
2020-01-09 09:41:16,N,AAPL,307.98,9.0,307.99,1.0,6.0,0.0,2020-01-09 09:41:16.606312,307.98,308.02,0
2020-01-09 09:41:17,N,AAPL,307.98,10.0,308.02,1.0,1.0,-1.0,2020-01-09 09:41:17.329652,307.99,308.03,0
2020-01-09 09:41:18,N,AAPL,307.99,2.0,308.03,1.0,-7.0,0.0,2020-01-09 09:41:18.350133,307.97,307.99,0
2020-01-09 09:41:19,N,AAPL,307.97,5.0,307.99,5.0,3.0,4.0,2020-01-09 09:41:19.184873,307.97,307.98,0
2020-01-09 09:41:20,N,AAPL,307.97,1.0,307.98,1.0,-1.0,0.0,2020-01-09 09:41:20.036812,307.91,307.96,-1
2020-01-09 09:41:21,N,AAPL,307.91,4.0,307.96,2.0,2.0,-1.0,2020-01-09 09:41:21.780687,307.97,308.0,1
2020-01-09 09:41:23,N,AAPL,307.97,2.0,308.0,1.0,-2.0,0.0,2020-01-09 09:41:23.422334,307.97,308.01,0
2020-01-09 09:41:24,N,AAPL,307.97,2.0,308.01,2.0,0.0,-1.0,2020-01-09 09:41:24.343303,308.07,308.12,1
2020-01-09 09:41:25,N,AAPL,308.07,3.0,308.12,1.0,-1.0,-7.0,2020-01-09 09:41:25.306330,308.07,308.12,0
2020-01-09 09:41:26,N,AAPL,308.07,3.0,308.12,3.0,2.0,2.0,2020-01-09 09:41:26.494545,308.11,308.15,0
2020-01-09 09:41:28,N,AAPL,308.11,1.0,308.15,2.0,-1.0,1.0,2020-01-09 09:41:28.695316,308.11,308.15,0
2020-01-09 09:41:30,N,AAPL,308.11,2.0,308.15,2.0,0.0,-4.0,2020-01-09 09:41:30.882192,308.09,308.13,0
2020-01-09 09:41:31,N,AAPL,308.09,3.0,308.13,4.0,1.0,2.0,2020-01-09 09:41:31.054701,308.03,308.07,-1
2020-01-09 09:41:32,N,AAPL,308.03,2.0,308.07,1.0,0.0,-1.0,2020-01-09 09:41:32.080586,308.1,308.14,1
2020-01-09 09:41:33,N,AAPL,308.1,2.0,308.14,2.0,0.0,1.0,2020-01-09 09:41:33.870388,308.1,308.14,0
2020-01-09 09:41:34,N,AAPL,308.1,2.0,308.14,2.0,0.0,0.0,2020-01-09 09:41:34.268690,308.14,308.18,0
2020-01-09 09:41:36,N,AAPL,308.14,1.0,308.18,4.0,-1.0,3.0,2020-01-09 09:41:36.823852,308.15,308.2,0
2020-01-09 09:41:37,N,AAPL,308.15,2.0,308.2,27.0,0.0,25.0,2020-01-09 09:41:37.343452,308.15,308.19,0
2020-01-09 09:41:38,N,AAPL,308.15,2.0,308.19,1.0,0.0,-26.0,2020-01-09 09:41:38.138811,308.14,308.19,0
2020-01-09 09:41:39,N,AAPL,308.14,1.0,308.19,5.0,-1.0,4.0,2020-01-09 09:41:39.891577,308.16,308.19,0
2020-01-09 09:41:40,N,AAPL,308.16,1.0,308.19,1.0,0.0,-1.0,2020-01-09 09:41:40.684261,308.12,308.16,0
2020-01-09 09:41:41,N,AAPL,308.12,1.0,308.16,2.0,0.0,0.0,2020-01-09 09:41:41.371719,308.09,308.14,0
2020-01-09 09:41:42,N,AAPL,308.09,1.0,308.14,2.0,0.0,0.0,2020-01-09 09:41:42.855480,308.1,308.15,0
2020-01-09 09:41:43,N,AAPL,308.1,1.0,308.15,4.0,0.0,2.0,2020-01-09 09:41:43.471187,308.12,308.15,0
2020-01-09 09:41:49,N,AAPL,308.12,4.0,308.15,2.0,3.0,0.0,2020-01-09 09:41:49.661618,308.14,308.19,0
2020-01-09 09:41:50,N,AAPL,308.14,4.0,308.19,1.0,3.0,-1.0,2020-01-09 09:41:50.401520,308.13,308.17,0
2020-01-09 09:41:51,N,AAPL,308.13,1.0,308.17,2.0,0.0,0.0,2020-01-09 09:41:51.034644,308.14,308.16,0
2020-01-09 09:41:54,N,AAPL,308.14,1.0,308.16,2.0,0.0,0.0,2020-01-09 09:41:54.281916,308.11,308.12,-1
2020-01-09 09:41:55,N,AAPL,308.11,1.0,308.12,1.0,0.0,-2.0,2020-01-09 09:41:55.206306,308.0,308.03,-1
2020-01-09 09:41:56,N,AAPL,308.0,2.0,308.03,1.0,1.0,-5.0,2020-01-09 09:41:56.109917,307.95,308.0,0
2020-01-09 09:41:57,N,AAPL,307.95,8.0,308.0,5.0,7.0,3.0,2020-01-09 09:41:57.012114,307.9,307.94,-1
2020-01-09 09:41:58,N,AAPL,307.9,12.0,307.94,4.0,7.0,3.0,2020-01-09 09:41:58.009539,307.87,307.88,-1
2020-01-09 09:42:00,N,AAPL,307.87,1.0,307.88,6.0,-1.0,5.0,2020-01-09 09:42:00.358561,307.81,307.84,-1
2020-01-09 09:42:02,N,AAPL,307.81,2.0,307.84,3.0,0.0,0.0,2020-01-09 09:42:02.476149,307.89,307.91,1
2020-01-09 09:42:03,N,AAPL,307.89,2.0,307.91,2.0,0.0,-1.0,2020-01-09 09:42:03.896449,307.83,307.87,-1
2020-01-09 09:42:04,N,AAPL,307.83,1.0,307.87,1.0,-1.0,-1.0,2020-01-09 09:42:04.010079,307.75,307.79,-1
2020-01-09 09:42:05,N,AAPL,307.75,1.0,307.79,1.0,0.0,0.0,2020-01-09 09:42:05.504579,307.75,307.76,0
2020-01-09 09:42:06,N,AAPL,307.75,1.0,307.76,1.0,0.0,0.0,2020-01-09 09:42:06.161827,307.79,307.8,1
2020-01-09 09:42:07,N,AAPL,307.79,1.0,307.8,1.0,0.0,0.0,2020-01-09 09:42:07.418264,307.7,307.71,-1
2020-01-09 09:42:08,N,AAPL,307.7,2.0,307.71,1.0,1.0,-2.0,2020-01-09 09:42:08.618303,307.69,307.74,0
2020-01-09 09:42:09,N,AAPL,307.69,1.0,307.74,2.0,0.0,-2.0,2020-01-09 09:42:09.148536,307.65,307.69,0
2020-01-09 09:42:10,N,AAPL,307.65,2.0,307.69,1.0,1.0,-1.0,2020-01-09 09:42:10.262495,307.71,307.74,1
2020-01-09 09:42:11,N,AAPL,307.71,2.0,307.74,2.0,1.0,-2.0,2020-01-09 09:42:11.855877,307.77,307.8,1
2020-01-09 09:42:12,N,AAPL,307.77,2.0,307.8,2.0,1.0,0.0,2020-01-09 09:42:12.141347,307.76,307.77,0
2020-01-09 09:42:14,N,AAPL,307.76,1.0,307.77,1.0,-2.0,-1.0,2020-01-09 09:42:14.283090,307.64,307.68,-1
2020-01-09 09:42:15,N,AAPL,307.64,1.0,307.68,3.0,-2.0,2.0,2020-01-09 09:42:15.040158,307.66,307.72,0
2020-01-09 09:42:16,N,AAPL,307.66,1.0,307.72,3.0,0.0,0.0,2020-01-09 09:42:16.013664,307.66,307.69,0
2020-01-09 09:42:17,N,AAPL,307.66,2.0,307.69,3.0,1.0,0.0,2020-01-09 09:42:17.297473,307.66,307.69,0
2020-01-09 09:42:20,N,AAPL,307.66,1.0,307.69,4.0,-1.0,1.0,2020-01-09 09:42:20.006179,307.66,307.71,0
2020-01-09 09:42:23,N,AAPL,307.66,2.0,307.71,5.0,1.0,4.0,2020-01-09 09:42:23.143853,307.65,307.7,0
2020-01-09 09:42:24,N,AAPL,307.65,3.0,307.7,4.0,1.0,-1.0,2020-01-09 09:42:24.143733,307.65,307.69,0
2020-01-09 09:42:25,N,AAPL,307.65,1.0,307.69,3.0,0.0,2.0,2020-01-09 09:42:25.360126,307.75,307.78,1
2020-01-09 09:42:26,N,AAPL,307.75,1.0,307.78,1.0,0.0,-1.0,2020-01-09 09:42:26.008158,307.74,307.77,0
2020-01-09 09:42:27,N,AAPL,307.74,1.0,307.77,4.0,0.0,-1.0,2020-01-09 09:42:27.707694,307.72,307.75,0
2020-01-09 09:42:28,N,AAPL,307.72,1.0,307.75,2.0,0.0,-2.0,2020-01-09 09:42:28.993178,307.73,307.76,0
2020-01-09 09:42:29,N,AAPL,307.73,1.0,307.76,3.0,0.0,1.0,2020-01-09 09:42:29.766322,307.74,307.77,0
2020-01-09 09:42:30,N,AAPL,307.74,1.0,307.77,3.0,0.0,2.0,2020-01-09 09:42:30.872781,307.74,307.77,0
2020-01-09 09:42:31,N,AAPL,307.74,2.0,307.77,2.0,1.0,1.0,2020-01-09 09:42:31.123039,307.78,307.81,1
2020-01-09 09:42:32,N,AAPL,307.78,1.0,307.81,2.0,-2.0,-3.0,2020-01-09 09:42:32.317686,307.79,307.83,0
2020-01-09 09:42:35,N,AAPL,307.79,3.0,307.83,4.0,2.0,2.0,2020-01-09 09:42:35.270117,307.78,307.81,0
2020-01-09 09:42:36,N,AAPL,307.78,1.0,307.81,4.0,-2.0,1.0,2020-01-09 09:42:36.316449,307.8,307.82,0
2020-01-09 09:42:37,N,AAPL,307.8,1.0,307.82,2.0,0.0,-1.0,2020-01-09 09:42:37.177313,307.8,307.83,0
2020-01-09 09:42:38,N,AAPL,307.8,2.0,307.83,1.0,0.0,-1.0,2020-01-09 09:42:38.125887,307.84,307.88,1
2020-01-09 09:42:39,N,AAPL,307.84,3.0,307.88,36.0,1.0,35.0,2020-01-09 09:42:39.475056,307.89,307.93,1
2020-01-09 09:42:40,N,AAPL,307.89,3.0,307.93,2.0,0.0,-34.0,2020-01-09 09:42:40.139744,307.99,308.01,1
2020-01-09 09:42:42,N,AAPL,307.99,2.0,308.01,2.0,1.0,1.0,2020-01-09 09:42:42.061308,308.02,308.06,1
2020-01-09 09:42:43,N,AAPL,308.02,1.0,308.06,1.0,0.0,-1.0,2020-01-09 09:42:43.364246,308.02,308.06,0
2020-01-09 09:42:44,N,AAPL,308.02,3.0,308.06,3.0,2.0,2.0,2020-01-09 09:42:44.659396,308.02,308.07,0
2020-01-09 09:42:45,N,AAPL,308.02,2.0,308.07,2.0,1.0,0.0,2020-01-09 09:42:45.195260,308.02,308.07,0
2020-01-09 09:42:46,N,AAPL,308.02,4.0,308.07,2.0,1.0,0.0,2020-01-09 09:42:46.055201,307.99,308.04,0
2020-01-09 09:42:47,N,AAPL,307.99,1.0,308.04,4.0,-2.0,2.0,2020-01-09 09:42:47.472544,308.1,308.12,1
2020-01-09 09:42:50,N,AAPL,308.1,1.0,308.12,2.0,0.0,1.0,2020-01-09 09:42:50.593876,308.11,308.15,0
2020-01-09 09:42:51,N,AAPL,308.11,2.0,308.15,4.0,0.0,3.0,2020-01-09 09:42:51.463382,308.14,308.16,0
2020-01-09 09:42:52,N,AAPL,308.14,1.0,308.16,1.0,0.0,-3.0,2020-01-09 09:42:52.016938,308.2,308.25,1
2020-01-09 09:42:53,N,AAPL,308.2,10.0,308.25,3.0,9.0,2.0,2020-01-09 09:42:53.082674,308.3,308.33,1
2020-01-09 09:42:54,N,AAPL,308.3,3.0,308.33,1.0,-8.0,0.0,2020-01-09 09:42:54.039973,308.33,308.37,0
2020-01-09 09:42:56,N,AAPL,308.33,3.0,308.37,2.0,-2.0,0.0,2020-01-09 09:42:56.141841,308.27,308.3,-1
2020-01-09 09:42:57,N,AAPL,308.27,1.0,308.3,2.0,0.0,-1.0,2020-01-09 09:42:57.737158,308.36,308.4,1
2020-01-09 09:42:58,N,AAPL,308.36,2.0,308.4,2.0,0.0,0.0,2020-01-09 09:42:58.011178,308.36,308.4,0
2020-01-09 09:42:59,N,AAPL,308.36,1.0,308.4,2.0,0.0,0.0,2020-01-09 09:42:59.008568,308.38,308.42,0
2020-01-09 09:43:00,N,AAPL,308.38,5.0,308.42,2.0,4.0,0.0,2020-01-09 09:43:00.062716,308.39,308.43,0
2020-01-09 09:43:01,N,AAPL,308.39,1.0,308.43,1.0,-2.0,-2.0,2020-01-09 09:43:01.003971,308.33,308.38,-1
2020-01-09 09:43:03,N,AAPL,308.33,2.0,308.38,2.0,1.0,0.0,2020-01-09 09:43:03.095559,308.34,308.38,0
2020-01-09 09:43:04,N,AAPL,308.34,1.0,308.38,4.0,0.0,3.0,2020-01-09 09:43:04.108704,308.34,308.39,0
2020-01-09 09:43:05,N,AAPL,308.34,1.0,308.39,4.0,-1.0,1.0,2020-01-09 09:43:05.018273,308.44,308.47,1
2020-01-09 09:43:06,N,AAPL,308.44,1.0,308.47,20.0,-1.0,19.0,2020-01-09 09:43:06.521462,308.42,308.46,0
2020-01-09 09:43:07,N,AAPL,308.42,3.0,308.46,1.0,1.0,0.0,2020-01-09 09:43:07.510908,308.38,308.42,0
2020-01-09 09:43:08,N,AAPL,308.38,2.0,308.42,2.0,0.0,0.0,2020-01-09 09:43:08.210064,308.4,308.42,0
2020-01-09 09:43:09,N,AAPL,308.4,1.0,308.42,2.0,-1.0,1.0,2020-01-09 09:43:09.162257,308.4,308.43,0
2020-01-09 09:43:12,N,AAPL,308.4,2.0,308.43,2.0,1.0,1.0,2020-01-09 09:43:12.638757,308.34,308.37,-1
2020-01-09 09:43:13,N,AAPL,308.34,2.0,308.37,2.0,-1.0,1.0,2020-01-09 09:43:13.457684,308.32,308.37,0
2020-01-09 09:43:14,N,AAPL,308.32,1.0,308.37,3.0,-3.0,-1.0,2020-01-09 09:43:14.006371,308.29,308.33,0
2020-01-09 09:43:15,N,AAPL,308.29,1.0,308.33,3.0,0.0,1.0,2020-01-09 09:43:15.182089,308.3,308.34,0
2020-01-09 09:43:16,N,AAPL,308.3,1.0,308.34,1.0,0.0,0.0,2020-01-09 09:43:16.069895,308.31,308.35,0
2020-01-09 09:43:17,N,AAPL,308.31,1.0,308.35,2.0,0.0,1.0,2020-01-09 09:43:17.139594,308.38,308.42,1
2020-01-09 09:43:18,N,AAPL,308.38,2.0,308.42,1.0,1.0,0.0,2020-01-09 09:43:18.807236,308.38,308.42,0
2020-01-09 09:43:19,N,AAPL,308.38,1.0,308.42,2.0,-3.0,1.0,2020-01-09 09:43:19.506812,308.35,308.39,0
2020-01-09 09:43:20,N,AAPL,308.35,4.0,308.39,6.0,3.0,4.0,2020-01-09 09:43:20.334951,308.38,308.42,0
2020-01-09 09:43:21,N,AAPL,308.38,5.0,308.42,2.0,4.0,0.0,2020-01-09 09:43:21.131661,308.37,308.4,0
2020-01-09 09:43:22,N,AAPL,308.37,4.0,308.4,1.0,1.0,-1.0,2020-01-09 09:43:22.198773,308.37,308.41,0
2020-01-09 09:43:23,N,AAPL,308.37,2.0,308.41,1.0,-1.0,0.0,2020-01-09 09:43:23.008472,308.4,308.43,0
2020-01-09 09:43:24,N,AAPL,308.4,2.0,308.43,2.0,0.0,1.0,2020-01-09 09:43:24.226700,308.41,308.45,0
2020-01-09 09:43:25,N,AAPL,308.41,4.0,308.45,6.0,3.0,4.0,2020-01-09 09:43:25.307339,308.45,308.46,0
2020-01-09 09:43:26,N,AAPL,308.45,2.0,308.46,2.0,0.0,1.0,2020-01-09 09:43:26.253220,308.45,308.48,0
2020-01-09 09:43:27,N,AAPL,308.45,2.0,308.48,4.0,0.0,0.0,2020-01-09 09:43:27.104058,308.42,308.45,0
2020-01-09 09:43:28,N,AAPL,308.42,2.0,308.45,1.0,1.0,0.0,2020-01-09 09:43:28.046066,308.42,308.45,0
2020-01-09 09:43:29,N,AAPL,308.42,4.0,308.45,2.0,3.0,0.0,2020-01-09 09:43:29.754931,308.42,308.46,0
2020-01-09 09:43:30,N,AAPL,308.42,2.0,308.46,5.0,-1.0,4.0,2020-01-09 09:43:30.045965,308.4,308.44,0
2020-01-09 09:43:31,N,AAPL,308.4,1.0,308.44,2.0,0.0,1.0,2020-01-09 09:43:31.293382,308.45,308.48,1
2020-01-09 09:43:32,N,AAPL,308.45,4.0,308.48,1.0,2.0,-1.0,2020-01-09 09:43:32.450087,308.47,308.5,0
2020-01-09 09:43:33,N,AAPL,308.47,2.0,308.5,36.0,-2.0,35.0,2020-01-09 09:43:33.106168,308.47,308.51,0
2020-01-09 09:43:34,N,AAPL,308.47,2.0,308.51,3.0,0.0,2.0,2020-01-09 09:43:34.367311,308.55,308.57,1
2020-01-09 09:43:36,N,AAPL,308.55,3.0,308.57,2.0,1.0,-5.0,2020-01-09 09:43:36.913013,308.55,308.57,0
2020-01-09 09:43:37,N,AAPL,308.55,2.0,308.57,2.0,-1.0,0.0,2020-01-09 09:43:37.074732,308.53,308.56,0
2020-01-09 09:43:38,N,AAPL,308.53,2.0,308.56,1.0,0.0,-1.0,2020-01-09 09:43:38.322963,308.46,308.49,-1
2020-01-09 09:43:39,N,AAPL,308.46,2.0,308.49,5.0,0.0,3.0,2020-01-09 09:43:39.252469,308.41,308.45,-1
2020-01-09 09:43:40,N,AAPL,308.41,2.0,308.45,3.0,1.0,1.0,2020-01-09 09:43:40.117685,308.41,308.46,0
2020-01-09 09:43:41,N,AAPL,308.41,4.0,308.46,2.0,3.0,-1.0,2020-01-09 09:43:41.439666,308.37,308.42,0
2020-01-09 09:43:42,N,AAPL,308.37,5.0,308.42,2.0,4.0,1.0,2020-01-09 09:43:42.781648,308.46,308.49,1
2020-01-09 09:43:44,N,AAPL,308.46,2.0,308.49,3.0,0.0,1.0,2020-01-09 09:43:44.137747,308.47,308.51,0
2020-01-09 09:43:45,N,AAPL,308.47,2.0,308.51,5.0,1.0,4.0,2020-01-09 09:43:45.506434,308.48,308.51,0
2020-01-09 09:43:47,N,AAPL,308.48,4.0,308.51,5.0,2.0,4.0,2020-01-09 09:43:47.368352,308.47,308.51,0
2020-01-09 09:43:48,N,AAPL,308.47,2.0,308.51,3.0,-3.0,-2.0,2020-01-09 09:43:48.428510,308.48,308.51,0
2020-01-09 09:43:49,N,AAPL,308.48,1.0,308.51,2.0,0.0,-1.0,2020-01-09 09:43:49.054479,308.48,308.5,0
2020-01-09 09:43:50,N,AAPL,308.48,1.0,308.5,1.0,-1.0,-1.0,2020-01-09 09:43:50.807633,308.47,308.5,0
2020-01-09 09:43:51,N,AAPL,308.47,2.0,308.5,2.0,1.0,1.0,2020-01-09 09:43:51.363063,308.47,308.5,0
2020-01-09 09:43:52,N,AAPL,308.47,1.0,308.5,1.0,0.0,-1.0,2020-01-09 09:43:52.028778,308.52,308.54,1
2020-01-09 09:43:53,N,AAPL,308.52,2.0,308.54,2.0,-1.0,1.0,2020-01-09 09:43:53.887354,308.53,308.54,0
2020-01-09 09:43:56,N,AAPL,308.53,2.0,308.54,1.0,0.0,-1.0,2020-01-09 09:43:56.912278,308.5,308.53,0
2020-01-09 09:43:58,N,AAPL,308.5,4.0,308.53,4.0,2.0,3.0,2020-01-09 09:43:58.177171,308.5,308.52,0
2020-01-09 09:43:59,N,AAPL,308.5,4.0,308.52,4.0,0.0,0.0,2020-01-09 09:43:59.117742,308.5,308.54,0
2020-01-09 09:44:00,N,AAPL,308.5,2.0,308.54,1.0,0.0,-1.0,2020-01-09 09:44:00.689012,308.49,308.51,0
2020-01-09 09:44:01,N,AAPL,308.49,2.0,308.51,4.0,-1.0,2.0,2020-01-09 09:44:01.145823,308.44,308.48,-1
2020-01-09 09:44:02,N,AAPL,308.44,2.0,308.48,4.0,-6.0,1.0,2020-01-09 09:44:02.418089,308.49,308.53,1
2020-01-09 09:44:03,N,AAPL,308.49,1.0,308.53,1.0,-2.0,0.0,2020-01-09 09:44:03.342959,308.51,308.53,0
2020-01-09 09:44:05,N,AAPL,308.51,1.0,308.53,2.0,-2.0,1.0,2020-01-09 09:44:05.975225,308.51,308.53,0
2020-01-09 09:44:06,N,AAPL,308.51,4.0,308.53,1.0,3.0,-1.0,2020-01-09 09:44:06.210930,308.48,308.53,0
2020-01-09 09:44:07,N,AAPL,308.48,5.0,308.53,2.0,3.0,0.0,2020-01-09 09:44:07.132420,308.46,308.51,0
2020-01-09 09:44:08,N,AAPL,308.46,3.0,308.51,2.0,-30.0,0.0,2020-01-09 09:44:08.407381,308.58,308.59,1
2020-01-09 09:44:09,N,AAPL,308.58,2.0,308.59,2.0,-3.0,0.0,2020-01-09 09:44:09.182100,308.56,308.6,0
2020-01-09 09:44:10,N,AAPL,308.56,2.0,308.6,2.0,-3.0,1.0,2020-01-09 09:44:10.243887,308.65,308.68,1
2020-01-09 09:44:11,N,AAPL,308.65,1.0,308.68,1.0,-1.0,0.0,2020-01-09 09:44:11.820392,308.67,308.69,0
2020-01-09 09:44:12,N,AAPL,308.67,3.0,308.69,1.0,2.0,0.0,2020-01-09 09:44:12.025727,308.65,308.69,0
2020-01-09 09:44:13,N,AAPL,308.65,2.0,308.69,3.0,1.0,0.0,2020-01-09 09:44:13.017149,308.64,308.67,0
2020-01-09 09:44:14,N,AAPL,308.64,2.0,308.67,1.0,0.0,0.0,2020-01-09 09:44:14.011110,308.64,308.66,0
2020-01-09 09:44:15,N,AAPL,308.64,1.0,308.66,4.0,-1.0,3.0,2020-01-09 09:44:15.563898,308.62,308.65,0
2020-01-09 09:44:16,N,AAPL,308.62,1.0,308.65,4.0,-2.0,2.0,2020-01-09 09:44:16.585393,308.64,308.67,0
2020-01-09 09:44:17,N,AAPL,308.64,2.0,308.67,1.0,0.0,-2.0,2020-01-09 09:44:17.007938,308.64,308.67,0
2020-01-09 09:44:18,N,AAPL,308.64,1.0,308.67,2.0,0.0,-2.0,2020-01-09 09:44:18.127975,308.66,308.69,0
2020-01-09 09:44:19,N,AAPL,308.66,1.0,308.69,2.0,-1.0,0.0,2020-01-09 09:44:19.965401,308.6,308.62,-1
2020-01-09 09:44:20,N,AAPL,308.6,2.0,308.62,2.0,1.0,0.0,2020-01-09 09:44:20.880477,308.6,308.64,0
2020-01-09 09:44:21,N,AAPL,308.6,2.0,308.64,3.0,0.0,1.0,2020-01-09 09:44:21.264921,308.64,308.66,0
2020-01-09 09:44:22,N,AAPL,308.64,4.0,308.66,2.0,2.0,1.0,2020-01-09 09:44:22.246732,308.66,308.7,0
2020-01-09 09:44:23,N,AAPL,308.66,5.0,308.7,1.0,3.0,0.0,2020-01-09 09:44:23.608725,308.67,308.71,0
2020-01-09 09:44:28,N,AAPL,308.67,2.0,308.71,3.0,0.0,1.0,2020-01-09 09:44:28.070091,308.66,308.7,0
2020-01-09 09:44:29,N,AAPL,308.66,4.0,308.7,1.0,0.0,0.0,2020-01-09 09:44:29.293778,308.66,308.72,0
2020-01-09 09:44:30,N,AAPL,308.66,2.0,308.72,4.0,0.0,3.0,2020-01-09 09:44:30.045430,308.71,308.73,0
2020-01-09 09:44:32,N,AAPL,308.71,1.0,308.73,1.0,-9.0,-3.0,2020-01-09 09:44:32.199702,308.73,308.76,0
2020-01-09 09:44:33,N,AAPL,308.73,2.0,308.76,1.0,1.0,0.0,2020-01-09 09:44:33.463684,308.74,308.77,0
2020-01-09 09:44:35,N,AAPL,308.74,2.0,308.77,34.0,0.0,33.0,2020-01-09 09:44:35.022822,308.79,308.81,1
2020-01-09 09:44:38,N,AAPL,308.79,4.0,308.81,10.0,2.0,-24.0,2020-01-09 09:44:38.425106,308.8,308.83,0
2020-01-09 09:44:39,N,AAPL,308.8,2.0,308.83,4.0,-2.0,-6.0,2020-01-09 09:44:39.226601,308.84,308.88,1
2020-01-09 09:44:41,N,AAPL,308.84,4.0,308.88,11.0,3.0,9.0,2020-01-09 09:44:41.193950,308.81,308.85,0
2020-01-09 09:44:42,N,AAPL,308.81,2.0,308.85,2.0,0.0,1.0,2020-01-09 09:44:42.011976,308.79,308.82,0
2020-01-09 09:44:43,N,AAPL,308.79,2.0,308.82,2.0,1.0,-1.0,2020-01-09 09:44:43.180552,308.78,308.82,0
2020-01-09 09:44:44,N,AAPL,308.78,1.0,308.82,3.0,-1.0,2.0,2020-01-09 09:44:44.688813,308.77,308.8,0
2020-01-09 09:44:45,N,AAPL,308.77,2.0,308.8,6.0,0.0,4.0,2020-01-09 09:44:45.132449,308.84,308.86,1
2020-01-09 09:44:46,N,AAPL,308.84,1.0,308.86,1.0,-2.0,0.0,2020-01-09 09:44:46.709158,308.83,308.87,0
2020-01-09 09:44:47,N,AAPL,308.83,1.0,308.87,4.0,0.0,2.0,2020-01-09 09:44:47.178013,308.81,308.84,0
2020-01-09 09:44:48,N,AAPL,308.81,1.0,308.84,1.0,0.0,0.0,2020-01-09 09:44:48.125503,308.82,308.85,0
2020-01-09 09:44:49,N,AAPL,308.82,2.0,308.85,1.0,1.0,0.0,2020-01-09 09:44:49.092903,308.85,308.88,0
2020-01-09 09:44:50,N,AAPL,308.85,1.0,308.88,2.0,-1.0,0.0,2020-01-09 09:44:50.211367,308.82,308.87,0
2020-01-09 09:44:51,N,AAPL,308.82,4.0,308.87,3.0,2.0,1.0,2020-01-09 09:44:51.610285,308.76,308.79,-1
2020-01-09 09:44:52,N,AAPL,308.76,2.0,308.79,3.0,-1.0,1.0,2020-01-09 09:44:52.849551,308.75,308.77,0
2020-01-09 09:44:53,N,AAPL,308.75,1.0,308.77,4.0,0.0,2.0,2020-01-09 09:44:53.015979,308.71,308.74,-1
2020-01-09 09:44:54,N,AAPL,308.71,1.0,308.74,1.0,0.0,0.0,2020-01-09 09:44:54.100230,308.75,308.79,1
2020-01-09 09:44:55,N,AAPL,308.75,2.0,308.79,3.0,1.0,2.0,2020-01-09 09:44:55.556369,308.71,308.73,-1
2020-01-09 09:44:56,N,AAPL,308.71,1.0,308.73,4.0,-1.0,1.0,2020-01-09 09:44:56.033863,308.65,308.68,-1
2020-01-09 09:44:57,N,AAPL,308.65,2.0,308.68,3.0,1.0,2.0,2020-01-09 09:44:57.027948,308.71,308.74,1
2020-01-09 09:44:58,N,AAPL,308.71,3.0,308.74,1.0,2.0,0.0,2020-01-09 09:44:58.259185,308.73,308.75,0
2020-01-09 09:44:59,N,AAPL,308.73,1.0,308.75,1.0,-1.0,0.0,2020-01-09 09:44:59.255159,308.72,308.75,0
2020-01-09 09:45:00,N,AAPL,308.72,1.0,308.75,2.0,0.0,-1.0,2020-01-09 09:45:00.022755,308.71,308.74,0
2020-01-09 09:45:01,N,AAPL,308.71,4.0,308.74,1.0,3.0,-1.0,2020-01-09 09:45:01.000232,308.73,308.78,0
2020-01-09 09:45:02,N,AAPL,308.73,5.0,308.78,1.0,4.0,-2.0,2020-01-09 09:45:02.113893,308.73,308.76,0
2020-01-09 09:45:03,N,AAPL,308.73,1.0,308.76,1.0,0.0,-2.0,2020-01-09 09:45:03.015700,308.66,308.68,-1
2020-01-09 09:45:04,N,AAPL,308.66,1.0,308.68,2.0,-1.0,1.0,2020-01-09 09:45:04.660944,308.61,308.65,-1
2020-01-09 09:45:05,N,AAPL,308.61,4.0,308.65,2.0,2.0,-1.0,2020-01-09 09:45:05.039877,308.61,308.66,0
2020-01-09 09:45:06,N,AAPL,308.61,2.0,308.66,5.0,0.0,0.0,2020-01-09 09:45:06.321547,308.6,308.62,0
2020-01-09 09:45:07,N,AAPL,308.6,1.0,308.62,4.0,-1.0,1.0,2020-01-09 09:45:07.145157,308.53,308.57,-1
2020-01-09 09:45:08,N,AAPL,308.53,2.0,308.57,2.0,-1.0,0.0,2020-01-09 09:45:08.506712,308.55,308.59,0
2020-01-09 09:45:09,N,AAPL,308.55,5.0,308.59,1.0,4.0,-2.0,2020-01-09 09:45:09.356615,308.59,308.64,0
2020-01-09 09:45:10,N,AAPL,308.59,2.0,308.64,5.0,0.0,4.0,2020-01-09 09:45:10.049711,308.59,308.62,0
2020-01-09 09:45:11,N,AAPL,308.59,2.0,308.62,2.0,0.0,-1.0,2020-01-09 09:45:11.515012,308.6,308.63,0
2020-01-09 09:45:12,N,AAPL,308.6,2.0,308.63,3.0,-2.0,2.0,2020-01-09 09:45:12.486536,308.61,308.63,0
2020-01-09 09:45:13,N,AAPL,308.61,2.0,308.63,2.0,-2.0,-1.0,2020-01-09 09:45:13.913553,308.64,308.68,1
2020-01-09 09:45:14,N,AAPL,308.64,5.0,308.68,2.0,-2.0,1.0,2020-01-09 09:45:14.016793,308.67,308.7,0
2020-01-09 09:45:15,N,AAPL,308.67,2.0,308.7,3.0,1.0,1.0,2020-01-09 09:45:15.561199,308.64,308.68,0
2020-01-09 09:45:16,N,AAPL,308.64,3.0,308.68,1.0,1.0,0.0,2020-01-09 09:45:16.354386,308.62,308.66,0
2020-01-09 09:45:17,N,AAPL,308.62,2.0,308.66,1.0,-3.0,0.0,2020-01-09 09:45:17.044252,308.59,308.61,-1
2020-01-09 09:45:18,N,AAPL,308.59,3.0,308.61,2.0,1.0,1.0,2020-01-09 09:45:18.923494,308.57,308.61,0
2020-01-09 09:45:19,N,AAPL,308.57,1.0,308.61,2.0,-2.0,1.0,2020-01-09 09:45:19.196567,308.6,308.64,0
2020-01-09 09:45:20,N,AAPL,308.6,1.0,308.64,4.0,0.0,2.0,2020-01-09 09:45:20.125027,308.59,308.63,0
2020-01-09 09:45:21,N,AAPL,308.59,2.0,308.63,1.0,0.0,-2.0,2020-01-09 09:45:21.806009,308.62,308.66,0
2020-01-09 09:45:22,N,AAPL,308.62,1.0,308.66,2.0,-1.0,1.0,2020-01-09 09:45:22.054887,308.69,308.73,1
2020-01-09 09:45:23,N,AAPL,308.69,3.0,308.73,1.0,0.0,0.0,2020-01-09 09:45:23.058185,308.65,308.69,0
2020-01-09 09:45:24,N,AAPL,308.65,2.0,308.69,1.0,-1.0,0.0,2020-01-09 09:45:24.045473,308.7,308.73,1
2020-01-09 09:45:25,N,AAPL,308.7,5.0,308.73,2.0,3.0,1.0,2020-01-09 09:45:25.008020,308.73,308.75,0
2020-01-09 09:45:26,N,AAPL,308.73,1.0,308.75,1.0,-1.0,-1.0,2020-01-09 09:45:26.035899,308.76,308.78,1
2020-01-09 09:45:27,N,AAPL,308.76,1.0,308.78,3.0,0.0,2.0,2020-01-09 09:45:27.044466,308.75,308.76,0
2020-01-09 09:45:28,N,AAPL,308.75,2.0,308.76,4.0,0.0,3.0,2020-01-09 09:45:28.004744,308.65,308.67,-1
2020-01-09 09:45:29,N,AAPL,308.65,1.0,308.67,1.0,-33.0,0.0,2020-01-09 09:45:29.370829,308.67,308.71,0
2020-01-09 09:45:30,N,AAPL,308.67,2.0,308.71,1.0,0.0,-1.0,2020-01-09 09:45:30.007461,308.71,308.74,0
2020-01-09 09:45:31,N,AAPL,308.71,2.0,308.74,6.0,1.0,5.0,2020-01-09 09:45:31.213199,308.68,308.71,0
2020-01-09 09:45:32,N,AAPL,308.68,1.0,308.71,2.0,-1.0,-1.0,2020-01-09 09:45:32.473646,308.69,308.72,0
2020-01-09 09:45:33,N,AAPL,308.69,1.0,308.72,2.0,-1.0,0.0,2020-01-09 09:45:33.172992,308.7,308.72,0
2020-01-09 09:45:35,N,AAPL,308.7,2.0,308.72,5.0,0.0,4.0,2020-01-09 09:45:35.271225,308.71,308.73,0
2020-01-09 09:45:37,N,AAPL,308.71,5.0,308.73,2.0,3.0,-3.0,2020-01-09 09:45:37.317260,308.74,308.77,1
2020-01-09 09:45:38,N,AAPL,308.74,2.0,308.77,2.0,-2.0,1.0,2020-01-09 09:45:38.082231,308.72,308.75,0
2020-01-09 09:45:39,N,AAPL,308.72,2.0,308.75,1.0,0.0,0.0,2020-01-09 09:45:39.401149,308.75,308.77,0
2020-01-09 09:45:41,N,AAPL,308.75,3.0,308.77,2.0,1.0,1.0,2020-01-09 09:45:41.878843,308.75,308.78,0
2020-01-09 09:45:42,N,AAPL,308.75,2.0,308.78,4.0,-1.0,2.0,2020-01-09 09:45:42.258947,308.74,308.77,0
2020-01-09 09:45:43,N,AAPL,308.74,1.0,308.77,2.0,0.0,-3.0,2020-01-09 09:45:43.353600,308.74,308.76,0
2020-01-09 09:45:44,N,AAPL,308.74,4.0,308.76,1.0,3.0,-1.0,2020-01-09 09:45:44.817552,308.76,308.79,0
2020-01-09 09:45:45,N,AAPL,308.76,1.0,308.79,3.0,-1.0,-1.0,2020-01-09 09:45:45.416507,308.7,308.73,-1
2020-01-09 09:45:48,N,AAPL,308.7,1.0,308.73,1.0,-1.0,0.0,2020-01-09 09:45:48.575173,308.73,308.75,0
2020-01-09 09:45:49,N,AAPL,308.73,1.0,308.75,2.0,0.0,1.0,2020-01-09 09:45:49.248269,308.77,308.79,1
2020-01-09 09:45:50,N,AAPL,308.77,4.0,308.79,3.0,3.0,0.0,2020-01-09 09:45:50.216182,308.77,308.79,0
2020-01-09 09:45:51,N,AAPL,308.77,1.0,308.79,1.0,0.0,0.0,2020-01-09 09:45:51.397481,308.77,308.79,0
2020-01-09 09:45:52,N,AAPL,308.77,1.0,308.79,1.0,-1.0,0.0,2020-01-09 09:45:52.007707,308.76,308.79,0
2020-01-09 09:45:53,N,AAPL,308.76,1.0,308.79,2.0,0.0,1.0,2020-01-09 09:45:53.215159,308.77,308.79,0
2020-01-09 09:45:55,N,AAPL,308.77,3.0,308.79,1.0,2.0,-1.0,2020-01-09 09:45:55.135491,308.8,308.82,1
2020-01-09 09:45:56,N,AAPL,308.8,4.0,308.82,5.0,1.0,2.0,2020-01-09 09:45:56.256854,308.79,308.82,0
2020-01-09 09:45:58,N,AAPL,308.79,1.0,308.82,10.0,-1.0,7.0,2020-01-09 09:45:58.236717,308.82,308.86,0
2020-01-09 09:46:05,N,AAPL,308.82,5.0,308.86,1.0,1.0,-9.0,2020-01-09 09:46:05.719373,308.84,308.87,0
2020-01-09 09:46:07,N,AAPL,308.84,1.0,308.87,4.0,0.0,3.0,2020-01-09 09:46:07.505657,308.84,308.87,0
2020-01-09 09:46:09,N,AAPL,308.84,1.0,308.87,7.0,0.0,3.0,2020-01-09 09:46:09.233318,308.85,308.88,0
2020-01-09 09:46:10,N,AAPL,308.85,3.0,308.88,8.0,0.0,0.0,2020-01-09 09:46:10.027433,308.87,308.89,0
2020-01-09 09:46:12,N,AAPL,308.87,2.0,308.89,4.0,-1.0,-4.0,2020-01-09 09:46:12.835271,308.85,308.88,0
2020-01-09 09:46:13,N,AAPL,308.85,1.0,308.88,1.0,-1.0,-4.0,2020-01-09 09:46:13.006190,308.84,308.87,0
2020-01-09 09:46:14,N,AAPL,308.84,3.0,308.87,1.0,2.0,-1.0,2020-01-09 09:46:14.503606,308.82,308.85,0
2020-01-09 09:46:17,N,AAPL,308.82,1.0,308.85,3.0,-1.0,0.0,2020-01-09 09:46:17.629097,308.82,308.85,0
2020-01-09 09:46:18,N,AAPL,308.82,2.0,308.85,1.0,1.0,-1.0,2020-01-09 09:46:18.050396,308.82,308.84,0
2020-01-09 09:46:19,N,AAPL,308.82,1.0,308.84,3.0,0.0,1.0,2020-01-09 09:46:19.085371,308.79,308.81,-1
2020-01-09 09:46:21,N,AAPL,308.79,1.0,308.81,1.0,0.0,0.0,2020-01-09 09:46:21.489347,308.82,308.85,1
2020-01-09 09:46:22,N,AAPL,308.82,1.0,308.85,2.0,0.0,1.0,2020-01-09 09:46:22.515678,308.73,308.8,-1
2020-01-09 09:46:24,N,AAPL,308.73,1.0,308.8,1.0,-1.0,-1.0,2020-01-09 09:46:24.433837,308.61,308.65,-1
2020-01-09 09:46:26,N,AAPL,308.61,5.0,308.65,1.0,4.0,0.0,2020-01-09 09:46:26.256774,308.68,308.72,1
2020-01-09 09:46:27,N,AAPL,308.68,3.0,308.72,1.0,2.0,0.0,2020-01-09 09:46:27.814373,308.63,308.67,-1
2020-01-09 09:46:28,N,AAPL,308.63,1.0,308.67,4.0,-2.0,3.0,2020-01-09 09:46:28.615694,308.61,308.65,0
2020-01-09 09:46:29,N,AAPL,308.61,3.0,308.65,5.0,2.0,2.0,2020-01-09 09:46:29.012851,308.6,308.62,0
2020-01-09 09:46:32,N,AAPL,308.6,1.0,308.62,1.0,-2.0,-1.0,2020-01-09 09:46:32.328537,308.66,308.69,1
2020-01-09 09:46:33,N,AAPL,308.66,1.0,308.69,4.0,-1.0,-1.0,2020-01-09 09:46:33.068479,308.6,308.63,-1
2020-01-09 09:46:34,N,AAPL,308.6,1.0,308.63,4.0,-3.0,1.0,2020-01-09 09:46:34.390740,308.5,308.52,-1
2020-01-09 09:46:38,N,AAPL,308.5,4.0,308.52,4.0,2.0,3.0,2020-01-09 09:46:38.385193,308.53,308.54,1
2020-01-09 09:46:39,N,AAPL,308.53,1.0,308.54,2.0,-4.0,0.0,2020-01-09 09:46:39.890996,308.55,308.57,1
2020-01-09 09:46:40,N,AAPL,308.55,1.0,308.57,2.0,0.0,0.0,2020-01-09 09:46:40.021590,308.53,308.57,0
2020-01-09 09:46:41,N,AAPL,308.53,3.0,308.57,2.0,2.0,1.0,2020-01-09 09:46:41.732219,308.54,308.56,0
2020-01-09 09:46:42,N,AAPL,308.54,1.0,308.56,1.0,0.0,0.0,2020-01-09 09:46:42.108266,308.56,308.6,0
2020-01-09 09:46:43,N,AAPL,308.56,3.0,308.6,2.0,1.0,1.0,2020-01-09 09:46:43.090210,308.56,308.6,0
2020-01-09 09:46:44,N,AAPL,308.56,2.0,308.6,3.0,1.0,1.0,2020-01-09 09:46:44.337273,308.54,308.59,0
2020-01-09 09:46:45,N,AAPL,308.54,1.0,308.59,1.0,-1.0,-2.0,2020-01-09 09:46:45.017739,308.57,308.61,0
2020-01-09 09:46:46,N,AAPL,308.57,3.0,308.61,2.0,2.0,-1.0,2020-01-09 09:46:46.983384,308.59,308.62,0
2020-01-09 09:46:48,N,AAPL,308.59,2.0,308.62,3.0,-1.0,-1.0,2020-01-09 09:46:48.117429,308.58,308.6,0
2020-01-09 09:46:49,N,AAPL,308.58,1.0,308.6,2.0,-1.0,0.0,2020-01-09 09:46:49.270993,308.53,308.57,-1
2020-01-09 09:46:51,N,AAPL,308.53,2.0,308.57,4.0,1.0,1.0,2020-01-09 09:46:51.122681,308.31,308.36,-1
2020-01-09 09:46:53,N,AAPL,308.31,2.0,308.36,1.0,-1.0,0.0,2020-01-09 09:46:53.006483,308.42,308.44,1
2020-01-09 09:46:55,N,AAPL,308.42,1.0,308.44,4.0,0.0,3.0,2020-01-09 09:46:55.472815,308.38,308.42,0
2020-01-09 09:46:57,N,AAPL,308.38,3.0,308.42,2.0,0.0,0.0,2020-01-09 09:46:57.127958,308.36,308.38,0
2020-01-09 09:46:58,N,AAPL,308.36,1.0,308.38,4.0,-2.0,2.0,2020-01-09 09:46:58.572569,308.34,308.37,0
2020-01-09 09:46:59,N,AAPL,308.34,2.0,308.37,3.0,1.0,2.0,2020-01-09 09:46:59.033890,308.23,308.26,-1
2020-01-09 09:47:00,N,AAPL,308.23,4.0,308.26,3.0,2.0,0.0,2020-01-09 09:47:00.461334,308.18,308.21,-1
2020-01-09 09:47:01,N,AAPL,308.18,2.0,308.21,4.0,-2.0,2.0,2020-01-09 09:47:01.054882,308.18,308.22,0
2020-01-09 09:47:02,N,AAPL,308.18,3.0,308.22,1.0,0.0,-1.0,2020-01-09 09:47:02.467921,308.29,308.32,1
2020-01-09 09:47:04,N,AAPL,308.29,1.0,308.32,3.0,-2.0,1.0,2020-01-09 09:47:04.100632,308.19,308.22,-1
2020-01-09 09:47:06,N,AAPL,308.19,3.0,308.22,1.0,2.0,-3.0,2020-01-09 09:47:06.537281,308.21,308.25,0
2020-01-09 09:47:07,N,AAPL,308.21,3.0,308.25,2.0,2.0,1.0,2020-01-09 09:47:07.024585,308.23,308.25,0
2020-01-09 09:47:08,N,AAPL,308.23,1.0,308.25,2.0,-1.0,0.0,2020-01-09 09:47:08.006362,308.21,308.23,0
2020-01-09 09:47:09,N,AAPL,308.21,1.0,308.23,3.0,0.0,2.0,2020-01-09 09:47:09.168475,308.14,308.16,-1
2020-01-09 09:47:11,N,AAPL,308.14,3.0,308.16,1.0,1.0,-4.0,2020-01-09 09:47:11.289053,308.05,308.06,-1
2020-01-09 09:47:12,N,AAPL,308.05,1.0,308.06,2.0,-3.0,-1.0,2020-01-09 09:47:12.378226,308.07,308.1,1
2020-01-09 09:47:13,N,AAPL,308.07,3.0,308.1,2.0,1.0,0.0,2020-01-09 09:47:13.951516,308.08,308.11,0
2020-01-09 09:47:14,N,AAPL,308.08,3.0,308.11,2.0,1.0,1.0,2020-01-09 09:47:14.000364,308.08,308.12,0
2020-01-09 09:47:15,N,AAPL,308.08,2.0,308.12,2.0,-1.0,0.0,2020-01-09 09:47:15.119844,308.09,308.13,0
2020-01-09 09:47:16,N,AAPL,308.09,1.0,308.13,2.0,0.0,-2.0,2020-01-09 09:47:16.624767,308.1,308.12,0
2020-01-09 09:47:17,N,AAPL,308.1,2.0,308.12,2.0,1.0,0.0,2020-01-09 09:47:17.155272,308.1,308.12,0
2020-01-09 09:47:19,N,AAPL,308.1,1.0,308.12,9.0,-2.0,8.0,2020-01-09 09:47:19.020125,308.09,308.1,0
2020-01-09 09:47:20,N,AAPL,308.09,2.0,308.1,3.0,0.0,0.0,2020-01-09 09:47:20.647109,308.08,308.12,0
2020-01-09 09:47:24,N,AAPL,308.08,3.0,308.12,2.0,2.0,-2.0,2020-01-09 09:47:24.053623,308.03,308.07,-1
2020-01-09 09:47:25,N,AAPL,308.03,1.0,308.07,1.0,-1.0,-2.0,2020-01-09 09:47:25.027035,308.01,308.04,0
2020-01-09 09:47:27,N,AAPL,308.01,2.0,308.04,3.0,1.0,2.0,2020-01-09 09:47:27.773444,307.96,307.98,-1
2020-01-09 09:47:28,N,AAPL,307.96,1.0,307.98,2.0,0.0,0.0,2020-01-09 09:47:28.000993,308.07,308.11,1
2020-01-09 09:47:30,N,AAPL,308.07,1.0,308.11,2.0,-1.0,1.0,2020-01-09 09:47:30.006576,308.1,308.13,0
2020-01-09 09:47:31,N,AAPL,308.1,4.0,308.13,2.0,3.0,0.0,2020-01-09 09:47:31.279938,308.03,308.07,-1
2020-01-09 09:47:32,N,AAPL,308.03,3.0,308.07,2.0,-1.0,0.0,2020-01-09 09:47:32.990038,308.02,308.03,0
2020-01-09 09:47:33,N,AAPL,308.02,1.0,308.03,1.0,-2.0,-1.0,2020-01-09 09:47:33.002146,308.01,308.04,0
2020-01-09 09:47:34,N,AAPL,308.01,1.0,308.04,1.0,0.0,0.0,2020-01-09 09:47:34.694180,307.99,308.01,0
2020-01-09 09:47:35,N,AAPL,307.99,8.0,308.01,1.0,7.0,0.0,2020-01-09 09:47:35.063435,307.96,307.99,0
2020-01-09 09:47:37,N,AAPL,307.96,2.0,307.99,3.0,-6.0,2.0,2020-01-09 09:47:37.702171,307.93,307.97,0
2020-01-09 09:47:38,N,AAPL,307.93,3.0,307.97,3.0,1.0,1.0,2020-01-09 09:47:38.096688,307.89,307.92,-1
2020-01-09 09:47:39,N,AAPL,307.89,1.0,307.92,1.0,0.0,-1.0,2020-01-09 09:47:39.155745,307.92,307.97,0
2020-01-09 09:47:40,N,AAPL,307.92,3.0,307.97,3.0,1.0,0.0,2020-01-09 09:47:40.049926,307.88,307.93,0
2020-01-09 09:47:41,N,AAPL,307.88,4.0,307.93,2.0,1.0,-1.0,2020-01-09 09:47:41.607695,307.86,307.89,0
2020-01-09 09:47:42,N,AAPL,307.86,31.0,307.89,1.0,29.0,-1.0,2020-01-09 09:47:42.411700,307.92,307.96,1
2020-01-09 09:47:43,N,AAPL,307.92,3.0,307.96,1.0,-2.0,0.0,2020-01-09 09:47:43.126398,307.86,307.89,-1
2020-01-09 09:47:44,N,AAPL,307.86,31.0,307.89,1.0,30.0,-2.0,2020-01-09 09:47:44.433307,307.87,307.91,0
2020-01-09 09:47:45,N,AAPL,307.87,2.0,307.91,2.0,-31.0,1.0,2020-01-09 09:47:45.019995,307.87,307.92,0
2020-01-09 09:47:46,N,AAPL,307.87,2.0,307.92,3.0,0.0,0.0,2020-01-09 09:47:46.112460,307.89,307.92,0
2020-01-09 09:47:47,N,AAPL,307.89,1.0,307.92,1.0,-1.0,-1.0,2020-01-09 09:47:47.314922,307.88,307.92,0
2020-01-09 09:47:48,N,AAPL,307.88,4.0,307.92,2.0,1.0,0.0,2020-01-09 09:47:48.011863,307.99,308.03,1
2020-01-09 09:47:49,N,AAPL,307.99,3.0,308.03,2.0,1.0,0.0,2020-01-09 09:47:49.041785,308.04,308.07,1
2020-01-09 09:47:50,N,AAPL,308.04,2.0,308.07,1.0,-1.0,-1.0,2020-01-09 09:47:50.060026,308.08,308.1,1
2020-01-09 09:47:51,N,AAPL,308.08,5.0,308.1,1.0,3.0,-1.0,2020-01-09 09:47:51.360543,308.08,308.12,0
2020-01-09 09:47:52,N,AAPL,308.08,1.0,308.12,2.0,-2.0,0.0,2020-01-09 09:47:52.182421,308.08,308.11,0
2020-01-09 09:47:53,N,AAPL,308.08,1.0,308.11,3.0,-1.0,2.0,2020-01-09 09:47:53.046957,308.04,308.08,0
2020-01-09 09:47:54,N,AAPL,308.04,2.0,308.08,1.0,0.0,-2.0,2020-01-09 09:47:54.420120,308.09,308.13,1
2020-01-09 09:47:55,N,AAPL,308.09,5.0,308.13,1.0,4.0,-2.0,2020-01-09 09:47:55.931308,308.08,308.12,0
2020-01-09 09:47:56,N,AAPL,308.08,2.0,308.12,3.0,-3.0,2.0,2020-01-09 09:47:56.045971,308.05,308.07,-1
2020-01-09 09:47:57,N,AAPL,308.05,1.0,308.07,1.0,-2.0,-1.0,2020-01-09 09:47:57.237175,307.96,308.0,-1
2020-01-09 09:47:58,N,AAPL,307.96,3.0,308.0,1.0,2.0,-4.0,2020-01-09 09:47:58.435442,307.97,307.99,0
2020-01-09 09:47:59,N,AAPL,307.97,1.0,307.99,5.0,-1.0,2.0,2020-01-09 09:47:59.110579,307.93,307.96,-1
2020-01-09 09:48:00,N,AAPL,307.93,2.0,307.96,1.0,1.0,-2.0,2020-01-09 09:48:00.273455,307.91,307.96,0
2020-01-09 09:48:01,N,AAPL,307.91,3.0,307.96,5.0,0.0,3.0,2020-01-09 09:48:01.126364,307.9,307.94,0
2020-01-09 09:48:02,N,AAPL,307.9,1.0,307.94,4.0,-1.0,3.0,2020-01-09 09:48:02.053630,307.95,307.97,1
2020-01-09 09:48:03,N,AAPL,307.95,1.0,307.97,1.0,-2.0,-1.0,2020-01-09 09:48:03.506533,307.9,307.94,-1
2020-01-09 09:48:04,N,AAPL,307.9,1.0,307.94,1.0,-2.0,0.0,2020-01-09 09:48:04.653901,307.85,307.88,-1
2020-01-09 09:48:05,N,AAPL,307.85,1.0,307.88,6.0,-1.0,4.0,2020-01-09 09:48:05.137800,307.89,307.91,1
2020-01-09 09:48:06,N,AAPL,307.89,3.0,307.91,1.0,2.0,0.0,2020-01-09 09:48:06.206756,307.88,307.91,0
2020-01-09 09:48:07,N,AAPL,307.88,4.0,307.91,2.0,3.0,0.0,2020-01-09 09:48:07.248340,307.92,307.96,1
2020-01-09 09:48:08,N,AAPL,307.92,3.0,307.96,2.0,0.0,0.0,2020-01-09 09:48:08.255830,307.94,307.97,0
2020-01-09 09:48:09,N,AAPL,307.94,3.0,307.97,3.0,1.0,2.0,2020-01-09 09:48:09.574695,307.98,308.0,1
2020-01-09 09:48:10,N,AAPL,307.98,1.0,308.0,2.0,0.0,1.0,2020-01-09 09:48:10.070793,308.02,308.06,1
2020-01-09 09:48:11,N,AAPL,308.02,3.0,308.06,4.0,2.0,3.0,2020-01-09 09:48:11.470792,308.05,308.07,0
2020-01-09 09:48:12,N,AAPL,308.05,1.0,308.07,1.0,0.0,0.0,2020-01-09 09:48:12.664550,308.04,308.06,0
2020-01-09 09:48:13,N,AAPL,308.04,1.0,308.06,1.0,0.0,0.0,2020-01-09 09:48:13.415871,308.04,308.08,0
2020-01-09 09:48:14,N,AAPL,308.04,5.0,308.08,2.0,4.0,1.0,2020-01-09 09:48:14.597661,308.05,308.08,0
2020-01-09 09:48:15,N,AAPL,308.05,1.0,308.08,3.0,0.0,0.0,2020-01-09 09:48:15.025696,308.06,308.11,0
2020-01-09 09:48:16,N,AAPL,308.06,4.0,308.11,3.0,2.0,1.0,2020-01-09 09:48:16.002104,308.14,308.17,1
2020-01-09 09:48:18,N,AAPL,308.14,2.0,308.17,1.0,-1.0,0.0,2020-01-09 09:48:18.058836,308.13,308.16,0
2020-01-09 09:48:19,N,AAPL,308.13,10.0,308.16,2.0,9.0,1.0,2020-01-09 09:48:19.312129,308.13,308.16,0
2020-01-09 09:48:20,N,AAPL,308.13,5.0,308.16,2.0,-5.0,0.0,2020-01-09 09:48:20.850795,308.18,308.21,1
2020-01-09 09:48:21,N,AAPL,308.18,2.0,308.21,1.0,-1.0,-1.0,2020-01-09 09:48:21.611662,308.16,308.19,0
2020-01-09 09:48:22,N,AAPL,308.16,1.0,308.19,2.0,-2.0,0.0,2020-01-09 09:48:22.341086,308.19,308.22,0
2020-01-09 09:48:23,N,AAPL,308.19,1.0,308.22,1.0,0.0,-2.0,2020-01-09 09:48:23.663502,308.13,308.17,-1
2020-01-09 09:48:24,N,AAPL,308.13,3.0,308.17,2.0,2.0,0.0,2020-01-09 09:48:24.076752,308.14,308.16,0
2020-01-09 09:48:25,N,AAPL,308.14,2.0,308.16,2.0,-2.0,1.0,2020-01-09 09:48:25.835950,308.15,308.19,0
2020-01-09 09:48:26,N,AAPL,308.15,2.0,308.19,2.0,0.0,-1.0,2020-01-09 09:48:26.047929,308.19,308.22,0
2020-01-09 09:48:27,N,AAPL,308.19,1.0,308.22,2.0,0.0,-1.0,2020-01-09 09:48:27.050893,308.2,308.25,0
2020-01-09 09:48:28,N,AAPL,308.2,1.0,308.25,5.0,0.0,3.0,2020-01-09 09:48:28.050241,308.2,308.23,0
2020-01-09 09:48:31,N,AAPL,308.2,2.0,308.23,1.0,0.0,-1.0,2020-01-09 09:48:31.059054,308.14,308.16,-1
2020-01-09 09:48:32,N,AAPL,308.14,2.0,308.16,1.0,0.0,-1.0,2020-01-09 09:48:32.217925,308.13,308.15,0
2020-01-09 09:48:33,N,AAPL,308.13,2.0,308.15,2.0,-1.0,-1.0,2020-01-09 09:48:33.218832,308.15,308.18,0
2020-01-09 09:48:34,N,AAPL,308.15,2.0,308.18,4.0,-3.0,1.0,2020-01-09 09:48:34.248222,308.18,308.2,0
2020-01-09 09:48:36,N,AAPL,308.18,3.0,308.2,2.0,2.0,0.0,2020-01-09 09:48:36.058671,308.16,308.2,0
2020-01-09 09:48:37,N,AAPL,308.16,2.0,308.2,4.0,0.0,-5.0,2020-01-09 09:48:37.680410,308.16,308.19,0
2020-01-09 09:48:38,N,AAPL,308.16,6.0,308.19,2.0,5.0,0.0,2020-01-09 09:48:38.152323,308.11,308.16,0
2020-01-09 09:48:39,N,AAPL,308.11,1.0,308.16,2.0,0.0,1.0,2020-01-09 09:48:39.213449,308.09,308.11,0
2020-01-09 09:48:40,N,AAPL,308.09,2.0,308.11,2.0,0.0,0.0,2020-01-09 09:48:40.271241,308.1,308.13,0
2020-01-09 09:48:42,N,AAPL,308.1,4.0,308.13,2.0,-1.0,1.0,2020-01-09 09:48:42.374330,308.15,308.17,1
2020-01-09 09:48:44,N,AAPL,308.15,2.0,308.17,1.0,1.0,-1.0,2020-01-09 09:48:44.293901,308.14,308.18,0
2020-01-09 09:48:45,N,AAPL,308.14,2.0,308.18,1.0,-1.0,0.0,2020-01-09 09:48:45.297915,308.15,308.18,0
2020-01-09 09:48:46,N,AAPL,308.15,1.0,308.18,1.0,0.0,0.0,2020-01-09 09:48:46.053763,308.16,308.18,0
2020-01-09 09:48:47,N,AAPL,308.16,1.0,308.18,1.0,-1.0,0.0,2020-01-09 09:48:47.067022,308.09,308.11,-1
2020-01-09 09:48:48,N,AAPL,308.09,1.0,308.11,1.0,-1.0,0.0,2020-01-09 09:48:48.831904,308.06,308.08,-1
2020-01-09 09:48:49,N,AAPL,308.06,4.0,308.08,2.0,3.0,0.0,2020-01-09 09:48:49.451256,308.05,308.08,0
2020-01-09 09:48:50,N,AAPL,308.05,2.0,308.08,3.0,1.0,2.0,2020-01-09 09:48:50.059972,308.06,308.09,0
2020-01-09 09:48:51,N,AAPL,308.06,2.0,308.09,1.0,-1.0,-1.0,2020-01-09 09:48:51.225638,308.06,308.08,0
2020-01-09 09:48:52,N,AAPL,308.06,1.0,308.08,2.0,-1.0,0.0,2020-01-09 09:48:52.500518,308.08,308.1,0
2020-01-09 09:48:54,N,AAPL,308.08,1.0,308.1,2.0,0.0,0.0,2020-01-09 09:48:54.047301,308.08,308.11,0
2020-01-09 09:48:55,N,AAPL,308.08,2.0,308.11,1.0,1.0,-1.0,2020-01-09 09:48:55.738315,308.07,308.09,0
2020-01-09 09:48:56,N,AAPL,308.07,1.0,308.09,3.0,0.0,1.0,2020-01-09 09:48:56.202006,307.97,308.0,-1
2020-01-09 09:48:57,N,AAPL,307.97,2.0,308.0,4.0,1.0,2.0,2020-01-09 09:48:57.781417,307.91,307.94,-1
2020-01-09 09:48:59,N,AAPL,307.91,2.0,307.94,5.0,0.0,3.0,2020-01-09 09:48:59.186813,307.95,307.99,1
2020-01-09 09:49:00,N,AAPL,307.95,1.0,307.99,2.0,-1.0,1.0,2020-01-09 09:49:00.170599,307.97,307.99,0
2020-01-09 09:49:01,N,AAPL,307.97,3.0,307.99,1.0,0.0,0.0,2020-01-09 09:49:01.011883,307.98,308.01,0
2020-01-09 09:49:02,N,AAPL,307.98,1.0,308.01,2.0,0.0,0.0,2020-01-09 09:49:02.135240,307.98,308.02,0
2020-01-09 09:49:03,N,AAPL,307.98,2.0,308.02,3.0,1.0,1.0,2020-01-09 09:49:03.316206,307.97,307.99,0
2020-01-09 09:49:04,N,AAPL,307.97,2.0,307.99,2.0,0.0,-1.0,2020-01-09 09:49:04.165637,307.95,307.99,0
2020-01-09 09:49:05,N,AAPL,307.95,2.0,307.99,3.0,-3.0,2.0,2020-01-09 09:49:05.515740,307.93,307.97,0
2020-01-09 09:49:06,N,AAPL,307.93,3.0,307.97,2.0,-2.0,1.0,2020-01-09 09:49:06.154606,307.9,307.93,0
2020-01-09 09:49:08,N,AAPL,307.9,1.0,307.93,4.0,-2.0,2.0,2020-01-09 09:49:08.550768,307.82,307.85,-1
2020-01-09 09:49:11,N,AAPL,307.82,1.0,307.85,3.0,0.0,1.0,2020-01-09 09:49:11.836146,307.8,307.85,0
2020-01-09 09:49:12,N,AAPL,307.8,6.0,307.85,2.0,5.0,-1.0,2020-01-09 09:49:12.509154,307.79,307.82,0
2020-01-09 09:49:14,N,AAPL,307.79,3.0,307.82,2.0,-3.0,0.0,2020-01-09 09:49:14.038148,307.79,307.81,0
2020-01-09 09:49:15,N,AAPL,307.79,3.0,307.81,2.0,2.0,1.0,2020-01-09 09:49:15.124650,307.76,307.8,0
2020-01-09 09:49:16,N,AAPL,307.76,24.0,307.8,4.0,21.0,2.0,2020-01-09 09:49:16.842024,307.82,307.83,1
2020-01-09 09:49:17,N,AAPL,307.82,1.0,307.83,1.0,0.0,-1.0,2020-01-09 09:49:17.310099,307.74,307.76,-1
2020-01-09 09:49:20,N,AAPL,307.74,1.0,307.76,3.0,-2.0,1.0,2020-01-09 09:49:20.833904,307.7,307.72,-1
2020-01-09 09:49:25,N,AAPL,307.7,1.0,307.72,1.0,-17.0,-2.0,2020-01-09 09:49:25.213982,307.71,307.75,0
2020-01-09 09:49:26,N,AAPL,307.71,1.0,307.75,1.0,0.0,0.0,2020-01-09 09:49:26.355709,307.71,307.74,0
2020-01-09 09:49:27,N,AAPL,307.71,1.0,307.74,5.0,-1.0,4.0,2020-01-09 09:49:27.112141,307.7,307.73,0
2020-01-09 09:49:28,N,AAPL,307.7,7.0,307.73,4.0,3.0,2.0,2020-01-09 09:49:28.371798,307.73,307.76,0
2020-01-09 09:49:29,N,AAPL,307.73,2.0,307.76,4.0,0.0,2.0,2020-01-09 09:49:29.730647,307.72,307.75,0
2020-01-09 09:49:31,N,AAPL,307.72,1.0,307.75,1.0,-1.0,-3.0,2020-01-09 09:49:31.668683,307.73,307.75,0
2020-01-09 09:49:32,N,AAPL,307.73,1.0,307.75,2.0,0.0,1.0,2020-01-09 09:49:32.138349,307.71,307.74,0
2020-01-09 09:49:33,N,AAPL,307.71,4.0,307.74,1.0,3.0,-1.0,2020-01-09 09:49:33.322046,307.71,307.73,0
2020-01-09 09:49:34,N,AAPL,307.71,1.0,307.73,2.0,-3.0,1.0,2020-01-09 09:49:34.014285,307.7,307.73,0
2020-01-09 09:49:35,N,AAPL,307.7,11.0,307.73,2.0,10.0,-2.0,2020-01-09 09:49:35.400205,307.74,307.75,1
2020-01-09 09:49:36,N,AAPL,307.74,4.0,307.75,1.0,3.0,0.0,2020-01-09 09:49:36.280496,307.74,307.75,0
2020-01-09 09:49:37,N,AAPL,307.74,2.0,307.75,13.0,-2.0,12.0,2020-01-09 09:49:37.443169,307.71,307.74,0
2020-01-09 09:49:38,N,AAPL,307.71,1.0,307.74,5.0,-1.0,-8.0,2020-01-09 09:49:38.636215,307.6,307.62,-1
2020-01-09 09:49:41,N,AAPL,307.6,1.0,307.62,2.0,0.0,1.0,2020-01-09 09:49:41.273341,307.56,307.6,0
2020-01-09 09:49:42,N,AAPL,307.56,2.0,307.6,4.0,1.0,2.0,2020-01-09 09:49:42.929768,307.56,307.59,0
2020-01-09 09:49:43,N,AAPL,307.56,1.0,307.59,3.0,-1.0,-1.0,2020-01-09 09:49:43.424370,307.53,307.57,0
2020-01-09 09:49:45,N,AAPL,307.53,2.0,307.57,3.0,1.0,2.0,2020-01-09 09:49:45.595032,307.56,307.61,0
2020-01-09 09:49:46,N,AAPL,307.56,4.0,307.61,4.0,2.0,1.0,2020-01-09 09:49:46.827426,307.46,307.49,-1
2020-01-09 09:49:47,N,AAPL,307.46,2.0,307.49,2.0,0.0,-1.0,2020-01-09 09:49:47.065617,307.5,307.53,1
2020-01-09 09:49:48,N,AAPL,307.5,3.0,307.53,1.0,2.0,0.0,2020-01-09 09:49:48.485421,307.48,307.51,0
2020-01-09 09:49:49,N,AAPL,307.48,2.0,307.51,4.0,1.0,3.0,2020-01-09 09:49:49.393134,307.39,307.43,-1
2020-01-09 09:49:50,N,AAPL,307.39,1.0,307.43,4.0,-1.0,0.0,2020-01-09 09:49:50.376662,307.39,307.42,0
2020-01-09 09:49:51,N,AAPL,307.39,1.0,307.42,4.0,0.0,0.0,2020-01-09 09:49:51.030082,307.47,307.52,1
2020-01-09 09:49:52,N,AAPL,307.47,3.0,307.52,5.0,2.0,3.0,2020-01-09 09:49:52.809849,307.4,307.43,-1
2020-01-09 09:49:53,N,AAPL,307.4,1.0,307.43,1.0,0.0,-1.0,2020-01-09 09:49:53.144721,307.4,307.43,0
2020-01-09 09:49:54,N,AAPL,307.4,1.0,307.43,1.0,0.0,-3.0,2020-01-09 09:49:54.044472,307.44,307.49,1
2020-01-09 09:49:55,N,AAPL,307.44,1.0,307.49,2.0,-2.0,1.0,2020-01-09 09:49:55.390155,307.52,307.57,1
