last_interval,Exchange,Symbol,Best_Bid_Price,FB0,Best_Offer_Price,FA0,FB2,FA2,p_time,Next_Best_Bid,Next_Best_Offer,outcome
2020-01-22 09:30:01,N,AAPL,318.82,1.0,318.87,1.0,0.0,0.0,2020-01-22 09:30:01.197309,318.72,318.78,-1
2020-01-22 09:30:07,N,AAPL,318.72,1.0,318.78,1.0,0.0,-1.0,2020-01-22 09:30:07.492092,318.55,318.6,-1
2020-01-22 09:30:16,N,AAPL,318.55,2.0,318.6,2.0,1.0,1.0,2020-01-22 09:30:16.481643,318.55,318.6,0
2020-01-22 09:30:18,N,AAPL,318.55,2.0,318.6,53.0,0.0,5.0,2020-01-22 09:30:18.306415,318.54,318.57,0
2020-01-22 09:30:26,N,AAPL,318.54,6.0,318.57,4.0,5.0,-49.0,2020-01-22 09:30:26.466764,318.54,318.57,0
2020-01-22 09:30:27,N,AAPL,318.54,8.0,318.57,2.0,2.0,-1.0,2020-01-22 09:30:27.150396,318.55,318.59,0
2020-01-22 09:30:30,N,AAPL,318.55,2.0,318.59,3.0,-3.0,-1.0,2020-01-22 09:30:30.420932,318.53,318.55,0
2020-01-22 09:30:32,N,AAPL,318.53,2.0,318.55,5.0,0.0,2.0,2020-01-22 09:30:32.190875,318.54,318.55,0
2020-01-22 09:30:33,N,AAPL,318.54,3.0,318.55,2.0,-4.0,-2.0,2020-01-22 09:30:33.479691,318.53,318.54,0
2020-01-22 09:30:34,N,AAPL,318.53,7.0,318.54,4.0,0.0,1.0,2020-01-22 09:30:34.300815,318.54,318.58,0
2020-01-22 09:30:35,N,AAPL,318.54,9.0,318.58,4.0,7.0,0.0,2020-01-22 09:30:35.022752,318.54,318.59,0
2020-01-22 09:30:36,N,AAPL,318.54,1.0,318.59,2.0,-3.0,0.0,2020-01-22 09:30:36.028797,318.58,318.61,0
2020-01-22 09:30:37,N,AAPL,318.58,2.0,318.61,2.0,1.0,0.0,2020-01-22 09:30:37.066247,318.55,318.61,0
2020-01-22 09:30:38,N,AAPL,318.55,1.0,318.61,2.0,0.0,0.0,2020-01-22 09:30:38.087064,318.55,318.6,0
2020-01-22 09:30:39,N,AAPL,318.55,1.0,318.6,2.0,0.0,-2.0,2020-01-22 09:30:39.613024,318.52,318.55,0
2020-01-22 09:30:40,N,AAPL,318.52,2.0,318.55,4.0,1.0,2.0,2020-01-22 09:30:40.479086,318.41,318.47,-1
2020-01-22 09:30:41,N,AAPL,318.41,1.0,318.47,1.0,-3.0,0.0,2020-01-22 09:30:41.519333,318.41,318.47,0
2020-01-22 09:30:42,N,AAPL,318.41,1.0,318.47,2.0,-1.0,0.0,2020-01-22 09:30:42.175488,318.43,318.48,0
2020-01-22 09:30:43,N,AAPL,318.43,1.0,318.48,2.0,0.0,0.0,2020-01-22 09:30:43.082747,318.52,318.59,1
2020-01-22 09:30:44,N,AAPL,318.52,4.0,318.59,1.0,2.0,-1.0,2020-01-22 09:30:44.134248,318.44,318.52,0
2020-01-22 09:30:45,N,AAPL,318.44,3.0,318.52,1.0,1.0,-2.0,2020-01-22 09:30:45.918317,318.5,318.53,0
2020-01-22 09:30:46,N,AAPL,318.5,2.0,318.53,1.0,1.0,0.0,2020-01-22 09:30:46.330047,318.43,318.49,-1
2020-01-22 09:30:47,N,AAPL,318.43,2.0,318.49,4.0,1.0,3.0,2020-01-22 09:30:47.535432,318.47,318.52,0
2020-01-22 09:30:49,N,AAPL,318.47,1.0,318.52,2.0,0.0,0.0,2020-01-22 09:30:49.080113,318.48,318.57,0
2020-01-22 09:30:50,N,AAPL,318.48,2.0,318.57,2.0,1.0,-1.0,2020-01-22 09:30:50.198654,318.51,318.56,0
2020-01-22 09:30:51,N,AAPL,318.51,1.0,318.56,1.0,-1.0,-1.0,2020-01-22 09:30:51.191484,318.51,318.56,0
2020-01-22 09:30:54,N,AAPL,318.51,1.0,318.56,2.0,0.0,1.0,2020-01-22 09:30:54.054630,318.5,318.56,0
2020-01-22 09:30:56,N,AAPL,318.5,1.0,318.56,2.0,-2.0,0.0,2020-01-22 09:30:56.586290,318.5,318.55,0
2020-01-22 09:30:57,N,AAPL,318.5,1.0,318.55,4.0,0.0,2.0,2020-01-22 09:30:57.484787,318.35,318.38,-1
2020-01-22 09:30:58,N,AAPL,318.35,2.0,318.38,2.0,-1.0,-1.0,2020-01-22 09:30:58.304931,318.3,318.34,-1
2020-01-22 09:30:59,N,AAPL,318.3,6.0,318.34,4.0,4.0,3.0,2020-01-22 09:30:59.108744,318.25,318.3,0
2020-01-22 09:31:00,N,AAPL,318.25,3.0,318.3,2.0,2.0,0.0,2020-01-22 09:31:00.292413,318.28,318.31,0
2020-01-22 09:31:01,N,AAPL,318.28,2.0,318.31,2.0,0.0,0.0,2020-01-22 09:31:01.405851,318.27,318.32,0
2020-01-22 09:31:02,N,AAPL,318.27,2.0,318.32,2.0,0.0,1.0,2020-01-22 09:31:02.061748,318.24,318.27,0
2020-01-22 09:31:03,N,AAPL,318.24,2.0,318.27,2.0,-2.0,0.0,2020-01-22 09:31:03.653338,318.18,318.22,-1
2020-01-22 09:31:04,N,AAPL,318.18,2.0,318.22,1.0,1.0,-3.0,2020-01-22 09:31:04.470657,318.16,318.19,0
2020-01-22 09:31:05,N,AAPL,318.16,2.0,318.19,2.0,1.0,1.0,2020-01-22 09:31:05.063808,318.11,318.14,-1
2020-01-22 09:31:06,N,AAPL,318.11,2.0,318.14,2.0,1.0,0.0,2020-01-22 09:31:06.076055,318.11,318.12,0
2020-01-22 09:31:07,N,AAPL,318.11,4.0,318.12,1.0,0.0,-1.0,2020-01-22 09:31:07.031001,318.05,318.09,-1
2020-01-22 09:31:08,N,AAPL,318.05,1.0,318.09,2.0,-1.0,1.0,2020-01-22 09:31:08.005356,318.05,318.08,0
2020-01-22 09:31:09,N,AAPL,318.05,4.0,318.08,1.0,1.0,-1.0,2020-01-22 09:31:09.951703,318.05,318.09,0
2020-01-22 09:31:10,N,AAPL,318.05,2.0,318.09,1.0,-2.0,0.0,2020-01-22 09:31:10.153614,318.11,318.15,1
2020-01-22 09:31:11,N,AAPL,318.11,4.0,318.15,2.0,2.0,-5.0,2020-01-22 09:31:11.114653,318.11,318.15,0
2020-01-22 09:31:12,N,AAPL,318.11,5.0,318.15,4.0,4.0,0.0,2020-01-22 09:31:12.145469,318.08,318.14,0
2020-01-22 09:31:13,N,AAPL,318.08,1.0,318.14,2.0,-1.0,-2.0,2020-01-22 09:31:13.273131,318.04,318.07,-1
2020-01-22 09:31:15,N,AAPL,318.04,4.0,318.07,3.0,2.0,-1.0,2020-01-22 09:31:15.065339,318.02,318.05,0
2020-01-22 09:31:16,N,AAPL,318.02,2.0,318.05,2.0,-62.0,1.0,2020-01-22 09:31:16.080152,318.04,318.06,0
2020-01-22 09:31:17,N,AAPL,318.04,2.0,318.06,1.0,-2.0,-1.0,2020-01-22 09:31:17.334451,318.06,318.08,0
2020-01-22 09:31:18,N,AAPL,318.06,4.0,318.08,2.0,2.0,-4.0,2020-01-22 09:31:18.982886,318.06,318.1,0
2020-01-22 09:31:19,N,AAPL,318.06,4.0,318.1,1.0,0.0,-1.0,2020-01-22 09:31:19.013157,318.04,318.06,0
2020-01-22 09:31:21,N,AAPL,318.04,2.0,318.06,2.0,0.0,1.0,2020-01-22 09:31:21.182198,318.04,318.07,0
2020-01-22 09:31:22,N,AAPL,318.04,1.0,318.07,1.0,-12.0,0.0,2020-01-22 09:31:22.475996,318.01,318.05,0
2020-01-22 09:31:23,N,AAPL,318.01,4.0,318.05,2.0,3.0,0.0,2020-01-22 09:31:23.322136,318.01,318.06,0
2020-01-22 09:31:24,N,AAPL,318.01,4.0,318.06,2.0,2.0,0.0,2020-01-22 09:31:24.446185,317.98,318.02,0
2020-01-22 09:31:25,N,AAPL,317.98,2.0,318.02,4.0,1.0,2.0,2020-01-22 09:31:25.161925,317.99,318.0,0
2020-01-22 09:31:26,N,AAPL,317.99,2.0,318.0,1.0,1.0,-1.0,2020-01-22 09:31:26.086067,317.97,318.02,0
2020-01-22 09:31:27,N,AAPL,317.97,1.0,318.02,2.0,0.0,-1.0,2020-01-22 09:31:27.108442,318.11,318.15,1
2020-01-22 09:31:28,N,AAPL,318.11,1.0,318.15,4.0,0.0,3.0,2020-01-22 09:31:28.359048,318.02,318.07,-1
2020-01-22 09:31:29,N,AAPL,318.02,2.0,318.07,1.0,0.0,-1.0,2020-01-22 09:31:29.147789,318.03,318.08,0
2020-01-22 09:31:30,N,AAPL,318.03,3.0,318.08,1.0,1.0,0.0,2020-01-22 09:31:30.209512,318.15,318.18,1
2020-01-22 09:31:32,N,AAPL,318.15,1.0,318.18,1.0,0.0,-1.0,2020-01-22 09:31:32.149073,318.18,318.24,0
2020-01-22 09:31:33,N,AAPL,318.18,2.0,318.24,4.0,-1.0,2.0,2020-01-22 09:31:33.006273,318.19,318.23,0
2020-01-22 09:31:34,N,AAPL,318.19,2.0,318.23,2.0,0.0,1.0,2020-01-22 09:31:34.071113,318.14,318.18,-1
2020-01-22 09:31:35,N,AAPL,318.14,1.0,318.18,2.0,-4.0,-2.0,2020-01-22 09:31:35.034455,318.12,318.2,0
2020-01-22 09:31:37,N,AAPL,318.12,3.0,318.2,2.0,2.0,-2.0,2020-01-22 09:31:37.127146,318.16,318.22,0
2020-01-22 09:31:38,N,AAPL,318.16,2.0,318.22,2.0,0.0,1.0,2020-01-22 09:31:38.393056,318.18,318.24,0
2020-01-22 09:31:39,N,AAPL,318.18,1.0,318.24,4.0,-1.0,3.0,2020-01-22 09:31:39.008634,318.16,318.22,0
2020-01-22 09:31:40,N,AAPL,318.16,1.0,318.22,4.0,-1.0,0.0,2020-01-22 09:31:40.711034,318.21,318.24,0
2020-01-22 09:31:41,N,AAPL,318.21,2.0,318.24,4.0,0.0,2.0,2020-01-22 09:31:41.100865,318.17,318.21,0
2020-01-22 09:31:43,N,AAPL,318.17,1.0,318.21,4.0,-4.0,2.0,2020-01-22 09:31:43.879004,318.13,318.16,-1
2020-01-22 09:31:44,N,AAPL,318.13,1.0,318.16,4.0,-1.0,2.0,2020-01-22 09:31:44.887536,318.11,318.14,0
2020-01-22 09:31:46,N,AAPL,318.11,1.0,318.14,4.0,0.0,0.0,2020-01-22 09:31:46.894308,318.12,318.18,0
2020-01-22 09:31:48,N,AAPL,318.12,2.0,318.18,4.0,0.0,3.0,2020-01-22 09:31:48.070533,318.13,318.17,0
2020-01-22 09:31:49,N,AAPL,318.13,2.0,318.17,1.0,-3.0,-3.0,2020-01-22 09:31:49.010501,318.13,318.19,0
2020-01-22 09:31:50,N,AAPL,318.13,2.0,318.19,2.0,0.0,1.0,2020-01-22 09:31:50.208412,318.13,318.2,0
2020-01-22 09:31:51,N,AAPL,318.13,9.0,318.2,3.0,6.0,0.0,2020-01-22 09:31:51.129668,318.17,318.21,0
2020-01-22 09:31:55,N,AAPL,318.17,1.0,318.21,2.0,-2.0,1.0,2020-01-22 09:31:55.463642,318.09,318.13,-1
2020-01-22 09:31:56,N,AAPL,318.09,2.0,318.13,2.0,-2.0,0.0,2020-01-22 09:31:56.065861,318.1,318.13,0
2020-01-22 09:31:57,N,AAPL,318.1,4.0,318.13,2.0,2.0,-1.0,2020-01-22 09:31:57.683239,318.11,318.15,0
2020-01-22 09:31:58,N,AAPL,318.11,2.0,318.15,1.0,0.0,-1.0,2020-01-22 09:31:58.249737,318.06,318.1,-1
2020-01-22 09:31:59,N,AAPL,318.06,2.0,318.1,1.0,0.0,-3.0,2020-01-22 09:31:59.003969,318.06,318.1,0
2020-01-22 09:32:00,N,AAPL,318.06,1.0,318.1,2.0,-1.0,1.0,2020-01-22 09:32:00.149925,318.05,318.07,0
2020-01-22 09:32:01,N,AAPL,318.05,1.0,318.07,1.0,-4.0,0.0,2020-01-22 09:32:01.129368,318.1,318.14,1
2020-01-22 09:32:02,N,AAPL,318.1,2.0,318.14,2.0,0.0,1.0,2020-01-22 09:32:02.212313,318.16,318.2,1
2020-01-22 09:32:03,N,AAPL,318.16,1.0,318.2,2.0,-1.0,1.0,2020-01-22 09:32:03.228108,318.2,318.23,0
2020-01-22 09:32:04,N,AAPL,318.2,1.0,318.23,4.0,0.0,2.0,2020-01-22 09:32:04.073544,318.25,318.27,1
2020-01-22 09:32:05,N,AAPL,318.25,2.0,318.27,2.0,1.0,-12.0,2020-01-22 09:32:05.205381,318.29,318.31,1
2020-01-22 09:32:06,N,AAPL,318.29,2.0,318.31,2.0,1.0,-1.0,2020-01-22 09:32:06.472055,318.32,318.38,1
2020-01-22 09:32:08,N,AAPL,318.32,1.0,318.38,2.0,-1.0,0.0,2020-01-22 09:32:08.622560,318.34,318.42,0
2020-01-22 09:32:09,N,AAPL,318.34,2.0,318.42,2.0,1.0,0.0,2020-01-22 09:32:09.247094,318.34,318.39,0
2020-01-22 09:32:12,N,AAPL,318.34,1.0,318.39,1.0,-1.0,-1.0,2020-01-22 09:32:12.282692,318.37,318.43,0
2020-01-22 09:32:13,N,AAPL,318.37,2.0,318.43,4.0,1.0,2.0,2020-01-22 09:32:13.639856,318.37,318.42,0
2020-01-22 09:32:14,N,AAPL,318.37,1.0,318.42,1.0,-1.0,-3.0,2020-01-22 09:32:14.065380,318.34,318.39,0
2020-01-22 09:32:15,N,AAPL,318.34,2.0,318.39,2.0,1.0,1.0,2020-01-22 09:32:15.238511,318.36,318.42,0
2020-01-22 09:32:16,N,AAPL,318.36,2.0,318.42,2.0,0.0,0.0,2020-01-22 09:32:16.112734,318.34,318.39,0
2020-01-22 09:32:18,N,AAPL,318.34,2.0,318.39,1.0,0.0,-1.0,2020-01-22 09:32:18.180681,318.25,318.3,-1
2020-01-22 09:32:19,N,AAPL,318.25,1.0,318.3,4.0,0.0,2.0,2020-01-22 09:32:19.015598,318.25,318.3,0
2020-01-22 09:32:20,N,AAPL,318.25,1.0,318.3,2.0,0.0,0.0,2020-01-22 09:32:20.111989,318.2,318.24,-1
2020-01-22 09:32:22,N,AAPL,318.2,3.0,318.24,4.0,2.0,2.0,2020-01-22 09:32:22.036897,318.17,318.22,0
2020-01-22 09:32:23,N,AAPL,318.17,1.0,318.22,2.0,-2.0,-2.0,2020-01-22 09:32:23.119444,318.15,318.18,0
2020-01-22 09:32:24,N,AAPL,318.15,1.0,318.18,2.0,-2.0,-2.0,2020-01-22 09:32:24.010740,318.07,318.12,-1
2020-01-22 09:32:26,N,AAPL,318.07,2.0,318.12,2.0,1.0,0.0,2020-01-22 09:32:26.453036,318.05,318.07,0
2020-01-22 09:32:27,N,AAPL,318.05,1.0,318.07,2.0,-1.0,0.0,2020-01-22 09:32:27.908908,318.02,318.06,0
2020-01-22 09:32:28,N,AAPL,318.02,2.0,318.06,2.0,1.0,0.0,2020-01-22 09:32:28.447028,318.05,318.08,0
2020-01-22 09:32:30,N,AAPL,318.05,4.0,318.08,2.0,3.0,1.0,2020-01-22 09:32:30.627284,318.03,318.09,0
2020-01-22 09:32:31,N,AAPL,318.03,2.0,318.09,2.0,0.0,1.0,2020-01-22 09:32:31.362468,318.01,318.09,0
2020-01-22 09:32:32,N,AAPL,318.01,4.0,318.09,1.0,2.0,-1.0,2020-01-22 09:32:32.304905,318.02,318.09,0
2020-01-22 09:32:33,N,AAPL,318.02,1.0,318.09,1.0,-3.0,0.0,2020-01-22 09:32:33.470281,317.9,317.93,-1
2020-01-22 09:32:35,N,AAPL,317.9,1.0,317.93,4.0,-26.0,0.0,2020-01-22 09:32:35.060199,317.87,317.91,0
2020-01-22 09:32:36,N,AAPL,317.87,2.0,317.91,1.0,1.0,-3.0,2020-01-22 09:32:36.499097,317.82,317.89,0
2020-01-22 09:32:39,N,AAPL,317.82,1.0,317.89,2.0,-1.0,1.0,2020-01-22 09:32:39.154324,317.9,317.92,1
2020-01-22 09:32:41,N,AAPL,317.9,3.0,317.92,2.0,1.0,-1.0,2020-01-22 09:32:41.298998,317.94,317.98,1
2020-01-22 09:32:43,N,AAPL,317.94,2.0,317.98,2.0,0.0,1.0,2020-01-22 09:32:43.474629,318.06,318.09,1
2020-01-22 09:32:44,N,AAPL,318.06,2.0,318.09,2.0,0.0,0.0,2020-01-22 09:32:44.329794,318.0,318.03,-1
2020-01-22 09:32:45,N,AAPL,318.0,1.0,318.03,2.0,0.0,0.0,2020-01-22 09:32:45.072039,317.95,317.99,-1
2020-01-22 09:32:46,N,AAPL,317.95,1.0,317.99,2.0,0.0,-2.0,2020-01-22 09:32:46.515491,317.94,317.97,0
2020-01-22 09:32:47,N,AAPL,317.94,1.0,317.97,2.0,0.0,0.0,2020-01-22 09:32:47.160007,317.9,317.94,0
2020-01-22 09:32:48,N,AAPL,317.9,1.0,317.94,4.0,-1.0,2.0,2020-01-22 09:32:48.117753,317.93,317.97,0
2020-01-22 09:32:49,N,AAPL,317.93,2.0,317.97,2.0,1.0,0.0,2020-01-22 09:32:49.009158,317.92,317.97,0
2020-01-22 09:32:50,N,AAPL,317.92,2.0,317.97,4.0,1.0,2.0,2020-01-22 09:32:50.056686,317.94,317.97,0
2020-01-22 09:32:51,N,AAPL,317.94,2.0,317.97,2.0,-2.0,0.0,2020-01-22 09:32:51.490058,317.96,317.99,0
2020-01-22 09:32:52,N,AAPL,317.96,3.0,317.99,2.0,1.0,0.0,2020-01-22 09:32:52.001357,317.99,318.01,0
2020-01-22 09:32:53,N,AAPL,317.99,2.0,318.01,1.0,0.0,-4.0,2020-01-22 09:32:53.308319,318.0,318.04,0
2020-01-22 09:32:54,N,AAPL,318.0,4.0,318.04,2.0,0.0,1.0,2020-01-22 09:32:54.247832,317.92,317.96,-1
2020-01-22 09:32:55,N,AAPL,317.92,1.0,317.96,2.0,0.0,-3.0,2020-01-22 09:32:55.684554,317.93,317.97,0
2020-01-22 09:32:56,N,AAPL,317.93,2.0,317.97,2.0,1.0,0.0,2020-01-22 09:32:56.574358,317.94,317.99,0
2020-01-22 09:32:57,N,AAPL,317.94,1.0,317.99,1.0,-1.0,-1.0,2020-01-22 09:32:57.205337,317.92,317.97,0
2020-01-22 09:32:58,N,AAPL,317.92,1.0,317.97,5.0,0.0,3.0,2020-01-22 09:32:58.321308,317.92,317.93,0
2020-01-22 09:32:59,N,AAPL,317.92,1.0,317.93,2.0,0.0,-4.0,2020-01-22 09:32:59.132925,317.9,317.93,0
2020-01-22 09:33:00,N,AAPL,317.9,2.0,317.93,2.0,0.0,0.0,2020-01-22 09:33:00.007276,317.93,317.96,0
2020-01-22 09:33:01,N,AAPL,317.93,4.0,317.96,1.0,2.0,0.0,2020-01-22 09:33:01.055421,317.96,317.99,0
2020-01-22 09:33:02,N,AAPL,317.96,2.0,317.99,4.0,0.0,2.0,2020-01-22 09:33:02.402266,317.97,317.99,0
2020-01-22 09:33:03,N,AAPL,317.97,1.0,317.99,2.0,-1.0,-18.0,2020-01-22 09:33:03.830132,317.95,317.99,0
2020-01-22 09:33:04,N,AAPL,317.95,1.0,317.99,2.0,0.0,-5.0,2020-01-22 09:33:04.042109,317.96,317.99,0
2020-01-22 09:33:05,N,AAPL,317.96,1.0,317.99,2.0,-2.0,-2.0,2020-01-22 09:33:05.613431,317.97,318.0,0
2020-01-22 09:33:06,N,AAPL,317.97,4.0,318.0,15.0,3.0,13.0,2020-01-22 09:33:06.162379,317.91,317.95,-1
2020-01-22 09:33:07,N,AAPL,317.91,2.0,317.95,8.0,1.0,7.0,2020-01-22 09:33:07.513788,317.89,317.93,0
2020-01-22 09:33:08,N,AAPL,317.89,2.0,317.93,3.0,-4.0,1.0,2020-01-22 09:33:08.396987,317.9,317.93,0
2020-01-22 09:33:09,N,AAPL,317.9,1.0,317.93,2.0,-1.0,0.0,2020-01-22 09:33:09.396436,317.88,317.91,0
2020-01-22 09:33:10,N,AAPL,317.88,1.0,317.91,3.0,-11.0,0.0,2020-01-22 09:33:10.305469,317.9,317.92,0
2020-01-22 09:33:12,N,AAPL,317.9,2.0,317.92,2.0,-3.0,0.0,2020-01-22 09:33:12.885586,317.95,317.99,1
2020-01-22 09:33:13,N,AAPL,317.95,2.0,317.99,2.0,0.0,1.0,2020-01-22 09:33:13.131423,317.95,318.0,0
2020-01-22 09:33:14,N,AAPL,317.95,2.0,318.0,2.0,0.0,0.0,2020-01-22 09:33:14.054511,317.95,317.99,0
2020-01-22 09:33:18,N,AAPL,317.95,2.0,317.99,4.0,1.0,2.0,2020-01-22 09:33:18.368922,317.97,317.99,0
2020-01-22 09:33:19,N,AAPL,317.97,1.0,317.99,1.0,0.0,0.0,2020-01-22 09:33:19.595493,317.94,317.98,0
2020-01-22 09:33:20,N,AAPL,317.94,3.0,317.98,4.0,2.0,-4.0,2020-01-22 09:33:20.233399,317.98,318.01,0
2020-01-22 09:33:22,N,AAPL,317.98,3.0,318.01,1.0,2.0,-1.0,2020-01-22 09:33:22.326237,317.96,318.0,0
2020-01-22 09:33:23,N,AAPL,317.96,1.0,318.0,2.0,-1.0,1.0,2020-01-22 09:33:23.406343,318.02,318.04,1
2020-01-22 09:33:24,N,AAPL,318.02,4.0,318.04,1.0,1.0,-1.0,2020-01-22 09:33:24.351930,318.0,318.05,0
2020-01-22 09:33:25,N,AAPL,318.0,2.0,318.05,2.0,0.0,0.0,2020-01-22 09:33:25.072686,317.99,318.04,0
2020-01-22 09:33:26,N,AAPL,317.99,1.0,318.04,2.0,-2.0,-1.0,2020-01-22 09:33:26.135380,318.03,318.07,0
2020-01-22 09:33:27,N,AAPL,318.03,1.0,318.07,5.0,0.0,4.0,2020-01-22 09:33:27.469905,318.02,318.05,0
2020-01-22 09:33:28,N,AAPL,318.02,4.0,318.05,1.0,2.0,-1.0,2020-01-22 09:33:28.887702,318.02,318.05,0
2020-01-22 09:33:29,N,AAPL,318.02,5.0,318.05,1.0,1.0,0.0,2020-01-22 09:33:29.086583,317.96,317.98,-1
2020-01-22 09:33:30,N,AAPL,317.96,1.0,317.98,2.0,0.0,-2.0,2020-01-22 09:33:30.205180,317.94,317.99,0
2020-01-22 09:33:31,N,AAPL,317.94,14.0,317.99,1.0,9.0,-1.0,2020-01-22 09:33:31.191411,317.9,317.93,-1
2020-01-22 09:33:32,N,AAPL,317.9,1.0,317.93,2.0,-4.0,0.0,2020-01-22 09:33:32.640491,317.89,317.95,0
2020-01-22 09:33:33,N,AAPL,317.89,3.0,317.95,2.0,-2.0,0.0,2020-01-22 09:33:33.379872,317.92,317.97,0
2020-01-22 09:33:34,N,AAPL,317.92,2.0,317.97,2.0,1.0,0.0,2020-01-22 09:33:34.306456,317.93,317.97,0
2020-01-22 09:33:35,N,AAPL,317.93,2.0,317.97,1.0,0.0,-1.0,2020-01-22 09:33:35.302025,317.99,318.03,1
2020-01-22 09:33:36,N,AAPL,317.99,5.0,318.03,2.0,0.0,-5.0,2020-01-22 09:33:36.032385,318.02,318.05,0
2020-01-22 09:33:37,N,AAPL,318.02,1.0,318.05,2.0,-4.0,1.0,2020-01-22 09:33:37.317857,317.99,318.02,0
2020-01-22 09:33:38,N,AAPL,317.99,2.0,318.02,1.0,1.0,0.0,2020-01-22 09:33:38.438982,317.95,317.99,0
2020-01-22 09:33:39,N,AAPL,317.95,2.0,317.99,1.0,0.0,0.0,2020-01-22 09:33:39.059972,317.93,317.96,0
2020-01-22 09:33:40,N,AAPL,317.93,2.0,317.96,1.0,1.0,0.0,2020-01-22 09:33:40.554786,317.94,317.98,0
2020-01-22 09:33:41,N,AAPL,317.94,1.0,317.98,2.0,-3.0,1.0,2020-01-22 09:33:41.120271,317.97,318.0,0
2020-01-22 09:33:42,N,AAPL,317.97,2.0,318.0,2.0,0.0,1.0,2020-01-22 09:33:42.283282,318.02,318.04,1
2020-01-22 09:33:43,N,AAPL,318.02,2.0,318.04,1.0,0.0,-1.0,2020-01-22 09:33:43.332303,317.98,318.01,-1
2020-01-22 09:33:44,N,AAPL,317.98,2.0,318.01,2.0,0.0,1.0,2020-01-22 09:33:44.124111,317.92,317.96,-1
2020-01-22 09:33:45,N,AAPL,317.92,2.0,317.96,1.0,0.0,-2.0,2020-01-22 09:33:45.096323,317.89,317.92,0
2020-01-22 09:33:46,N,AAPL,317.89,1.0,317.92,2.0,-1.0,0.0,2020-01-22 09:33:46.793781,317.89,317.91,0
2020-01-22 09:33:47,N,AAPL,317.89,1.0,317.91,2.0,0.0,0.0,2020-01-22 09:33:47.402232,317.89,317.93,0
2020-01-22 09:33:48,N,AAPL,317.89,1.0,317.93,7.0,0.0,5.0,2020-01-22 09:33:48.393015,317.87,317.91,0
2020-01-22 09:33:49,N,AAPL,317.87,4.0,317.91,2.0,3.0,-5.0,2020-01-22 09:33:49.299575,317.9,317.92,0
2020-01-22 09:33:51,N,AAPL,317.9,1.0,317.92,1.0,-1.0,0.0,2020-01-22 09:33:51.056032,317.95,318.01,1
2020-01-22 09:33:52,N,AAPL,317.95,4.0,318.01,2.0,2.0,0.0,2020-01-22 09:33:52.168431,317.95,317.97,0
2020-01-22 09:33:53,N,AAPL,317.95,2.0,317.97,1.0,0.0,0.0,2020-01-22 09:33:53.367176,317.87,317.88,-1
2020-01-22 09:33:55,N,AAPL,317.87,4.0,317.88,8.0,3.0,6.0,2020-01-22 09:33:55.433051,317.88,317.94,0
2020-01-22 09:33:56,N,AAPL,317.88,3.0,317.94,3.0,1.0,2.0,2020-01-22 09:33:56.025952,317.95,317.98,1
2020-01-22 09:33:57,N,AAPL,317.95,1.0,317.98,2.0,0.0,0.0,2020-01-22 09:33:57.184511,317.96,317.99,0
2020-01-22 09:33:58,N,AAPL,317.96,1.0,317.99,2.0,-1.0,0.0,2020-01-22 09:33:58.247266,318.05,318.1,1
2020-01-22 09:33:59,N,AAPL,318.05,2.0,318.1,2.0,0.0,0.0,2020-01-22 09:33:59.009520,318.09,318.13,0
2020-01-22 09:34:00,N,AAPL,318.09,2.0,318.13,2.0,0.0,-1.0,2020-01-22 09:34:00.011777,318.06,318.11,0
2020-01-22 09:34:01,N,AAPL,318.06,2.0,318.11,2.0,0.0,1.0,2020-01-22 09:34:01.076548,318.04,318.09,0
2020-01-22 09:34:02,N,AAPL,318.04,2.0,318.09,2.0,1.0,0.0,2020-01-22 09:34:02.082806,318.03,318.08,0
2020-01-22 09:34:03,N,AAPL,318.03,1.0,318.08,2.0,-1.0,0.0,2020-01-22 09:34:03.174566,318.05,318.1,0
2020-01-22 09:34:05,N,AAPL,318.05,2.0,318.1,5.0,0.0,3.0,2020-01-22 09:34:05.017762,318.0,318.04,-1
2020-01-22 09:34:06,N,AAPL,318.0,2.0,318.04,2.0,0.0,0.0,2020-01-22 09:34:06.218224,318.0,318.04,0
2020-01-22 09:34:07,N,AAPL,318.0,2.0,318.04,2.0,1.0,0.0,2020-01-22 09:34:07.043238,317.93,317.98,-1
2020-01-22 09:34:08,N,AAPL,317.93,1.0,317.98,3.0,0.0,1.0,2020-01-22 09:34:08.259863,317.93,317.97,0
2020-01-22 09:34:09,N,AAPL,317.93,1.0,317.97,2.0,0.0,0.0,2020-01-22 09:34:09.249899,317.93,317.99,0
2020-01-22 09:34:10,N,AAPL,317.93,2.0,317.99,2.0,0.0,0.0,2020-01-22 09:34:10.059503,317.99,318.02,0
2020-01-22 09:34:11,N,AAPL,317.99,2.0,318.02,2.0,-1.0,-3.0,2020-01-22 09:34:11.145976,317.96,318.01,0
2020-01-22 09:34:12,N,AAPL,317.96,4.0,318.01,2.0,2.0,1.0,2020-01-22 09:34:12.248876,317.97,318.02,0
2020-01-22 09:34:13,N,AAPL,317.97,3.0,318.02,3.0,1.0,1.0,2020-01-22 09:34:13.095557,318.01,318.05,0
2020-01-22 09:34:14,N,AAPL,318.01,2.0,318.05,2.0,1.0,-2.0,2020-01-22 09:34:14.144513,317.97,318.03,0
2020-01-22 09:34:16,N,AAPL,317.97,6.0,318.03,2.0,5.0,0.0,2020-01-22 09:34:16.604465,318.01,318.04,0
2020-01-22 09:34:17,N,AAPL,318.01,2.0,318.04,2.0,1.0,0.0,2020-01-22 09:34:17.613852,318.04,318.07,0
2020-01-22 09:34:19,N,AAPL,318.04,5.0,318.07,2.0,-1.0,0.0,2020-01-22 09:34:19.471117,318.04,318.06,0
2020-01-22 09:34:20,N,AAPL,318.04,4.0,318.06,4.0,-1.0,2.0,2020-01-22 09:34:20.122983,318.0,318.06,0
2020-01-22 09:34:21,N,AAPL,318.0,1.0,318.06,2.0,0.0,1.0,2020-01-22 09:34:21.233137,318.1,318.11,1
2020-01-22 09:34:23,N,AAPL,318.1,1.0,318.11,1.0,-1.0,-1.0,2020-01-22 09:34:23.715089,318.11,318.12,0
2020-01-22 09:34:24,N,AAPL,318.11,2.0,318.12,2.0,1.0,1.0,2020-01-22 09:34:24.143257,318.08,318.14,0
2020-01-22 09:34:25,N,AAPL,318.08,2.0,318.14,4.0,0.0,3.0,2020-01-22 09:34:25.043546,318.11,318.15,0
2020-01-22 09:34:26,N,AAPL,318.11,2.0,318.15,2.0,0.0,-2.0,2020-01-22 09:34:26.017720,318.11,318.14,0
2020-01-22 09:34:27,N,AAPL,318.11,1.0,318.14,4.0,-1.0,2.0,2020-01-22 09:34:27.647990,318.14,318.17,0
2020-01-22 09:34:28,N,AAPL,318.14,1.0,318.17,2.0,-3.0,0.0,2020-01-22 09:34:28.476332,318.08,318.14,0
2020-01-22 09:34:29,N,AAPL,318.08,3.0,318.14,2.0,2.0,1.0,2020-01-22 09:34:29.183400,318.07,318.12,0
2020-01-22 09:34:30,N,AAPL,318.07,2.0,318.12,2.0,1.0,-2.0,2020-01-22 09:34:30.030098,318.07,318.13,0
2020-01-22 09:34:31,N,AAPL,318.07,2.0,318.13,1.0,1.0,-1.0,2020-01-22 09:34:31.011330,318.07,318.11,0
2020-01-22 09:34:33,N,AAPL,318.07,1.0,318.11,2.0,-2.0,1.0,2020-01-22 09:34:33.742193,318.07,318.1,0
2020-01-22 09:34:34,N,AAPL,318.07,1.0,318.1,2.0,0.0,0.0,2020-01-22 09:34:34.780599,318.03,318.07,0
2020-01-22 09:34:35,N,AAPL,318.03,2.0,318.07,2.0,1.0,0.0,2020-01-22 09:34:35.056422,318.09,318.13,1
2020-01-22 09:34:37,N,AAPL,318.09,3.0,318.13,2.0,2.0,0.0,2020-01-22 09:34:37.411761,318.19,318.23,1
2020-01-22 09:34:38,N,AAPL,318.19,6.0,318.23,2.0,4.0,-2.0,2020-01-22 09:34:38.374671,318.16,318.22,0
2020-01-22 09:34:39,N,AAPL,318.16,2.0,318.22,2.0,0.0,-1.0,2020-01-22 09:34:39.268638,318.04,318.1,-1
2020-01-22 09:34:40,N,AAPL,318.04,2.0,318.1,1.0,0.0,0.0,2020-01-22 09:34:40.303402,318.1,318.17,0
2020-01-22 09:34:41,N,AAPL,318.1,5.0,318.17,4.0,3.0,3.0,2020-01-22 09:34:41.942525,318.11,318.15,0
2020-01-22 09:34:42,N,AAPL,318.11,2.0,318.15,2.0,-3.0,-2.0,2020-01-22 09:34:42.144853,318.14,318.19,0
2020-01-22 09:34:43,N,AAPL,318.14,1.0,318.19,3.0,0.0,2.0,2020-01-22 09:34:43.114704,318.12,318.17,0
2020-01-22 09:34:44,N,AAPL,318.12,2.0,318.17,3.0,0.0,1.0,2020-01-22 09:34:44.100536,318.09,318.12,0
2020-01-22 09:34:45,N,AAPL,318.09,1.0,318.12,1.0,0.0,-1.0,2020-01-22 09:34:45.684228,318.13,318.19,1
2020-01-22 09:34:46,N,AAPL,318.13,1.0,318.19,2.0,-1.0,1.0,2020-01-22 09:34:46.837838,318.12,318.17,0
2020-01-22 09:34:47,N,AAPL,318.12,1.0,318.17,2.0,0.0,0.0,2020-01-22 09:34:47.221678,318.14,318.18,0
2020-01-22 09:34:48,N,AAPL,318.14,1.0,318.18,4.0,0.0,2.0,2020-01-22 09:34:48.574431,318.08,318.13,-1
2020-01-22 09:34:49,N,AAPL,318.08,3.0,318.13,2.0,1.0,-1.0,2020-01-22 09:34:49.569648,318.12,318.18,0
2020-01-22 09:34:51,N,AAPL,318.12,2.0,318.18,2.0,-1.0,0.0,2020-01-22 09:34:51.027913,318.11,318.15,0
2020-01-22 09:34:52,N,AAPL,318.11,2.0,318.15,1.0,0.0,-1.0,2020-01-22 09:34:52.503658,318.12,318.19,0
2020-01-22 09:34:53,N,AAPL,318.12,2.0,318.19,2.0,-1.0,0.0,2020-01-22 09:34:53.092886,318.17,318.2,0
2020-01-22 09:34:55,N,AAPL,318.17,1.0,318.2,2.0,-1.0,-1.0,2020-01-22 09:34:55.163577,318.1,318.14,-1
2020-01-22 09:34:56,N,AAPL,318.1,1.0,318.14,2.0,0.0,-1.0,2020-01-22 09:34:56.495779,318.07,318.12,0
2020-01-22 09:34:57,N,AAPL,318.07,1.0,318.12,2.0,0.0,0.0,2020-01-22 09:34:57.174527,318.11,318.15,0
2020-01-22 09:34:58,N,AAPL,318.11,1.0,318.15,4.0,0.0,2.0,2020-01-22 09:34:58.851830,318.1,318.15,0
2020-01-22 09:34:59,N,AAPL,318.1,1.0,318.15,2.0,0.0,1.0,2020-01-22 09:34:59.281954,317.96,317.98,-1
2020-01-22 09:35:06,N,AAPL,317.96,1.0,317.98,3.0,-1.0,-1.0,2020-01-22 09:35:06.175351,317.95,317.96,0
2020-01-22 09:35:07,N,AAPL,317.95,1.0,317.96,4.0,0.0,2.0,2020-01-22 09:35:07.122692,317.92,317.94,-1
2020-01-22 09:35:08,N,AAPL,317.92,2.0,317.94,2.0,1.0,-2.0,2020-01-22 09:35:08.118852,317.9,317.93,0
2020-01-22 09:35:10,N,AAPL,317.9,4.0,317.93,4.0,2.0,2.0,2020-01-22 09:35:10.478048,317.85,317.87,-1
2020-01-22 09:35:16,N,AAPL,317.85,21.0,317.87,4.0,17.0,2.0,2020-01-22 09:35:16.402391,317.8,317.81,-1
2020-01-22 09:35:17,N,AAPL,317.8,1.0,317.81,1.0,-20.0,-3.0,2020-01-22 09:35:17.043005,317.71,317.75,-1
2020-01-22 09:35:18,N,AAPL,317.71,6.0,317.75,4.0,4.0,1.0,2020-01-22 09:35:18.015647,317.64,317.69,-1
2020-01-22 09:35:19,N,AAPL,317.64,4.0,317.69,2.0,3.0,1.0,2020-01-22 09:35:19.132091,317.64,317.65,0
2020-01-22 09:35:20,N,AAPL,317.64,1.0,317.65,2.0,-3.0,1.0,2020-01-22 09:35:20.205523,317.63,317.65,0
2020-01-22 09:35:21,N,AAPL,317.63,1.0,317.65,4.0,-9.0,0.0,2020-01-22 09:35:21.820235,317.64,317.65,0
2020-01-22 09:35:22,N,AAPL,317.64,4.0,317.65,2.0,-6.0,-2.0,2020-01-22 09:35:22.073510,317.64,317.66,0
2020-01-22 09:35:23,N,AAPL,317.64,1.0,317.66,2.0,0.0,-1.0,2020-01-22 09:35:23.018566,317.64,317.66,0
2020-01-22 09:35:24,N,AAPL,317.64,1.0,317.66,1.0,-3.0,-3.0,2020-01-22 09:35:24.275544,317.65,317.67,0
2020-01-22 09:35:25,N,AAPL,317.65,1.0,317.67,2.0,-1.0,-1.0,2020-01-22 09:35:25.271656,317.63,317.66,0
2020-01-22 09:35:26,N,AAPL,317.63,2.0,317.66,5.0,-1.0,3.0,2020-01-22 09:35:26.435365,317.62,317.63,0
2020-01-22 09:35:27,N,AAPL,317.62,9.0,317.63,4.0,7.0,0.0,2020-01-22 09:35:27.793795,317.59,317.6,-1
2020-01-22 09:35:28,N,AAPL,317.59,5.0,317.6,4.0,-1.0,1.0,2020-01-22 09:35:28.733639,317.68,317.69,1
2020-01-22 09:35:32,N,AAPL,317.68,1.0,317.69,2.0,-7.0,0.0,2020-01-22 09:35:32.974059,317.69,317.72,0
2020-01-22 09:35:33,N,AAPL,317.69,3.0,317.72,2.0,1.0,-2.0,2020-01-22 09:35:33.188376,317.74,317.78,1
2020-01-22 09:35:34,N,AAPL,317.74,1.0,317.78,1.0,-1.0,0.0,2020-01-22 09:35:34.808187,317.71,317.75,0
2020-01-22 09:35:35,N,AAPL,317.71,2.0,317.75,5.0,1.0,4.0,2020-01-22 09:35:35.006161,317.69,317.73,0
2020-01-22 09:35:36,N,AAPL,317.69,1.0,317.73,4.0,0.0,2.0,2020-01-22 09:35:36.029607,317.71,317.73,0
2020-01-22 09:35:37,N,AAPL,317.71,3.0,317.73,2.0,0.0,0.0,2020-01-22 09:35:37.009736,317.66,317.7,-1
2020-01-22 09:35:39,N,AAPL,317.66,2.0,317.7,3.0,-1.0,0.0,2020-01-22 09:35:39.320358,317.63,317.68,0
2020-01-22 09:35:40,N,AAPL,317.63,1.0,317.68,3.0,-1.0,1.0,2020-01-22 09:35:40.325895,317.6,317.64,0
2020-01-22 09:35:41,N,AAPL,317.6,5.0,317.64,4.0,0.0,0.0,2020-01-22 09:35:41.321186,317.62,317.65,0
2020-01-22 09:35:42,N,AAPL,317.62,4.0,317.65,4.0,0.0,3.0,2020-01-22 09:35:42.845809,317.62,317.65,0
2020-01-22 09:35:43,N,AAPL,317.62,4.0,317.65,2.0,0.0,1.0,2020-01-22 09:35:43.122173,317.64,317.65,0
2020-01-22 09:35:44,N,AAPL,317.64,3.0,317.65,1.0,-1.0,-1.0,2020-01-22 09:35:44.946768,317.66,317.7,1
2020-01-22 09:35:45,N,AAPL,317.66,2.0,317.7,2.0,0.0,0.0,2020-01-22 09:35:45.129942,317.73,317.75,1
2020-01-22 09:35:46,N,AAPL,317.73,1.0,317.75,1.0,0.0,0.0,2020-01-22 09:35:46.050083,317.78,317.79,1
2020-01-22 09:35:47,N,AAPL,317.78,2.0,317.79,1.0,0.0,0.0,2020-01-22 09:35:47.278180,317.86,317.9,1
2020-01-22 09:35:51,N,AAPL,317.86,1.0,317.9,4.0,0.0,3.0,2020-01-22 09:35:51.181073,317.79,317.82,-1
2020-01-22 09:35:52,N,AAPL,317.79,2.0,317.82,1.0,1.0,-1.0,2020-01-22 09:35:52.587089,317.82,317.85,0
2020-01-22 09:35:55,N,AAPL,317.82,3.0,317.85,1.0,1.0,0.0,2020-01-22 09:35:55.331102,317.89,317.92,1
2020-01-22 09:35:56,N,AAPL,317.89,2.0,317.92,1.0,0.0,-1.0,2020-01-22 09:35:56.334804,317.88,317.93,0
2020-01-22 09:35:57,N,AAPL,317.88,2.0,317.93,1.0,0.0,0.0,2020-01-22 09:35:57.331848,317.9,317.94,0
2020-01-22 09:35:58,N,AAPL,317.9,1.0,317.94,3.0,0.0,1.0,2020-01-22 09:35:58.899815,317.95,317.99,1
2020-01-22 09:36:00,N,AAPL,317.95,2.0,317.99,2.0,1.0,-1.0,2020-01-22 09:36:00.366068,317.99,318.01,0
2020-01-22 09:36:01,N,AAPL,317.99,2.0,318.01,2.0,-2.0,-6.0,2020-01-22 09:36:01.183904,318.05,318.06,1
2020-01-22 09:36:04,N,AAPL,318.05,1.0,318.06,2.0,0.0,0.0,2020-01-22 09:36:04.479510,318.0,318.05,0
2020-01-22 09:36:05,N,AAPL,318.0,1.0,318.05,1.0,-1.0,0.0,2020-01-22 09:36:05.004165,318.02,318.04,0
2020-01-22 09:36:06,N,AAPL,318.02,1.0,318.04,1.0,-1.0,-1.0,2020-01-22 09:36:06.807322,318.0,318.03,0
2020-01-22 09:36:07,N,AAPL,318.0,3.0,318.03,2.0,2.0,-1.0,2020-01-22 09:36:07.034462,318.04,318.07,1
2020-01-22 09:36:08,N,AAPL,318.04,2.0,318.07,1.0,1.0,0.0,2020-01-22 09:36:08.038135,318.07,318.11,0
2020-01-22 09:36:09,N,AAPL,318.07,2.0,318.11,1.0,0.0,0.0,2020-01-22 09:36:09.132699,318.06,318.08,0
2020-01-22 09:36:12,N,AAPL,318.06,2.0,318.08,2.0,0.0,1.0,2020-01-22 09:36:12.810606,318.05,318.09,0
2020-01-22 09:36:13,N,AAPL,318.05,2.0,318.09,2.0,0.0,-3.0,2020-01-22 09:36:13.097829,318.04,318.07,0
2020-01-22 09:36:14,N,AAPL,318.04,3.0,318.07,1.0,1.0,-2.0,2020-01-22 09:36:14.203446,318.05,318.1,0
2020-01-22 09:36:15,N,AAPL,318.05,1.0,318.1,2.0,-2.0,1.0,2020-01-22 09:36:15.098270,318.06,318.09,0
2020-01-22 09:36:18,N,AAPL,318.06,2.0,318.09,1.0,1.0,0.0,2020-01-22 09:36:18.620456,318.09,318.12,0
2020-01-22 09:36:20,N,AAPL,318.09,4.0,318.12,1.0,2.0,0.0,2020-01-22 09:36:20.274812,318.09,318.14,0
2020-01-22 09:36:21,N,AAPL,318.09,2.0,318.14,4.0,1.0,0.0,2020-01-22 09:36:21.511504,318.06,318.09,0
2020-01-22 09:36:22,N,AAPL,318.06,1.0,318.09,1.0,0.0,-1.0,2020-01-22 09:36:22.054186,318.12,318.16,1
2020-01-22 09:36:23,N,AAPL,318.12,1.0,318.16,2.0,-1.0,1.0,2020-01-22 09:36:23.199799,318.12,318.16,0
2020-01-22 09:36:24,N,AAPL,318.12,2.0,318.16,2.0,1.0,0.0,2020-01-22 09:36:24.735376,318.12,318.15,0
2020-01-22 09:36:25,N,AAPL,318.12,2.0,318.15,1.0,1.0,-1.0,2020-01-22 09:36:25.416949,318.13,318.16,0
2020-01-22 09:36:26,N,AAPL,318.13,2.0,318.16,1.0,0.0,0.0,2020-01-22 09:36:26.412554,318.15,318.17,0
2020-01-22 09:36:28,N,AAPL,318.15,4.0,318.17,4.0,2.0,3.0,2020-01-22 09:36:28.011955,318.14,318.18,0
2020-01-22 09:36:35,N,AAPL,318.14,10.0,318.18,1.0,6.0,-1.0,2020-01-22 09:36:35.315802,318.16,318.19,0
2020-01-22 09:36:37,N,AAPL,318.16,2.0,318.19,1.0,0.0,-1.0,2020-01-22 09:36:37.291055,318.14,318.16,0
2020-01-22 09:36:38,N,AAPL,318.14,10.0,318.16,3.0,9.0,2.0,2020-01-22 09:36:38.644089,318.12,318.13,-1
2020-01-22 09:36:39,N,AAPL,318.12,1.0,318.13,4.0,-9.0,1.0,2020-01-22 09:36:39.279734,318.13,318.18,0
2020-01-22 09:36:40,N,AAPL,318.13,2.0,318.18,3.0,1.0,2.0,2020-01-22 09:36:40.017968,318.1,318.13,0
2020-01-22 09:36:41,N,AAPL,318.1,1.0,318.13,2.0,-1.0,1.0,2020-01-22 09:36:41.496664,318.1,318.14,0
2020-01-22 09:36:42,N,AAPL,318.1,2.0,318.14,3.0,1.0,1.0,2020-01-22 09:36:42.061963,318.14,318.17,0
2020-01-22 09:36:43,N,AAPL,318.14,2.0,318.17,2.0,-2.0,1.0,2020-01-22 09:36:43.400131,318.18,318.19,1
2020-01-22 09:36:46,N,AAPL,318.18,1.0,318.19,4.0,-1.0,3.0,2020-01-22 09:36:46.043310,318.18,318.2,0
2020-01-22 09:36:47,N,AAPL,318.18,2.0,318.2,27.0,1.0,24.0,2020-01-22 09:36:47.431407,318.18,318.2,0
2020-01-22 09:36:48,N,AAPL,318.18,4.0,318.2,27.0,3.0,26.0,2020-01-22 09:36:48.605710,318.18,318.2,0
2020-01-22 09:36:49,N,AAPL,318.18,6.0,318.2,11.0,4.0,10.0,2020-01-22 09:36:49.217087,318.18,318.19,0
2020-01-22 09:36:50,N,AAPL,318.18,4.0,318.19,2.0,0.0,-9.0,2020-01-22 09:36:50.053397,318.19,318.2,0
2020-01-22 09:36:52,N,AAPL,318.19,4.0,318.2,4.0,1.0,2.0,2020-01-22 09:36:52.513091,318.14,318.18,-1
2020-01-22 09:36:53,N,AAPL,318.14,2.0,318.18,3.0,-2.0,-1.0,2020-01-22 09:36:53.173063,318.15,318.17,0
2020-01-22 09:36:54,N,AAPL,318.15,1.0,318.17,4.0,-1.0,2.0,2020-01-22 09:36:54.627709,318.08,318.12,-1
2020-01-22 09:36:56,N,AAPL,318.08,4.0,318.12,2.0,3.0,0.0,2020-01-22 09:36:56.257113,318.1,318.1,0
2020-01-22 09:36:58,N,AAPL,318.1,1.0,318.1,4.0,0.0,2.0,2020-01-22 09:36:58.686025,318.11,318.13,1
2020-01-22 09:37:00,N,AAPL,318.11,2.0,318.13,2.0,1.0,0.0,2020-01-22 09:37:00.346432,318.15,318.18,1
2020-01-22 09:37:01,N,AAPL,318.15,2.0,318.18,2.0,0.0,0.0,2020-01-22 09:37:01.121234,318.14,318.16,0
2020-01-22 09:37:02,N,AAPL,318.14,4.0,318.16,2.0,2.0,0.0,2020-01-22 09:37:02.320516,318.11,318.13,-1
2020-01-22 09:37:03,N,AAPL,318.11,1.0,318.13,1.0,-1.0,0.0,2020-01-22 09:37:03.239285,318.13,318.17,0
2020-01-22 09:37:04,N,AAPL,318.13,4.0,318.17,1.0,3.0,0.0,2020-01-22 09:37:04.587218,318.17,318.2,0
2020-01-22 09:37:05,N,AAPL,318.17,4.0,318.2,7.0,3.0,6.0,2020-01-22 09:37:05.798331,318.16,318.19,0
2020-01-22 09:37:06,N,AAPL,318.16,1.0,318.19,2.0,-3.0,-5.0,2020-01-22 09:37:06.219627,318.19,318.2,0
2020-01-22 09:37:08,N,AAPL,318.19,1.0,318.2,7.0,-1.0,1.0,2020-01-22 09:37:08.179388,318.17,318.18,-1
2020-01-22 09:37:09,N,AAPL,318.17,1.0,318.18,5.0,-1.0,-1.0,2020-01-22 09:37:09.937351,318.17,318.18,0
2020-01-22 09:37:10,N,AAPL,318.17,5.0,318.18,1.0,4.0,0.0,2020-01-22 09:37:10.010106,318.14,318.17,0
2020-01-22 09:37:11,N,AAPL,318.14,2.0,318.17,1.0,0.0,-1.0,2020-01-22 09:37:11.569662,318.16,318.19,0
2020-01-22 09:37:12,N,AAPL,318.16,4.0,318.19,2.0,3.0,1.0,2020-01-22 09:37:12.939424,318.15,318.19,0
2020-01-22 09:37:13,N,AAPL,318.15,1.0,318.19,1.0,-1.0,-5.0,2020-01-22 09:37:13.308054,318.07,318.09,-1
2020-01-22 09:37:14,N,AAPL,318.07,1.0,318.09,2.0,-2.0,0.0,2020-01-22 09:37:14.164361,318.09,318.13,0
2020-01-22 09:37:15,N,AAPL,318.09,2.0,318.13,2.0,1.0,0.0,2020-01-22 09:37:15.666145,318.09,318.13,0
2020-01-22 09:37:16,N,AAPL,318.09,4.0,318.13,2.0,2.0,1.0,2020-01-22 09:37:16.174271,318.09,318.13,0
2020-01-22 09:37:17,N,AAPL,318.09,1.0,318.13,2.0,-2.0,-2.0,2020-01-22 09:37:17.478418,318.11,318.15,0
2020-01-22 09:37:18,N,AAPL,318.11,1.0,318.15,2.0,0.0,0.0,2020-01-22 09:37:18.337480,318.16,318.17,1
2020-01-22 09:37:19,N,AAPL,318.16,1.0,318.17,1.0,-1.0,0.0,2020-01-22 09:37:19.672816,318.17,318.19,0
2020-01-22 09:37:20,N,AAPL,318.17,2.0,318.19,2.0,1.0,1.0,2020-01-22 09:37:20.592498,318.17,318.19,0
2020-01-22 09:37:21,N,AAPL,318.17,4.0,318.19,2.0,2.0,0.0,2020-01-22 09:37:21.609276,318.15,318.18,0
2020-01-22 09:37:23,N,AAPL,318.15,1.0,318.18,2.0,-3.0,1.0,2020-01-22 09:37:23.579633,318.16,318.19,0
2020-01-22 09:37:24,N,AAPL,318.16,1.0,318.19,1.0,0.0,-1.0,2020-01-22 09:37:24.725820,318.17,318.19,0
2020-01-22 09:37:26,N,AAPL,318.17,4.0,318.19,2.0,3.0,1.0,2020-01-22 09:37:26.234594,318.18,318.2,0
2020-01-22 09:37:27,N,AAPL,318.18,1.0,318.2,6.0,0.0,5.0,2020-01-22 09:37:27.064927,318.12,318.15,-1
2020-01-22 09:37:29,N,AAPL,318.12,1.0,318.15,3.0,0.0,2.0,2020-01-22 09:37:29.940847,318.12,318.16,0
2020-01-22 09:37:30,N,AAPL,318.12,4.0,318.16,1.0,3.0,0.0,2020-01-22 09:37:30.119522,318.11,318.13,0
2020-01-22 09:37:31,N,AAPL,318.11,3.0,318.13,4.0,1.0,1.0,2020-01-22 09:37:31.749486,318.11,318.12,0
2020-01-22 09:37:33,N,AAPL,318.11,1.0,318.12,2.0,0.0,0.0,2020-01-22 09:37:33.074429,318.12,318.15,0
2020-01-22 09:37:34,N,AAPL,318.12,2.0,318.15,1.0,0.0,-2.0,2020-01-22 09:37:34.007993,318.12,318.15,0
2020-01-22 09:37:35,N,AAPL,318.12,1.0,318.15,1.0,0.0,0.0,2020-01-22 09:37:35.356183,318.15,318.19,0
2020-01-22 09:37:36,N,AAPL,318.15,2.0,318.19,1.0,1.0,0.0,2020-01-22 09:37:36.105287,318.15,318.19,0
2020-01-22 09:37:37,N,AAPL,318.15,4.0,318.19,1.0,3.0,-1.0,2020-01-22 09:37:37.594455,318.16,318.19,0
2020-01-22 09:37:38,N,AAPL,318.16,2.0,318.19,1.0,0.0,0.0,2020-01-22 09:37:38.825840,318.14,318.17,0
2020-01-22 09:37:40,N,AAPL,318.14,1.0,318.17,2.0,0.0,0.0,2020-01-22 09:37:40.281581,318.14,318.17,0
2020-01-22 09:37:41,N,AAPL,318.14,1.0,318.17,2.0,0.0,1.0,2020-01-22 09:37:41.576162,318.13,318.15,0
2020-01-22 09:37:42,N,AAPL,318.13,5.0,318.15,2.0,4.0,1.0,2020-01-22 09:37:42.909256,318.13,318.15,0
2020-01-22 09:37:43,N,AAPL,318.13,5.0,318.15,4.0,0.0,2.0,2020-01-22 09:37:43.052259,318.1,318.13,0
2020-01-22 09:37:44,N,AAPL,318.1,5.0,318.13,2.0,-3.0,1.0,2020-01-22 09:37:44.180013,318.12,318.17,0
2020-01-22 09:37:46,N,AAPL,318.12,2.0,318.17,1.0,0.0,0.0,2020-01-22 09:37:46.267037,318.15,318.17,0
2020-01-22 09:37:47,N,AAPL,318.15,1.0,318.17,1.0,0.0,-1.0,2020-01-22 09:37:47.114293,318.11,318.15,0
2020-01-22 09:37:48,N,AAPL,318.11,2.0,318.15,1.0,0.0,-1.0,2020-01-22 09:37:48.083957,318.11,318.15,0
2020-01-22 09:37:49,N,AAPL,318.11,7.0,318.15,4.0,5.0,3.0,2020-01-22 09:37:49.660842,318.11,318.15,0
2020-01-22 09:37:50,N,AAPL,318.11,7.0,318.15,1.0,0.0,-1.0,2020-01-22 09:37:50.069200,318.11,318.15,0
2020-01-22 09:37:51,N,AAPL,318.11,8.0,318.15,4.0,6.0,1.0,2020-01-22 09:37:51.014308,318.11,318.14,0
2020-01-22 09:37:52,N,AAPL,318.11,1.0,318.14,2.0,0.0,0.0,2020-01-22 09:37:52.186870,318.12,318.15,0
2020-01-22 09:37:53,N,AAPL,318.12,1.0,318.15,1.0,0.0,-1.0,2020-01-22 09:37:53.109556,318.04,318.07,-1
2020-01-22 09:37:55,N,AAPL,318.04,2.0,318.07,1.0,1.0,-2.0,2020-01-22 09:37:55.216532,318.03,318.07,0
2020-01-22 09:37:56,N,AAPL,318.03,2.0,318.07,3.0,0.0,2.0,2020-01-22 09:37:56.069400,318.04,318.07,0
2020-01-22 09:37:57,N,AAPL,318.04,1.0,318.07,1.0,0.0,-1.0,2020-01-22 09:37:57.748254,318.05,318.08,0
2020-01-22 09:37:58,N,AAPL,318.05,1.0,318.08,1.0,0.0,-2.0,2020-01-22 09:37:58.242375,318.05,318.08,0
2020-01-22 09:37:59,N,AAPL,318.05,2.0,318.08,1.0,1.0,0.0,2020-01-22 09:37:59.047432,318.12,318.15,1
2020-01-22 09:38:00,N,AAPL,318.12,6.0,318.15,1.0,5.0,-1.0,2020-01-22 09:38:00.261568,318.17,318.19,1
2020-01-22 09:38:01,N,AAPL,318.17,1.0,318.19,1.0,0.0,-1.0,2020-01-22 09:38:01.263045,318.18,318.2,0
2020-01-22 09:38:02,N,AAPL,318.18,3.0,318.2,6.0,-5.0,4.0,2020-01-22 09:38:02.321031,318.17,318.18,0
2020-01-22 09:38:03,N,AAPL,318.17,5.0,318.18,1.0,-1.0,-3.0,2020-01-22 09:38:03.282811,318.17,318.18,0
2020-01-22 09:38:04,N,AAPL,318.17,1.0,318.18,1.0,0.0,-3.0,2020-01-22 09:38:04.066319,318.17,318.19,0
2020-01-22 09:38:05,N,AAPL,318.17,1.0,318.19,1.0,0.0,-1.0,2020-01-22 09:38:05.128208,318.2,318.21,1
2020-01-22 09:38:06,N,AAPL,318.2,2.0,318.21,1.0,0.0,-2.0,2020-01-22 09:38:06.106411,318.2,318.22,0
2020-01-22 09:38:07,N,AAPL,318.2,5.0,318.22,8.0,3.0,7.0,2020-01-22 09:38:07.528116,318.22,318.23,0
2020-01-22 09:38:08,N,AAPL,318.22,1.0,318.23,7.0,-1.0,0.0,2020-01-22 09:38:08.876357,318.21,318.22,0
2020-01-22 09:38:10,N,AAPL,318.21,2.0,318.22,4.0,0.0,-3.0,2020-01-22 09:38:10.100664,318.21,318.22,0
2020-01-22 09:38:11,N,AAPL,318.21,1.0,318.22,3.0,-4.0,-1.0,2020-01-22 09:38:11.249476,318.2,318.21,0
2020-01-22 09:38:12,N,AAPL,318.2,1.0,318.21,5.0,-4.0,2.0,2020-01-22 09:38:12.479949,318.15,318.18,-1
2020-01-22 09:38:13,N,AAPL,318.15,5.0,318.18,4.0,4.0,0.0,2020-01-22 09:38:13.268578,318.16,318.19,0
2020-01-22 09:38:14,N,AAPL,318.16,4.0,318.19,2.0,1.0,1.0,2020-01-22 09:38:14.641147,318.2,318.22,1
2020-01-22 09:38:15,N,AAPL,318.2,2.0,318.22,2.0,1.0,1.0,2020-01-22 09:38:15.974435,318.2,318.22,0
2020-01-22 09:38:16,N,AAPL,318.2,1.0,318.22,2.0,-1.0,0.0,2020-01-22 09:38:16.468079,318.18,318.22,0
2020-01-22 09:38:17,N,AAPL,318.18,2.0,318.22,3.0,-1.0,2.0,2020-01-22 09:38:17.476935,318.16,318.19,0
2020-01-22 09:38:20,N,AAPL,318.16,4.0,318.19,2.0,-1.0,-1.0,2020-01-22 09:38:20.030717,318.15,318.16,0
2020-01-22 09:38:21,N,AAPL,318.15,5.0,318.16,4.0,3.0,3.0,2020-01-22 09:38:21.483984,318.08,318.1,-1
2020-01-22 09:38:23,N,AAPL,318.08,2.0,318.1,2.0,1.0,-1.0,2020-01-22 09:38:23.264233,318.05,318.07,-1
2020-01-22 09:38:27,N,AAPL,318.05,2.0,318.07,2.0,0.0,0.0,2020-01-22 09:38:27.943212,318.07,318.09,0
2020-01-22 09:38:28,N,AAPL,318.07,4.0,318.09,2.0,2.0,-2.0,2020-01-22 09:38:28.673985,318.06,318.09,0
2020-01-22 09:38:29,N,AAPL,318.06,1.0,318.09,1.0,-1.0,0.0,2020-01-22 09:38:29.050430,318.07,318.09,0
2020-01-22 09:38:30,N,AAPL,318.07,5.0,318.09,2.0,3.0,1.0,2020-01-22 09:38:30.016694,318.1,318.12,1
2020-01-22 09:38:31,N,AAPL,318.1,1.0,318.12,4.0,-1.0,1.0,2020-01-22 09:38:31.237467,318.09,318.12,0
2020-01-22 09:38:32,N,AAPL,318.09,1.0,318.12,4.0,0.0,2.0,2020-01-22 09:38:32.229198,318.05,318.07,-1
2020-01-22 09:38:33,N,AAPL,318.05,2.0,318.07,3.0,1.0,2.0,2020-01-22 09:38:33.342801,318.02,318.05,0
2020-01-22 09:38:34,N,AAPL,318.02,4.0,318.05,2.0,3.0,0.0,2020-01-22 09:38:34.778888,317.97,318.0,-1
2020-01-22 09:38:35,N,AAPL,317.97,4.0,318.0,1.0,3.0,-1.0,2020-01-22 09:38:35.382309,317.93,317.95,-1
2020-01-22 09:38:36,N,AAPL,317.93,5.0,317.95,2.0,3.0,1.0,2020-01-22 09:38:36.778076,317.9,317.93,0
2020-01-22 09:38:37,N,AAPL,317.9,1.0,317.93,3.0,-1.0,2.0,2020-01-22 09:38:37.044093,317.87,317.9,0
2020-01-22 09:38:38,N,AAPL,317.87,3.0,317.9,2.0,1.0,1.0,2020-01-22 09:38:38.432816,317.88,317.9,0
2020-01-22 09:38:39,N,AAPL,317.88,1.0,317.9,1.0,-1.0,-2.0,2020-01-22 09:38:39.035595,317.89,317.92,0
2020-01-22 09:38:40,N,AAPL,317.89,3.0,317.92,2.0,2.0,1.0,2020-01-22 09:38:40.397502,317.83,317.86,-1
2020-01-22 09:38:41,N,AAPL,317.83,2.0,317.86,1.0,-1.0,-3.0,2020-01-22 09:38:41.017802,317.87,317.91,1
2020-01-22 09:38:42,N,AAPL,317.87,1.0,317.91,4.0,0.0,1.0,2020-01-22 09:38:42.909960,317.88,317.91,0
2020-01-22 09:38:43,N,AAPL,317.88,2.0,317.91,1.0,1.0,0.0,2020-01-22 09:38:43.007411,317.93,317.94,1
2020-01-22 09:38:44,N,AAPL,317.93,3.0,317.94,4.0,0.0,2.0,2020-01-22 09:38:44.366346,317.89,317.92,-1
2020-01-22 09:38:45,N,AAPL,317.89,2.0,317.92,5.0,0.0,1.0,2020-01-22 09:38:45.554273,317.89,317.92,0
2020-01-22 09:38:46,N,AAPL,317.89,2.0,317.92,2.0,1.0,1.0,2020-01-22 09:38:46.319436,317.94,317.96,1
2020-01-22 09:38:47,N,AAPL,317.94,1.0,317.96,1.0,0.0,-1.0,2020-01-22 09:38:47.376553,317.94,317.96,0
2020-01-22 09:38:48,N,AAPL,317.94,2.0,317.96,1.0,0.0,0.0,2020-01-22 09:38:48.013801,317.94,317.96,0
2020-01-22 09:38:49,N,AAPL,317.94,4.0,317.96,1.0,1.0,0.0,2020-01-22 09:38:49.095107,318.01,318.04,1
2020-01-22 09:38:50,N,AAPL,318.01,2.0,318.04,3.0,0.0,2.0,2020-01-22 09:38:50.683897,317.98,318.01,0
2020-01-22 09:38:51,N,AAPL,317.98,2.0,318.01,2.0,0.0,1.0,2020-01-22 09:38:51.929178,317.97,318.0,0
2020-01-22 09:38:52,N,AAPL,317.97,1.0,318.0,1.0,0.0,-2.0,2020-01-22 09:38:52.056918,317.94,317.97,0
2020-01-22 09:38:53,N,AAPL,317.94,1.0,317.97,2.0,0.0,1.0,2020-01-22 09:38:53.579430,317.94,317.98,0
2020-01-22 09:38:54,N,AAPL,317.94,5.0,317.98,1.0,3.0,-1.0,2020-01-22 09:38:54.798256,317.98,318.01,0
2020-01-22 09:38:55,N,AAPL,317.98,1.0,318.01,2.0,0.0,0.0,2020-01-22 09:38:55.589779,317.99,318.02,0
2020-01-22 09:38:56,N,AAPL,317.99,4.0,318.02,2.0,3.0,1.0,2020-01-22 09:38:56.651286,317.99,318.02,0
2020-01-22 09:38:57,N,AAPL,317.99,4.0,318.02,1.0,2.0,-1.0,2020-01-22 09:38:57.002139,317.94,317.98,-1
2020-01-22 09:38:58,N,AAPL,317.94,2.0,317.98,2.0,1.0,0.0,2020-01-22 09:38:58.119099,317.92,317.93,-1
2020-01-22 09:39:00,N,AAPL,317.92,1.0,317.93,1.0,-1.0,-1.0,2020-01-22 09:39:00.021752,317.89,317.93,0
2020-01-22 09:39:01,N,AAPL,317.89,2.0,317.93,2.0,1.0,0.0,2020-01-22 09:39:01.689770,317.9,317.94,0
2020-01-22 09:39:02,N,AAPL,317.9,3.0,317.94,2.0,1.0,0.0,2020-01-22 09:39:02.066994,317.95,317.98,1
2020-01-22 09:39:03,N,AAPL,317.95,3.0,317.98,1.0,1.0,-1.0,2020-01-22 09:39:03.322543,317.98,318.01,0
2020-01-22 09:39:04,N,AAPL,317.98,1.0,318.01,2.0,-1.0,-2.0,2020-01-22 09:39:04.602558,317.99,318.02,0
2020-01-22 09:39:05,N,AAPL,317.99,4.0,318.02,1.0,3.0,-1.0,2020-01-22 09:39:05.144588,318.02,318.04,0
2020-01-22 09:39:06,N,AAPL,318.02,1.0,318.04,2.0,-1.0,-3.0,2020-01-22 09:39:06.130355,318.04,318.08,0
2020-01-22 09:39:07,N,AAPL,318.04,1.0,318.08,2.0,-2.0,0.0,2020-01-22 09:39:07.584048,318.08,318.11,0
2020-01-22 09:39:08,N,AAPL,318.08,3.0,318.11,2.0,2.0,1.0,2020-01-22 09:39:08.026555,318.04,318.08,0
2020-01-22 09:39:09,N,AAPL,318.04,2.0,318.08,2.0,1.0,-1.0,2020-01-22 09:39:09.043892,318.07,318.1,0
2020-01-22 09:39:10,N,AAPL,318.07,1.0,318.1,1.0,-1.0,-1.0,2020-01-22 09:39:10.054064,318.06,318.09,0
2020-01-22 09:39:11,N,AAPL,318.06,1.0,318.09,3.0,0.0,-1.0,2020-01-22 09:39:11.141493,318.06,318.08,0
2020-01-22 09:39:14,N,AAPL,318.06,6.0,318.08,4.0,5.0,1.0,2020-01-22 09:39:14.159308,318.04,318.06,0
2020-01-22 09:39:15,N,AAPL,318.04,4.0,318.06,2.0,1.0,0.0,2020-01-22 09:39:15.602015,318.04,318.08,0
2020-01-22 09:39:16,N,AAPL,318.04,4.0,318.08,2.0,-1.0,0.0,2020-01-22 09:39:16.071223,318.04,318.06,0
2020-01-22 09:39:17,N,AAPL,318.04,3.0,318.06,1.0,2.0,-3.0,2020-01-22 09:39:17.047464,318.04,318.06,0
2020-01-22 09:39:18,N,AAPL,318.04,3.0,318.06,2.0,-1.0,0.0,2020-01-22 09:39:18.299348,318.01,318.05,0
2020-01-22 09:39:19,N,AAPL,318.01,3.0,318.05,2.0,1.0,0.0,2020-01-22 09:39:19.088259,318.01,318.06,0
2020-01-22 09:39:20,N,AAPL,318.01,2.0,318.06,4.0,0.0,2.0,2020-01-22 09:39:20.003891,318.06,318.08,0
2020-01-22 09:39:22,N,AAPL,318.06,2.0,318.08,2.0,1.0,-1.0,2020-01-22 09:39:22.738229,318.04,318.08,0
2020-01-22 09:39:23,N,AAPL,318.04,2.0,318.08,2.0,0.0,0.0,2020-01-22 09:39:23.131257,318.05,318.07,0
2020-01-22 09:39:25,N,AAPL,318.05,2.0,318.07,5.0,1.0,3.0,2020-01-22 09:39:25.155897,318.05,318.07,0
2020-01-22 09:39:26,N,AAPL,318.05,2.0,318.07,5.0,1.0,0.0,2020-01-22 09:39:26.125478,318.06,318.07,0
2020-01-22 09:39:27,N,AAPL,318.06,2.0,318.07,5.0,0.0,0.0,2020-01-22 09:39:27.168973,318.05,318.07,0
2020-01-22 09:39:28,N,AAPL,318.05,1.0,318.07,4.0,-3.0,0.0,2020-01-22 09:39:28.020076,318.05,318.07,0
2020-01-22 09:39:29,N,AAPL,318.05,4.0,318.07,3.0,1.0,-1.0,2020-01-22 09:39:29.594600,318.05,318.07,0
2020-01-22 09:39:30,N,AAPL,318.05,1.0,318.07,4.0,-2.0,0.0,2020-01-22 09:39:30.048143,318.09,318.1,1
2020-01-22 09:39:31,N,AAPL,318.09,2.0,318.1,2.0,1.0,1.0,2020-01-22 09:39:31.130779,318.13,318.14,1
2020-01-22 09:39:34,N,AAPL,318.13,1.0,318.14,5.0,-1.0,3.0,2020-01-22 09:39:34.125006,318.14,318.17,0
2020-01-22 09:39:37,N,AAPL,318.14,1.0,318.17,4.0,-2.0,3.0,2020-01-22 09:39:37.453529,318.15,318.16,0
2020-01-22 09:39:39,N,AAPL,318.15,1.0,318.16,2.0,0.0,-2.0,2020-01-22 09:39:39.434375,318.11,318.14,-1
2020-01-22 09:39:40,N,AAPL,318.11,2.0,318.14,3.0,1.0,0.0,2020-01-22 09:39:40.046965,318.1,318.14,0
2020-01-22 09:39:41,N,AAPL,318.1,2.0,318.14,2.0,0.0,1.0,2020-01-22 09:39:41.397919,318.13,318.14,0
2020-01-22 09:39:42,N,AAPL,318.13,1.0,318.14,2.0,-1.0,0.0,2020-01-22 09:39:42.164302,318.13,318.14,0
2020-01-22 09:39:43,N,AAPL,318.13,2.0,318.14,3.0,0.0,1.0,2020-01-22 09:39:43.152446,318.13,318.15,0
2020-01-22 09:39:44,N,AAPL,318.13,5.0,318.15,2.0,3.0,-1.0,2020-01-22 09:39:44.349110,318.13,318.14,0
2020-01-22 09:39:45,N,AAPL,318.13,3.0,318.14,4.0,-1.0,2.0,2020-01-22 09:39:45.511241,318.1,318.13,0
2020-01-22 09:39:46,N,AAPL,318.1,3.0,318.13,4.0,0.0,-1.0,2020-01-22 09:39:46.329314,318.11,318.13,0
2020-01-22 09:39:47,N,AAPL,318.11,5.0,318.13,1.0,2.0,0.0,2020-01-22 09:39:47.153029,318.1,318.14,0
2020-01-22 09:39:48,N,AAPL,318.1,3.0,318.14,2.0,1.0,1.0,2020-01-22 09:39:48.229937,318.11,318.13,0
2020-01-22 09:39:50,N,AAPL,318.11,3.0,318.13,1.0,0.0,-1.0,2020-01-22 09:39:50.120868,318.12,318.15,0
2020-01-22 09:39:51,N,AAPL,318.12,1.0,318.15,7.0,-3.0,5.0,2020-01-22 09:39:51.752705,318.15,318.17,0
2020-01-22 09:39:52,N,AAPL,318.15,2.0,318.17,1.0,0.0,0.0,2020-01-22 09:39:52.225394,318.17,318.18,0
2020-01-22 09:39:55,N,AAPL,318.17,4.0,318.18,1.0,2.0,0.0,2020-01-22 09:39:55.268567,318.17,318.19,0
2020-01-22 09:39:56,N,AAPL,318.17,1.0,318.19,4.0,0.0,3.0,2020-01-22 09:39:56.690131,318.16,318.18,0
2020-01-22 09:39:57,N,AAPL,318.16,2.0,318.18,4.0,1.0,0.0,2020-01-22 09:39:57.036969,318.15,318.18,0
2020-01-22 09:39:58,N,AAPL,318.15,1.0,318.18,1.0,0.0,-4.0,2020-01-22 09:39:58.013241,318.18,318.19,0
2020-01-22 09:39:59,N,AAPL,318.18,2.0,318.19,4.0,0.0,0.0,2020-01-22 09:39:59.376323,318.16,318.19,0
2020-01-22 09:40:00,N,AAPL,318.16,2.0,318.19,4.0,0.0,0.0,2020-01-22 09:40:00.015122,318.2,318.22,1
2020-01-22 09:40:01,N,AAPL,318.2,1.0,318.22,4.0,0.0,-3.0,2020-01-22 09:40:01.286721,318.17,318.19,-1
2020-01-22 09:40:02,N,AAPL,318.17,2.0,318.19,4.0,0.0,0.0,2020-01-22 09:40:02.884694,318.15,318.17,0
2020-01-22 09:40:03,N,AAPL,318.15,2.0,318.17,1.0,1.0,-3.0,2020-01-22 09:40:03.100125,318.07,318.1,-1
2020-01-22 09:40:04,N,AAPL,318.07,1.0,318.1,4.0,-1.0,1.0,2020-01-22 09:40:04.070810,317.99,318.01,-1
2020-01-22 09:40:05,N,AAPL,317.99,2.0,318.01,2.0,1.0,-2.0,2020-01-22 09:40:05.702988,318.0,318.02,0
2020-01-22 09:40:07,N,AAPL,318.0,2.0,318.02,1.0,-2.0,-1.0,2020-01-22 09:40:07.072989,317.99,318.01,0
2020-01-22 09:40:08,N,AAPL,317.99,1.0,318.01,1.0,0.0,-1.0,2020-01-22 09:40:08.211623,317.99,318.01,0
2020-01-22 09:40:09,N,AAPL,317.99,4.0,318.01,1.0,3.0,0.0,2020-01-22 09:40:09.215155,317.99,318.02,0
2020-01-22 09:40:10,N,AAPL,317.99,2.0,318.02,1.0,-2.0,-1.0,2020-01-22 09:40:10.180344,318.02,318.03,0
2020-01-22 09:40:11,N,AAPL,318.02,4.0,318.03,1.0,3.0,0.0,2020-01-22 09:40:11.077408,318.03,318.05,0
2020-01-22 09:40:12,N,AAPL,318.03,3.0,318.05,1.0,2.0,-1.0,2020-01-22 09:40:12.693615,318.04,318.06,0
2020-01-22 09:40:13,N,AAPL,318.04,4.0,318.06,1.0,1.0,0.0,2020-01-22 09:40:13.279113,318.0,318.02,-1
2020-01-22 09:40:14,N,AAPL,318.0,2.0,318.02,1.0,1.0,-1.0,2020-01-22 09:40:14.991037,318.0,318.02,0
2020-01-22 09:40:15,N,AAPL,318.0,3.0,318.02,1.0,1.0,0.0,2020-01-22 09:40:15.325666,318.01,318.04,0
2020-01-22 09:40:16,N,AAPL,318.01,1.0,318.04,1.0,-2.0,0.0,2020-01-22 09:40:16.066610,318.01,318.02,0
2020-01-22 09:40:17,N,AAPL,318.01,1.0,318.02,1.0,0.0,-1.0,2020-01-22 09:40:17.052855,317.91,317.93,-1
2020-01-22 09:40:20,N,AAPL,317.91,1.0,317.93,4.0,-2.0,3.0,2020-01-22 09:40:20.012760,317.93,317.94,0
2020-01-22 09:40:21,N,AAPL,317.93,2.0,317.94,1.0,-2.0,0.0,2020-01-22 09:40:21.147221,317.94,317.96,0
2020-01-22 09:40:22,N,AAPL,317.94,1.0,317.96,1.0,0.0,-1.0,2020-01-22 09:40:22.135523,317.97,318.01,1
2020-01-22 09:40:23,N,AAPL,317.97,2.0,318.01,1.0,0.0,0.0,2020-01-22 09:40:23.494982,317.97,318.02,0
2020-01-22 09:40:24,N,AAPL,317.97,2.0,318.02,6.0,0.0,5.0,2020-01-22 09:40:24.007247,318.01,318.03,0
2020-01-22 09:40:25,N,AAPL,318.01,2.0,318.03,1.0,0.0,0.0,2020-01-22 09:40:25.684037,318.0,318.03,0
2020-01-22 09:40:26,N,AAPL,318.0,5.0,318.03,1.0,3.0,0.0,2020-01-22 09:40:26.574100,318.0,318.02,0
2020-01-22 09:40:27,N,AAPL,318.0,5.0,318.02,4.0,0.0,3.0,2020-01-22 09:40:27.333460,317.99,318.03,0
2020-01-22 09:40:28,N,AAPL,317.99,2.0,318.03,3.0,0.0,2.0,2020-01-22 09:40:28.001300,317.99,318.04,0
2020-01-22 09:40:29,N,AAPL,317.99,2.0,318.04,5.0,-1.0,3.0,2020-01-22 09:40:29.212673,318.07,318.09,1
2020-01-22 09:40:30,N,AAPL,318.07,4.0,318.09,1.0,2.0,0.0,2020-01-22 09:40:30.798656,318.09,318.12,0
2020-01-22 09:40:31,N,AAPL,318.09,2.0,318.12,1.0,-3.0,0.0,2020-01-22 09:40:31.204433,318.12,318.15,0
2020-01-22 09:40:32,N,AAPL,318.12,4.0,318.15,2.0,2.0,1.0,2020-01-22 09:40:32.061493,318.14,318.16,0
2020-01-22 09:40:35,N,AAPL,318.14,2.0,318.16,2.0,0.0,0.0,2020-01-22 09:40:35.199535,318.1,318.13,-1
2020-01-22 09:40:36,N,AAPL,318.1,2.0,318.13,2.0,0.0,0.0,2020-01-22 09:40:36.036474,318.04,318.09,-1
2020-01-22 09:40:37,N,AAPL,318.04,3.0,318.09,2.0,2.0,0.0,2020-01-22 09:40:37.134449,318.1,318.15,1
2020-01-22 09:40:38,N,AAPL,318.1,3.0,318.15,2.0,2.0,0.0,2020-01-22 09:40:38.141930,318.12,318.15,0
2020-01-22 09:40:39,N,AAPL,318.12,2.0,318.15,2.0,0.0,0.0,2020-01-22 09:40:39.188044,318.13,318.15,0
2020-01-22 09:40:40,N,AAPL,318.13,1.0,318.15,2.0,0.0,0.0,2020-01-22 09:40:40.612478,318.11,318.13,0
2020-01-22 09:40:41,N,AAPL,318.11,2.0,318.13,2.0,1.0,-1.0,2020-01-22 09:40:41.004101,318.14,318.17,1
2020-01-22 09:40:42,N,AAPL,318.14,2.0,318.17,4.0,1.0,3.0,2020-01-22 09:40:42.251905,318.14,318.18,0
2020-01-22 09:40:43,N,AAPL,318.14,2.0,318.18,2.0,0.0,0.0,2020-01-22 09:40:43.035504,318.16,318.18,0
2020-01-22 09:40:44,N,AAPL,318.16,1.0,318.18,1.0,-1.0,-1.0,2020-01-22 09:40:44.248684,318.18,318.2,0
2020-01-22 09:40:45,N,AAPL,318.18,5.0,318.2,1.0,3.0,0.0,2020-01-22 09:40:45.333487,318.17,318.2,0
2020-01-22 09:40:46,N,AAPL,318.17,2.0,318.2,3.0,-1.0,2.0,2020-01-22 09:40:46.050833,318.19,318.21,0
2020-01-22 09:40:47,N,AAPL,318.19,3.0,318.21,3.0,2.0,2.0,2020-01-22 09:40:47.451480,318.19,318.23,0
2020-01-22 09:40:48,N,AAPL,318.19,2.0,318.23,2.0,-2.0,-2.0,2020-01-22 09:40:48.655078,318.2,318.24,0
2020-01-22 09:40:49,N,AAPL,318.2,5.0,318.24,1.0,3.0,-1.0,2020-01-22 09:40:49.136621,318.2,318.23,0
2020-01-22 09:40:50,N,AAPL,318.2,2.0,318.23,4.0,0.0,3.0,2020-01-22 09:40:50.196033,318.21,318.24,0
2020-01-22 09:40:51,N,AAPL,318.21,1.0,318.24,2.0,-1.0,0.0,2020-01-22 09:40:51.145066,318.22,318.23,0
2020-01-22 09:40:52,N,AAPL,318.22,3.0,318.23,1.0,2.0,-1.0,2020-01-22 09:40:52.902322,318.21,318.23,0
2020-01-22 09:40:53,N,AAPL,318.21,2.0,318.23,1.0,1.0,-8.0,2020-01-22 09:40:53.276006,318.23,318.24,0
2020-01-22 09:40:55,N,AAPL,318.23,2.0,318.24,1.0,0.0,-1.0,2020-01-22 09:40:55.978347,318.2,318.24,0
2020-01-22 09:40:56,N,AAPL,318.2,1.0,318.24,3.0,-1.0,2.0,2020-01-22 09:40:56.843530,318.21,318.24,0
2020-01-22 09:40:57,N,AAPL,318.21,2.0,318.24,1.0,0.0,0.0,2020-01-22 09:40:57.666489,318.25,318.26,1
2020-01-22 09:40:58,N,AAPL,318.25,3.0,318.26,2.0,1.0,1.0,2020-01-22 09:40:58.472389,318.24,318.28,0
2020-01-22 09:40:59,N,AAPL,318.24,2.0,318.28,1.0,0.0,0.0,2020-01-22 09:40:59.082157,318.27,318.29,0
2020-01-22 09:41:00,N,AAPL,318.27,4.0,318.29,1.0,0.0,0.0,2020-01-22 09:41:00.239397,318.28,318.3,0
2020-01-22 09:41:01,N,AAPL,318.28,1.0,318.3,5.0,0.0,4.0,2020-01-22 09:41:01.221462,318.27,318.3,0
2020-01-22 09:41:02,N,AAPL,318.27,5.0,318.3,5.0,3.0,3.0,2020-01-22 09:41:02.002179,318.29,318.3,0
2020-01-22 09:41:03,N,AAPL,318.29,4.0,318.3,1.0,3.0,-4.0,2020-01-22 09:41:03.125645,318.28,318.31,0
2020-01-22 09:41:04,N,AAPL,318.28,2.0,318.31,20.0,1.0,1.0,2020-01-22 09:41:04.058219,318.28,318.3,0
2020-01-22 09:41:05,N,AAPL,318.28,1.0,318.3,2.0,0.0,0.0,2020-01-22 09:41:05.640507,318.26,318.28,0
2020-01-22 09:41:06,N,AAPL,318.26,1.0,318.28,5.0,-1.0,4.0,2020-01-22 09:41:06.938775,318.24,318.26,0
2020-01-22 09:41:07,N,AAPL,318.24,1.0,318.26,4.0,0.0,3.0,2020-01-22 09:41:07.331808,318.24,318.26,0
2020-01-22 09:41:08,N,AAPL,318.24,1.0,318.26,2.0,0.0,-1.0,2020-01-22 09:41:08.322896,318.23,318.26,0
2020-01-22 09:41:09,N,AAPL,318.23,4.0,318.26,1.0,2.0,-3.0,2020-01-22 09:41:09.579919,318.23,318.26,0
2020-01-22 09:41:10,N,AAPL,318.23,2.0,318.26,1.0,0.0,-1.0,2020-01-22 09:41:10.867348,318.19,318.21,-1
2020-01-22 09:41:11,N,AAPL,318.19,2.0,318.21,2.0,0.0,1.0,2020-01-22 09:41:11.879815,318.15,318.18,-1
2020-01-22 09:41:12,N,AAPL,318.15,4.0,318.18,1.0,0.0,-1.0,2020-01-22 09:41:12.039206,318.16,318.18,0
2020-01-22 09:41:13,N,AAPL,318.16,2.0,318.18,1.0,-2.0,0.0,2020-01-22 09:41:13.291840,318.14,318.16,0
2020-01-22 09:41:14,N,AAPL,318.14,3.0,318.16,1.0,1.0,0.0,2020-01-22 09:41:14.375655,318.14,318.17,0
2020-01-22 09:41:15,N,AAPL,318.14,3.0,318.17,1.0,1.0,0.0,2020-01-22 09:41:15.097960,318.14,318.15,0
2020-01-22 09:41:16,N,AAPL,318.14,2.0,318.15,1.0,-1.0,0.0,2020-01-22 09:41:16.178801,318.16,318.17,1
2020-01-22 09:41:18,N,AAPL,318.16,1.0,318.17,1.0,-1.0,-2.0,2020-01-22 09:41:18.192062,318.19,318.2,1
2020-01-22 09:41:19,N,AAPL,318.19,6.0,318.2,2.0,4.0,0.0,2020-01-22 09:41:19.004241,318.19,318.21,0
2020-01-22 09:41:21,N,AAPL,318.19,2.0,318.21,1.0,-1.0,0.0,2020-01-22 09:41:21.985568,318.18,318.21,0
2020-01-22 09:41:22,N,AAPL,318.18,1.0,318.21,4.0,-1.0,3.0,2020-01-22 09:41:22.004963,318.19,318.22,0
2020-01-22 09:41:23,N,AAPL,318.19,3.0,318.22,1.0,1.0,0.0,2020-01-22 09:41:23.004742,318.23,318.25,1
2020-01-22 09:41:26,N,AAPL,318.23,1.0,318.25,2.0,-2.0,1.0,2020-01-22 09:41:26.545812,318.23,318.25,0
2020-01-22 09:41:27,N,AAPL,318.23,1.0,318.25,1.0,-1.0,-1.0,2020-01-22 09:41:27.150386,318.23,318.26,0
2020-01-22 09:41:29,N,AAPL,318.23,1.0,318.26,1.0,0.0,0.0,2020-01-22 09:41:29.056044,318.27,318.28,1
2020-01-22 09:41:31,N,AAPL,318.27,2.0,318.28,1.0,0.0,0.0,2020-01-22 09:41:31.959420,318.29,318.3,1
2020-01-22 09:41:32,N,AAPL,318.29,2.0,318.3,9.0,0.0,8.0,2020-01-22 09:41:32.509335,318.27,318.3,0
2020-01-22 09:41:33,N,AAPL,318.27,1.0,318.3,1.0,-3.0,-18.0,2020-01-22 09:41:33.898083,318.26,318.29,0
2020-01-22 09:41:34,N,AAPL,318.26,1.0,318.29,4.0,0.0,3.0,2020-01-22 09:41:34.023670,318.25,318.29,0
2020-01-22 09:41:35,N,AAPL,318.25,4.0,318.29,3.0,3.0,1.0,2020-01-22 09:41:35.249078,318.26,318.3,0
2020-01-22 09:41:36,N,AAPL,318.26,1.0,318.3,2.0,-3.0,-1.0,2020-01-22 09:41:36.011014,318.25,318.27,0
2020-01-22 09:41:37,N,AAPL,318.25,3.0,318.27,1.0,2.0,0.0,2020-01-22 09:41:37.258466,318.25,318.27,0
2020-01-22 09:41:38,N,AAPL,318.25,1.0,318.27,1.0,-2.0,0.0,2020-01-22 09:41:38.183864,318.21,318.23,-1
2020-01-22 09:41:39,N,AAPL,318.21,2.0,318.23,2.0,-1.0,-2.0,2020-01-22 09:41:39.091563,318.21,318.24,0
2020-01-22 09:41:40,N,AAPL,318.21,1.0,318.24,1.0,-3.0,0.0,2020-01-22 09:41:40.296728,318.22,318.25,0
2020-01-22 09:41:41,N,AAPL,318.22,1.0,318.25,1.0,0.0,-1.0,2020-01-22 09:41:41.042484,318.23,318.26,0
2020-01-22 09:41:42,N,AAPL,318.23,1.0,318.26,2.0,-1.0,1.0,2020-01-22 09:41:42.134011,318.22,318.25,0
2020-01-22 09:41:44,N,AAPL,318.22,1.0,318.25,1.0,-2.0,-3.0,2020-01-22 09:41:44.337534,318.24,318.26,0
2020-01-22 09:41:45,N,AAPL,318.24,5.0,318.26,1.0,3.0,0.0,2020-01-22 09:41:45.165153,318.23,318.25,0
2020-01-22 09:41:46,N,AAPL,318.23,1.0,318.25,3.0,0.0,2.0,2020-01-22 09:41:46.290532,318.2,318.22,-1
2020-01-22 09:41:47,N,AAPL,318.2,4.0,318.22,4.0,1.0,3.0,2020-01-22 09:41:47.113869,318.25,318.27,1
2020-01-22 09:41:50,N,AAPL,318.25,1.0,318.27,5.0,-3.0,2.0,2020-01-22 09:41:50.057583,318.25,318.27,0
2020-01-22 09:41:52,N,AAPL,318.25,1.0,318.27,2.0,0.0,-2.0,2020-01-22 09:41:52.523771,318.24,318.26,0
2020-01-22 09:41:53,N,AAPL,318.24,2.0,318.26,5.0,1.0,3.0,2020-01-22 09:41:53.589238,318.2,318.22,-1
2020-01-22 09:41:54,N,AAPL,318.2,1.0,318.22,2.0,-2.0,0.0,2020-01-22 09:41:54.784357,318.17,318.19,-1
2020-01-22 09:41:55,N,AAPL,318.17,1.0,318.19,1.0,0.0,0.0,2020-01-22 09:41:55.297505,318.15,318.18,0
2020-01-22 09:41:56,N,AAPL,318.15,2.0,318.18,2.0,0.0,1.0,2020-01-22 09:41:56.866932,318.11,318.13,-1
2020-01-22 09:41:57,N,AAPL,318.11,9.0,318.13,4.0,7.0,3.0,2020-01-22 09:41:57.382826,318.09,318.11,0
2020-01-22 09:41:58,N,AAPL,318.09,2.0,318.11,5.0,-2.0,3.0,2020-01-22 09:41:58.701616,318.08,318.1,0
2020-01-22 09:41:59,N,AAPL,318.08,1.0,318.1,1.0,-15.0,-4.0,2020-01-22 09:41:59.930881,318.07,318.1,0
2020-01-22 09:42:00,N,AAPL,318.07,1.0,318.1,2.0,0.0,1.0,2020-01-22 09:42:00.026790,318.1,318.13,0
2020-01-22 09:42:01,N,AAPL,318.1,4.0,318.13,2.0,0.0,1.0,2020-01-22 09:42:01.407017,318.12,318.13,0
2020-01-22 09:42:02,N,AAPL,318.12,3.0,318.13,1.0,1.0,-1.0,2020-01-22 09:42:02.112122,318.11,318.14,0
2020-01-22 09:42:03,N,AAPL,318.11,1.0,318.14,1.0,-3.0,0.0,2020-01-22 09:42:03.068014,318.05,318.08,-1
2020-01-22 09:42:04,N,AAPL,318.05,5.0,318.08,1.0,3.0,-3.0,2020-01-22 09:42:04.050638,318.05,318.07,0
2020-01-22 09:42:05,N,AAPL,318.05,1.0,318.07,2.0,-2.0,1.0,2020-01-22 09:42:05.539844,318.06,318.08,0
2020-01-22 09:42:06,N,AAPL,318.06,2.0,318.08,1.0,1.0,0.0,2020-01-22 09:42:06.178947,318.14,318.17,1
2020-01-22 09:42:07,N,AAPL,318.14,3.0,318.17,2.0,2.0,1.0,2020-01-22 09:42:07.256759,318.17,318.19,0
2020-01-22 09:42:08,N,AAPL,318.17,5.0,318.19,1.0,4.0,0.0,2020-01-22 09:42:08.757600,318.16,318.18,0
2020-01-22 09:42:09,N,AAPL,318.16,1.0,318.18,1.0,0.0,0.0,2020-01-22 09:42:09.138968,318.19,318.21,1
2020-01-22 09:42:10,N,AAPL,318.19,4.0,318.21,1.0,2.0,-2.0,2020-01-22 09:42:10.032057,318.21,318.24,0
2020-01-22 09:42:11,N,AAPL,318.21,4.0,318.24,1.0,0.0,0.0,2020-01-22 09:42:11.301961,318.22,318.24,0
2020-01-22 09:42:12,N,AAPL,318.22,1.0,318.24,3.0,0.0,2.0,2020-01-22 09:42:12.291100,318.23,318.26,0
2020-01-22 09:42:13,N,AAPL,318.23,1.0,318.26,1.0,0.0,-2.0,2020-01-22 09:42:13.023597,318.18,318.21,-1
2020-01-22 09:42:14,N,AAPL,318.18,2.0,318.21,2.0,1.0,0.0,2020-01-22 09:42:14.325841,318.15,318.16,-1
2020-01-22 09:42:16,N,AAPL,318.15,2.0,318.16,1.0,0.0,-3.0,2020-01-22 09:42:16.745145,318.15,318.16,0
2020-01-22 09:42:17,N,AAPL,318.15,3.0,318.16,1.0,1.0,0.0,2020-01-22 09:42:17.409928,318.15,318.17,0
2020-01-22 09:42:18,N,AAPL,318.15,1.0,318.17,4.0,-1.0,3.0,2020-01-22 09:42:18.130720,318.15,318.18,0
2020-01-22 09:42:19,N,AAPL,318.15,4.0,318.18,1.0,3.0,-2.0,2020-01-22 09:42:19.209791,318.17,318.21,0
2020-01-22 09:42:20,N,AAPL,318.17,2.0,318.21,3.0,0.0,1.0,2020-01-22 09:42:20.475613,318.17,318.21,0
2020-01-22 09:42:21,N,AAPL,318.17,2.0,318.21,3.0,1.0,2.0,2020-01-22 09:42:21.750970,318.2,318.21,0
2020-01-22 09:42:23,N,AAPL,318.2,1.0,318.21,2.0,0.0,-1.0,2020-01-22 09:42:23.286269,318.15,318.17,-1
2020-01-22 09:42:24,N,AAPL,318.15,1.0,318.17,2.0,-3.0,1.0,2020-01-22 09:42:24.829875,318.16,318.18,0
2020-01-22 09:42:26,N,AAPL,318.16,5.0,318.18,4.0,3.0,2.0,2020-01-22 09:42:26.577153,318.1,318.12,-1
2020-01-22 09:42:27,N,AAPL,318.1,1.0,318.12,3.0,0.0,1.0,2020-01-22 09:42:27.768652,318.12,318.14,0
2020-01-22 09:42:28,N,AAPL,318.12,2.0,318.14,1.0,1.0,-2.0,2020-01-22 09:42:28.626380,318.12,318.15,0
2020-01-22 09:42:29,N,AAPL,318.12,2.0,318.15,1.0,1.0,-1.0,2020-01-22 09:42:29.253431,318.14,318.18,0
2020-01-22 09:42:31,N,AAPL,318.14,3.0,318.18,2.0,1.0,1.0,2020-01-22 09:42:31.123916,318.14,318.15,0
2020-01-22 09:42:32,N,AAPL,318.14,2.0,318.15,4.0,0.0,2.0,2020-01-22 09:42:32.217819,318.13,318.15,0
2020-01-22 09:42:33,N,AAPL,318.13,1.0,318.15,2.0,0.0,0.0,2020-01-22 09:42:33.456171,318.11,318.14,0
2020-01-22 09:42:34,N,AAPL,318.11,2.0,318.14,1.0,0.0,0.0,2020-01-22 09:42:34.069734,318.08,318.11,0
2020-01-22 09:42:35,N,AAPL,318.08,2.0,318.11,4.0,0.0,3.0,2020-01-22 09:42:35.432188,318.09,318.12,0
2020-01-22 09:42:36,N,AAPL,318.09,1.0,318.12,3.0,0.0,2.0,2020-01-22 09:42:36.130294,318.06,318.09,0
2020-01-22 09:42:37,N,AAPL,318.06,9.0,318.09,4.0,8.0,1.0,2020-01-22 09:42:37.166851,318.09,318.12,0
2020-01-22 09:42:38,N,AAPL,318.09,2.0,318.12,2.0,1.0,-1.0,2020-01-22 09:42:38.058246,318.15,318.18,1
2020-01-22 09:42:39,N,AAPL,318.15,3.0,318.18,2.0,1.0,0.0,2020-01-22 09:42:39.837555,318.14,318.18,0
2020-01-22 09:42:40,N,AAPL,318.14,3.0,318.18,1.0,-1.0,-3.0,2020-01-22 09:42:40.487197,318.16,318.18,0
2020-01-22 09:42:41,N,AAPL,318.16,1.0,318.18,2.0,-2.0,1.0,2020-01-22 09:42:41.885917,318.15,318.18,0
2020-01-22 09:42:42,N,AAPL,318.15,1.0,318.18,3.0,0.0,2.0,2020-01-22 09:42:42.281086,318.13,318.14,-1
2020-01-22 09:42:43,N,AAPL,318.13,1.0,318.14,2.0,0.0,0.0,2020-01-22 09:42:43.089869,318.11,318.12,-1
2020-01-22 09:42:44,N,AAPL,318.11,1.0,318.12,4.0,0.0,1.0,2020-01-22 09:42:44.047766,318.12,318.13,0
2020-01-22 09:42:46,N,AAPL,318.12,4.0,318.13,2.0,2.0,0.0,2020-01-22 09:42:46.036325,318.12,318.15,0
2020-01-22 09:42:47,N,AAPL,318.12,1.0,318.15,5.0,-2.0,4.0,2020-01-22 09:42:47.756717,318.12,318.13,0
2020-01-22 09:42:51,N,AAPL,318.12,2.0,318.13,5.0,1.0,0.0,2020-01-22 09:42:51.850590,318.12,318.15,0
2020-01-22 09:42:52,N,AAPL,318.12,4.0,318.15,1.0,2.0,-1.0,2020-01-22 09:42:52.840402,318.11,318.13,0
2020-01-22 09:42:53,N,AAPL,318.11,1.0,318.13,3.0,-2.0,1.0,2020-01-22 09:42:53.022827,318.06,318.08,-1
2020-01-22 09:42:55,N,AAPL,318.06,9.0,318.08,5.0,8.0,2.0,2020-01-22 09:42:55.351000,318.04,318.07,0
2020-01-22 09:42:56,N,AAPL,318.04,3.0,318.07,4.0,2.0,2.0,2020-01-22 09:42:56.205405,318.05,318.08,0
2020-01-22 09:42:57,N,AAPL,318.05,1.0,318.08,7.0,-2.0,3.0,2020-01-22 09:42:57.260817,318.01,318.04,-1
2020-01-22 09:42:58,N,AAPL,318.01,1.0,318.04,3.0,0.0,-4.0,2020-01-22 09:42:58.265085,318.01,318.04,0
2020-01-22 09:42:59,N,AAPL,318.01,2.0,318.04,1.0,-1.0,-1.0,2020-01-22 09:42:59.203237,317.99,318.03,0
2020-01-22 09:43:00,N,AAPL,317.99,5.0,318.03,3.0,4.0,1.0,2020-01-22 09:43:00.076315,317.97,317.99,0
2020-01-22 09:43:02,N,AAPL,317.97,3.0,317.99,4.0,-3.0,2.0,2020-01-22 09:43:02.587880,317.96,317.98,0
2020-01-22 09:43:03,N,AAPL,317.96,2.0,317.98,3.0,0.0,-1.0,2020-01-22 09:43:03.906378,317.97,317.99,0
2020-01-22 09:43:04,N,AAPL,317.97,1.0,317.99,1.0,-1.0,-1.0,2020-01-22 09:43:04.146861,317.97,317.99,0
2020-01-22 09:43:05,N,AAPL,317.97,1.0,317.99,1.0,0.0,-2.0,2020-01-22 09:43:05.068080,317.96,317.98,0
2020-01-22 09:43:06,N,AAPL,317.96,2.0,317.98,4.0,1.0,3.0,2020-01-22 09:43:06.012091,317.97,317.99,0
2020-01-22 09:43:07,N,AAPL,317.97,1.0,317.99,3.0,-3.0,0.0,2020-01-22 09:43:07.177902,317.96,317.99,0
2020-01-22 09:43:08,N,AAPL,317.96,2.0,317.99,3.0,1.0,1.0,2020-01-22 09:43:08.190167,317.97,317.99,0
2020-01-22 09:43:09,N,AAPL,317.97,2.0,317.99,2.0,-2.0,-1.0,2020-01-22 09:43:09.022078,317.96,317.98,0
2020-01-22 09:43:11,N,AAPL,317.96,1.0,317.98,4.0,-1.0,1.0,2020-01-22 09:43:11.045915,317.91,317.95,-1
2020-01-22 09:43:12,N,AAPL,317.91,5.0,317.95,3.0,4.0,0.0,2020-01-22 09:43:12.088657,317.9,317.92,0
2020-01-22 09:43:13,N,AAPL,317.9,9.0,317.92,3.0,8.0,1.0,2020-01-22 09:43:13.035715,317.87,317.89,-1
2020-01-22 09:43:14,N,AAPL,317.87,2.0,317.89,4.0,-3.0,3.0,2020-01-22 09:43:14.765007,317.87,317.91,0
2020-01-22 09:43:15,N,AAPL,317.87,3.0,317.91,4.0,1.0,1.0,2020-01-22 09:43:15.281887,317.87,317.88,0
2020-01-22 09:43:16,N,AAPL,317.87,4.0,317.88,1.0,0.0,-2.0,2020-01-22 09:43:16.318866,317.85,317.86,-1
2020-01-22 09:43:17,N,AAPL,317.85,5.0,317.86,5.0,2.0,4.0,2020-01-22 09:43:17.065774,317.84,317.85,0
2020-01-22 09:43:18,N,AAPL,317.84,5.0,317.85,4.0,0.0,3.0,2020-01-22 09:43:18.707467,317.83,317.85,0
2020-01-22 09:43:19,N,AAPL,317.83,1.0,317.85,4.0,-4.0,0.0,2020-01-22 09:43:19.474889,317.8,317.81,-1
2020-01-22 09:43:20,N,AAPL,317.8,3.0,317.81,3.0,2.0,-1.0,2020-01-22 09:43:20.121025,317.77,317.78,-1
2020-01-22 09:43:21,N,AAPL,317.77,2.0,317.78,1.0,-1.0,-2.0,2020-01-22 09:43:21.322772,317.77,317.8,0
2020-01-22 09:43:22,N,AAPL,317.77,2.0,317.8,3.0,1.0,1.0,2020-01-22 09:43:22.500946,317.8,317.81,0
2020-01-22 09:43:24,N,AAPL,317.8,3.0,317.81,1.0,2.0,-2.0,2020-01-22 09:43:24.631389,317.77,317.8,0
2020-01-22 09:43:26,N,AAPL,317.77,3.0,317.8,4.0,2.0,2.0,2020-01-22 09:43:26.760609,317.77,317.79,0
2020-01-22 09:43:27,N,AAPL,317.77,3.0,317.79,2.0,0.0,-2.0,2020-01-22 09:43:27.090313,317.8,317.83,1
2020-01-22 09:43:29,N,AAPL,317.8,3.0,317.83,2.0,-1.0,1.0,2020-01-22 09:43:29.829211,317.77,317.8,0
2020-01-22 09:43:30,N,AAPL,317.77,6.0,317.8,3.0,3.0,2.0,2020-01-22 09:43:30.485595,317.76,317.77,0
2020-01-22 09:43:31,N,AAPL,317.76,2.0,317.77,2.0,-4.0,-1.0,2020-01-22 09:43:31.346446,317.76,317.78,0
2020-01-22 09:43:32,N,AAPL,317.76,2.0,317.78,1.0,-2.0,0.0,2020-01-22 09:43:32.316083,317.79,317.81,1
2020-01-22 09:43:33,N,AAPL,317.79,2.0,317.81,2.0,0.0,1.0,2020-01-22 09:43:33.661311,317.82,317.84,1
2020-01-22 09:43:35,N,AAPL,317.82,2.0,317.84,3.0,-1.0,1.0,2020-01-22 09:43:35.412088,317.81,317.83,0
2020-01-22 09:43:36,N,AAPL,317.81,1.0,317.83,2.0,-2.0,1.0,2020-01-22 09:43:36.011633,317.84,317.86,1
2020-01-22 09:43:39,N,AAPL,317.84,1.0,317.86,1.0,0.0,0.0,2020-01-22 09:43:39.338618,317.85,317.88,0
2020-01-22 09:43:40,N,AAPL,317.85,4.0,317.88,2.0,2.0,1.0,2020-01-22 09:43:40.017293,317.91,317.94,1
2020-01-22 09:43:43,N,AAPL,317.91,3.0,317.94,2.0,0.0,-1.0,2020-01-22 09:43:43.314450,317.9,317.93,0
2020-01-22 09:43:44,N,AAPL,317.9,4.0,317.93,2.0,1.0,0.0,2020-01-22 09:43:44.899821,317.91,317.94,0
2020-01-22 09:43:45,N,AAPL,317.91,1.0,317.94,1.0,-1.0,-1.0,2020-01-22 09:43:45.014537,317.93,317.95,0
2020-01-22 09:43:48,N,AAPL,317.93,2.0,317.95,1.0,1.0,0.0,2020-01-22 09:43:48.307673,317.96,317.99,1
2020-01-22 09:43:49,N,AAPL,317.96,1.0,317.99,2.0,0.0,1.0,2020-01-22 09:43:49.267787,317.98,318.0,0
2020-01-22 09:43:50,N,AAPL,317.98,4.0,318.0,1.0,2.0,-1.0,2020-01-22 09:43:50.925103,317.98,318.0,0
2020-01-22 09:43:51,N,AAPL,317.98,1.0,318.0,4.0,0.0,3.0,2020-01-22 09:43:51.715179,317.95,317.98,0
2020-01-22 09:43:52,N,AAPL,317.95,3.0,317.98,1.0,2.0,-1.0,2020-01-22 09:43:52.036130,317.96,317.99,0
2020-01-22 09:43:53,N,AAPL,317.96,2.0,317.99,2.0,1.0,-1.0,2020-01-22 09:43:53.638276,317.96,317.99,0
2020-01-22 09:43:54,N,AAPL,317.96,4.0,317.99,2.0,1.0,-1.0,2020-01-22 09:43:54.503960,317.95,317.97,0
2020-01-22 09:43:56,N,AAPL,317.95,1.0,317.97,2.0,-3.0,0.0,2020-01-22 09:43:56.713229,317.93,317.94,-1
2020-01-22 09:43:57,N,AAPL,317.93,1.0,317.94,4.0,-1.0,0.0,2020-01-22 09:43:57.049227,317.94,317.95,0
2020-01-22 09:43:58,N,AAPL,317.94,4.0,317.95,1.0,2.0,0.0,2020-01-22 09:43:58.317392,317.93,317.96,0
2020-01-22 09:43:59,N,AAPL,317.93,2.0,317.96,2.0,0.0,0.0,2020-01-22 09:43:59.680485,317.94,317.97,0
2020-01-22 09:44:00,N,AAPL,317.94,2.0,317.97,3.0,-1.0,-1.0,2020-01-22 09:44:00.105897,317.94,317.96,0
2020-01-22 09:44:01,N,AAPL,317.94,2.0,317.96,4.0,0.0,1.0,2020-01-22 09:44:01.787899,317.92,317.95,0
2020-01-22 09:44:02,N,AAPL,317.92,2.0,317.95,1.0,0.0,-2.0,2020-01-22 09:44:02.064105,317.9,317.93,0
2020-01-22 09:44:03,N,AAPL,317.9,3.0,317.93,4.0,2.0,2.0,2020-01-22 09:44:03.447234,317.92,317.95,0
2020-01-22 09:44:04,N,AAPL,317.92,1.0,317.95,4.0,-2.0,2.0,2020-01-22 09:44:04.008039,317.93,317.96,0
2020-01-22 09:44:05,N,AAPL,317.93,3.0,317.96,1.0,2.0,-1.0,2020-01-22 09:44:05.207795,317.93,317.96,0
2020-01-22 09:44:06,N,AAPL,317.93,3.0,317.96,1.0,0.0,0.0,2020-01-22 09:44:06.071209,317.95,317.96,0
2020-01-22 09:44:11,N,AAPL,317.95,1.0,317.96,8.0,-2.0,7.0,2020-01-22 09:44:11.385747,317.94,317.96,0
2020-01-22 09:44:13,N,AAPL,317.94,1.0,317.96,2.0,-23.0,0.0,2020-01-22 09:44:13.275292,317.94,317.96,0
2020-01-22 09:44:14,N,AAPL,317.94,1.0,317.96,2.0,0.0,0.0,2020-01-22 09:44:14.099685,317.93,317.96,0
2020-01-22 09:44:15,N,AAPL,317.93,12.0,317.96,1.0,11.0,-1.0,2020-01-22 09:44:15.066785,317.86,317.88,-1
2020-01-22 09:44:16,N,AAPL,317.86,2.0,317.88,4.0,0.0,2.0,2020-01-22 09:44:16.570093,317.8,317.81,-1
2020-01-22 09:44:17,N,AAPL,317.8,2.0,317.81,1.0,1.0,-1.0,2020-01-22 09:44:17.106074,317.82,317.86,1
2020-01-22 09:44:18,N,AAPL,317.82,4.0,317.86,1.0,0.0,-2.0,2020-01-22 09:44:18.058858,317.81,317.83,0
2020-01-22 09:44:19,N,AAPL,317.81,3.0,317.83,1.0,0.0,0.0,2020-01-22 09:44:19.418453,317.85,317.87,1
2020-01-22 09:44:21,N,AAPL,317.85,2.0,317.87,1.0,0.0,0.0,2020-01-22 09:44:21.013390,317.81,317.84,-1
2020-01-22 09:44:22,N,AAPL,317.81,1.0,317.84,8.0,0.0,4.0,2020-01-22 09:44:22.823633,317.77,317.81,0
2020-01-22 09:44:23,N,AAPL,317.77,3.0,317.81,5.0,0.0,3.0,2020-01-22 09:44:23.261605,317.8,317.83,0
2020-01-22 09:44:24,N,AAPL,317.8,9.0,317.83,3.0,8.0,1.0,2020-01-22 09:44:24.072471,317.78,317.81,0
2020-01-22 09:44:25,N,AAPL,317.78,8.0,317.81,1.0,0.0,0.0,2020-01-22 09:44:25.071564,317.79,317.81,0
2020-01-22 09:44:26,N,AAPL,317.79,1.0,317.81,5.0,-1.0,3.0,2020-01-22 09:44:26.165819,317.77,317.78,-1
2020-01-22 09:44:27,N,AAPL,317.77,1.0,317.78,2.0,-7.0,-3.0,2020-01-22 09:44:27.774294,317.76,317.77,0
2020-01-22 09:44:28,N,AAPL,317.76,3.0,317.77,3.0,2.0,-1.0,2020-01-22 09:44:28.010877,317.79,317.82,1
2020-01-22 09:44:33,N,AAPL,317.79,1.0,317.82,1.0,0.0,-2.0,2020-01-22 09:44:33.201377,317.77,317.79,0
2020-01-22 09:44:34,N,AAPL,317.77,1.0,317.79,2.0,0.0,-3.0,2020-01-22 09:44:34.362781,317.75,317.76,-1
2020-01-22 09:44:35,N,AAPL,317.75,9.0,317.76,4.0,8.0,2.0,2020-01-22 09:44:35.298217,317.71,317.75,0
2020-01-22 09:44:38,N,AAPL,317.71,1.0,317.75,8.0,-8.0,4.0,2020-01-22 09:44:38.292573,317.7,317.71,0
2020-01-22 09:44:39,N,AAPL,317.7,2.0,317.71,2.0,1.0,-1.0,2020-01-22 09:44:39.426629,317.66,317.69,-1
2020-01-22 09:44:40,N,AAPL,317.66,10.0,317.69,3.0,9.0,1.0,2020-01-22 09:44:40.327177,317.65,317.67,0
2020-01-22 09:44:41,N,AAPL,317.65,4.0,317.67,1.0,2.0,0.0,2020-01-22 09:44:41.775970,317.64,317.67,0
2020-01-22 09:44:42,N,AAPL,317.64,2.0,317.67,1.0,-2.0,0.0,2020-01-22 09:44:42.039399,317.59,317.62,-1
2020-01-22 09:44:43,N,AAPL,317.59,3.0,317.62,1.0,1.0,-1.0,2020-01-22 09:44:43.032668,317.59,317.62,0
2020-01-22 09:44:44,N,AAPL,317.59,2.0,317.62,2.0,-1.0,1.0,2020-01-22 09:44:44.294741,317.61,317.62,0
2020-01-22 09:44:45,N,AAPL,317.61,2.0,317.62,1.0,0.0,-1.0,2020-01-22 09:44:45.464879,317.65,317.68,1
2020-01-22 09:44:48,N,AAPL,317.65,1.0,317.68,3.0,-2.0,2.0,2020-01-22 09:44:48.199132,317.66,317.68,0
2020-01-22 09:44:50,N,AAPL,317.66,1.0,317.68,1.0,0.0,-2.0,2020-01-22 09:44:50.131504,317.66,317.67,0
2020-01-22 09:44:51,N,AAPL,317.66,1.0,317.67,2.0,-1.0,1.0,2020-01-22 09:44:51.120032,317.65,317.66,0
2020-01-22 09:44:52,N,AAPL,317.65,1.0,317.66,3.0,-2.0,1.0,2020-01-22 09:44:52.058379,317.56,317.57,-1
2020-01-22 09:44:53,N,AAPL,317.56,2.0,317.57,1.0,0.0,0.0,2020-01-22 09:44:53.261424,317.52,317.55,-1
2020-01-22 09:44:54,N,AAPL,317.52,3.0,317.55,1.0,2.0,-2.0,2020-01-22 09:44:54.897715,317.5,317.52,0
2020-01-22 09:44:55,N,AAPL,317.5,53.0,317.52,5.0,48.0,0.0,2020-01-22 09:44:55.176695,317.5,317.54,0
2020-01-22 09:44:56,N,AAPL,317.5,1.0,317.54,3.0,-2.0,2.0,2020-01-22 09:44:56.261940,317.51,317.55,0
2020-01-22 09:44:57,N,AAPL,317.51,3.0,317.55,3.0,1.0,2.0,2020-01-22 09:44:57.074531,317.55,317.58,0
2020-01-22 09:44:58,N,AAPL,317.55,3.0,317.58,1.0,0.0,-2.0,2020-01-22 09:44:58.038111,317.62,317.65,1
2020-01-22 09:44:59,N,AAPL,317.62,1.0,317.65,3.0,-1.0,1.0,2020-01-22 09:44:59.130421,317.6,317.61,-1
2020-01-22 09:45:00,N,AAPL,317.6,1.0,317.61,1.0,0.0,-1.0,2020-01-22 09:45:00.008853,317.68,317.7,1
2020-01-22 09:45:01,N,AAPL,317.68,3.0,317.7,1.0,2.0,-1.0,2020-01-22 09:45:01.312132,317.67,317.69,0
2020-01-22 09:45:02,N,AAPL,317.67,1.0,317.69,4.0,0.0,2.0,2020-01-22 09:45:02.024906,317.65,317.68,0
2020-01-22 09:45:03,N,AAPL,317.65,1.0,317.68,3.0,0.0,2.0,2020-01-22 09:45:03.030288,317.66,317.69,0
2020-01-22 09:45:04,N,AAPL,317.66,1.0,317.69,2.0,0.0,0.0,2020-01-22 09:45:04.164507,317.67,317.69,0
2020-01-22 09:45:05,N,AAPL,317.67,21.0,317.69,2.0,0.0,1.0,2020-01-22 09:45:05.175340,317.65,317.66,-1
2020-01-22 09:45:06,N,AAPL,317.65,1.0,317.66,1.0,-1.0,0.0,2020-01-22 09:45:06.308346,317.59,317.62,-1
2020-01-22 09:45:07,N,AAPL,317.59,2.0,317.62,4.0,0.0,2.0,2020-01-22 09:45:07.109158,317.62,317.65,0
2020-01-22 09:45:08,N,AAPL,317.62,2.0,317.65,1.0,1.0,-1.0,2020-01-22 09:45:08.169615,317.68,317.7,1
2020-01-22 09:45:09,N,AAPL,317.68,1.0,317.7,2.0,0.0,1.0,2020-01-22 09:45:09.207252,317.67,317.7,0
2020-01-22 09:45:10,N,AAPL,317.67,2.0,317.7,2.0,-1.0,1.0,2020-01-22 09:45:10.020659,317.62,317.65,-1
2020-01-22 09:45:11,N,AAPL,317.62,2.0,317.65,4.0,-1.0,2.0,2020-01-22 09:45:11.002281,317.62,317.66,0
2020-01-22 09:45:12,N,AAPL,317.62,3.0,317.66,2.0,2.0,1.0,2020-01-22 09:45:12.382717,317.65,317.69,0
2020-01-22 09:45:13,N,AAPL,317.65,1.0,317.69,1.0,-2.0,-1.0,2020-01-22 09:45:13.041814,317.68,317.72,0
2020-01-22 09:45:14,N,AAPL,317.68,3.0,317.72,2.0,2.0,1.0,2020-01-22 09:45:14.200104,317.68,317.71,0
2020-01-22 09:45:15,N,AAPL,317.68,3.0,317.71,2.0,2.0,1.0,2020-01-22 09:45:15.327684,317.68,317.7,0
2020-01-22 09:45:16,N,AAPL,317.68,3.0,317.7,3.0,2.0,-2.0,2020-01-22 09:45:16.030296,317.69,317.72,0
2020-01-22 09:45:17,N,AAPL,317.69,1.0,317.72,2.0,-1.0,1.0,2020-01-22 09:45:17.031738,317.75,317.77,1
2020-01-22 09:45:18,N,AAPL,317.75,1.0,317.77,1.0,-2.0,0.0,2020-01-22 09:45:18.896667,317.75,317.77,0
2020-01-22 09:45:19,N,AAPL,317.75,1.0,317.77,1.0,0.0,0.0,2020-01-22 09:45:19.016920,317.79,317.81,1
2020-01-22 09:45:20,N,AAPL,317.79,1.0,317.81,1.0,-1.0,0.0,2020-01-22 09:45:20.695271,317.78,317.81,0
2020-01-22 09:45:21,N,AAPL,317.78,2.0,317.81,2.0,1.0,0.0,2020-01-22 09:45:21.034277,317.77,317.81,0
2020-01-22 09:45:22,N,AAPL,317.77,2.0,317.81,2.0,0.0,0.0,2020-01-22 09:45:22.219381,317.74,317.78,0
2020-01-22 09:45:24,N,AAPL,317.74,2.0,317.78,6.0,1.0,4.0,2020-01-22 09:45:24.131134,317.71,317.75,0
2020-01-22 09:45:25,N,AAPL,317.71,1.0,317.75,3.0,-1.0,2.0,2020-01-22 09:45:25.078646,317.74,317.76,0
2020-01-22 09:45:26,N,AAPL,317.74,1.0,317.76,2.0,-1.0,0.0,2020-01-22 09:45:26.154155,317.71,317.74,0
2020-01-22 09:45:27,N,AAPL,317.71,1.0,317.74,1.0,0.0,-1.0,2020-01-22 09:45:27.366694,317.68,317.71,0
2020-01-22 09:45:28,N,AAPL,317.68,2.0,317.71,1.0,-1.0,0.0,2020-01-22 09:45:28.135879,317.67,317.72,0
2020-01-22 09:45:29,N,AAPL,317.67,4.0,317.72,2.0,2.0,0.0,2020-01-22 09:45:29.470050,317.67,317.7,0
2020-01-22 09:45:30,N,AAPL,317.67,2.0,317.7,1.0,-2.0,-1.0,2020-01-22 09:45:30.385731,317.69,317.72,0
2020-01-22 09:45:31,N,AAPL,317.69,2.0,317.72,2.0,0.0,0.0,2020-01-22 09:45:31.075022,317.65,317.69,0
2020-01-22 09:45:32,N,AAPL,317.65,2.0,317.69,4.0,1.0,2.0,2020-01-22 09:45:32.023853,317.64,317.67,0
2020-01-22 09:45:33,N,AAPL,317.64,4.0,317.67,1.0,2.0,0.0,2020-01-22 09:45:33.551553,317.63,317.66,0
2020-01-22 09:45:34,N,AAPL,317.63,1.0,317.66,3.0,-1.0,2.0,2020-01-22 09:45:34.580746,317.62,317.66,0
2020-01-22 09:45:35,N,AAPL,317.62,2.0,317.66,3.0,1.0,2.0,2020-01-22 09:45:35.212429,317.6,317.65,0
2020-01-22 09:45:36,N,AAPL,317.6,9.0,317.65,1.0,7.0,0.0,2020-01-22 09:45:36.003440,317.59,317.64,0
2020-01-22 09:45:37,N,AAPL,317.59,2.0,317.64,3.0,0.0,2.0,2020-01-22 09:45:37.073100,317.66,317.69,1
2020-01-22 09:45:39,N,AAPL,317.66,1.0,317.69,1.0,-2.0,-2.0,2020-01-22 09:45:39.362432,317.62,317.64,-1
2020-01-22 09:45:40,N,AAPL,317.62,1.0,317.64,1.0,-3.0,-2.0,2020-01-22 09:45:40.247474,317.61,317.62,0
2020-01-22 09:45:41,N,AAPL,317.61,1.0,317.62,3.0,-1.0,0.0,2020-01-22 09:45:41.559120,317.59,317.63,0
2020-01-22 09:45:42,N,AAPL,317.59,2.0,317.63,1.0,0.0,0.0,2020-01-22 09:45:42.427710,317.58,317.6,0
2020-01-22 09:45:43,N,AAPL,317.58,2.0,317.6,2.0,1.0,-2.0,2020-01-22 09:45:43.229997,317.61,317.62,1
2020-01-22 09:45:45,N,AAPL,317.61,1.0,317.62,4.0,-3.0,3.0,2020-01-22 09:45:45.806281,317.55,317.57,-1
2020-01-22 09:45:46,N,AAPL,317.55,2.0,317.57,3.0,0.0,-1.0,2020-01-22 09:45:46.747910,317.55,317.59,0
2020-01-22 09:45:47,N,AAPL,317.55,3.0,317.59,2.0,0.0,1.0,2020-01-22 09:45:47.021372,317.57,317.6,0
2020-01-22 09:45:48,N,AAPL,317.57,2.0,317.6,1.0,1.0,-2.0,2020-01-22 09:45:48.018093,317.61,317.63,1
2020-01-22 09:45:49,N,AAPL,317.61,1.0,317.63,3.0,0.0,2.0,2020-01-22 09:45:49.541319,317.62,317.63,0
2020-01-22 09:45:50,N,AAPL,317.62,1.0,317.63,1.0,0.0,-2.0,2020-01-22 09:45:50.095738,317.62,317.66,0
2020-01-22 09:45:51,N,AAPL,317.62,3.0,317.66,4.0,2.0,3.0,2020-01-22 09:45:51.320337,317.64,317.66,0
2020-01-22 09:45:52,N,AAPL,317.64,1.0,317.66,5.0,-3.0,1.0,2020-01-22 09:45:52.358298,317.55,317.58,-1
2020-01-22 09:45:53,N,AAPL,317.55,1.0,317.58,2.0,-1.0,1.0,2020-01-22 09:45:53.596995,317.55,317.58,0
2020-01-22 09:45:54,N,AAPL,317.55,1.0,317.58,2.0,0.0,-1.0,2020-01-22 09:45:54.531879,317.52,317.56,0
2020-01-22 09:45:55,N,AAPL,317.52,1.0,317.56,2.0,-4.0,0.0,2020-01-22 09:45:55.591536,317.47,317.51,-1
2020-01-22 09:45:56,N,AAPL,317.47,2.0,317.51,3.0,1.0,1.0,2020-01-22 09:45:56.541605,317.51,317.55,0
2020-01-22 09:45:57,N,AAPL,317.51,2.0,317.55,3.0,-3.0,2.0,2020-01-22 09:45:57.002496,317.52,317.55,0
2020-01-22 09:45:58,N,AAPL,317.52,1.0,317.55,1.0,-2.0,-1.0,2020-01-22 09:45:58.273277,317.5,317.52,0
2020-01-22 09:45:59,N,AAPL,317.5,3.0,317.52,3.0,0.0,2.0,2020-01-22 09:45:59.097911,317.49,317.5,0
2020-01-22 09:46:00,N,AAPL,317.49,3.0,317.5,5.0,2.0,-3.0,2020-01-22 09:46:00.003670,317.49,317.52,0
2020-01-22 09:46:01,N,AAPL,317.49,2.0,317.52,2.0,1.0,-2.0,2020-01-22 09:46:01.005541,317.47,317.52,0
2020-01-22 09:46:02,N,AAPL,317.47,2.0,317.52,4.0,1.0,3.0,2020-01-22 09:46:02.841485,317.49,317.52,0
2020-01-22 09:46:03,N,AAPL,317.49,1.0,317.52,2.0,-1.0,-2.0,2020-01-22 09:46:03.406854,317.44,317.46,-1
2020-01-22 09:46:04,N,AAPL,317.44,2.0,317.46,4.0,1.0,2.0,2020-01-22 09:46:04.132732,317.42,317.44,0
2020-01-22 09:46:05,N,AAPL,317.42,2.0,317.44,1.0,0.0,-1.0,2020-01-22 09:46:05.332466,317.36,317.38,-1
2020-01-22 09:46:06,N,AAPL,317.36,2.0,317.38,2.0,-28.0,-2.0,2020-01-22 09:46:06.168625,317.36,317.38,0
2020-01-22 09:46:07,N,AAPL,317.36,1.0,317.38,3.0,-1.0,1.0,2020-01-22 09:46:07.150393,317.32,317.36,0
2020-01-22 09:46:08,N,AAPL,317.32,5.0,317.36,3.0,4.0,0.0,2020-01-22 09:46:08.033826,317.38,317.41,1
2020-01-22 09:46:09,N,AAPL,317.38,2.0,317.41,2.0,0.0,1.0,2020-01-22 09:46:09.098302,317.37,317.39,0
2020-01-22 09:46:10,N,AAPL,317.37,3.0,317.39,2.0,2.0,1.0,2020-01-22 09:46:10.363486,317.4,317.41,1
2020-01-22 09:46:11,N,AAPL,317.4,2.0,317.41,1.0,0.0,0.0,2020-01-22 09:46:11.063737,317.39,317.42,0
2020-01-22 09:46:12,N,AAPL,317.39,2.0,317.42,4.0,1.0,-1.0,2020-01-22 09:46:12.414602,317.36,317.4,0
2020-01-22 09:46:13,N,AAPL,317.36,3.0,317.4,2.0,1.0,0.0,2020-01-22 09:46:13.933405,317.37,317.4,0
2020-01-22 09:46:14,N,AAPL,317.37,2.0,317.4,2.0,-1.0,0.0,2020-01-22 09:46:14.801237,317.37,317.4,0
2020-01-22 09:46:15,N,AAPL,317.37,2.0,317.4,2.0,0.0,1.0,2020-01-22 09:46:15.003359,317.39,317.4,0
2020-01-22 09:46:16,N,AAPL,317.39,1.0,317.4,2.0,0.0,1.0,2020-01-22 09:46:16.002110,317.37,317.39,0
2020-01-22 09:46:17,N,AAPL,317.37,1.0,317.39,2.0,0.0,0.0,2020-01-22 09:46:17.260360,317.37,317.39,0
2020-01-22 09:46:18,N,AAPL,317.37,1.0,317.39,1.0,0.0,0.0,2020-01-22 09:46:18.626707,317.38,317.41,0
2020-01-22 09:46:19,N,AAPL,317.38,2.0,317.41,2.0,1.0,0.0,2020-01-22 09:46:19.014712,317.38,317.42,0
2020-01-22 09:46:20,N,AAPL,317.38,3.0,317.42,1.0,0.0,0.0,2020-01-22 09:46:20.726231,317.39,317.42,0
2020-01-22 09:46:21,N,AAPL,317.39,2.0,317.42,2.0,1.0,0.0,2020-01-22 09:46:21.490161,317.38,317.41,0
2020-01-22 09:46:22,N,AAPL,317.38,2.0,317.41,1.0,0.0,-2.0,2020-01-22 09:46:22.833568,317.38,317.41,0
2020-01-22 09:46:23,N,AAPL,317.38,3.0,317.41,1.0,1.0,-2.0,2020-01-22 09:46:23.104548,317.39,317.4,0
2020-01-22 09:46:24,N,AAPL,317.39,1.0,317.4,4.0,0.0,3.0,2020-01-22 09:46:24.489306,317.37,317.4,0
2020-01-22 09:46:25,N,AAPL,317.37,7.0,317.4,1.0,4.0,-1.0,2020-01-22 09:46:25.162981,317.37,317.41,0
2020-01-22 09:46:26,N,AAPL,317.37,7.0,317.41,4.0,0.0,3.0,2020-01-22 09:46:26.920018,317.37,317.4,0
2020-01-22 09:46:27,N,AAPL,317.37,4.0,317.4,3.0,-2.0,-1.0,2020-01-22 09:46:27.404855,317.34,317.36,-1
2020-01-22 09:46:28,N,AAPL,317.34,1.0,317.36,8.0,-3.0,5.0,2020-01-22 09:46:28.480452,317.35,317.38,0
2020-01-22 09:46:29,N,AAPL,317.35,2.0,317.38,1.0,0.0,-1.0,2020-01-22 09:46:29.313453,317.35,317.37,0
2020-01-22 09:46:30,N,AAPL,317.35,2.0,317.37,2.0,0.0,0.0,2020-01-22 09:46:30.031209,317.32,317.35,0
2020-01-22 09:46:31,N,AAPL,317.32,7.0,317.35,2.0,5.0,0.0,2020-01-22 09:46:31.145724,317.31,317.33,0
2020-01-22 09:46:32,N,AAPL,317.31,10.0,317.33,2.0,3.0,-1.0,2020-01-22 09:46:32.103876,317.34,317.37,1
2020-01-22 09:46:33,N,AAPL,317.34,2.0,317.37,2.0,-9.0,1.0,2020-01-22 09:46:33.396408,317.42,317.43,1
2020-01-22 09:46:34,N,AAPL,317.42,4.0,317.43,2.0,2.0,-2.0,2020-01-22 09:46:34.005457,317.39,317.43,0
2020-01-22 09:46:35,N,AAPL,317.39,3.0,317.43,2.0,1.0,1.0,2020-01-22 09:46:35.505949,317.41,317.43,0
2020-01-22 09:46:37,N,AAPL,317.41,1.0,317.43,1.0,-2.0,-1.0,2020-01-22 09:46:37.017651,317.44,317.47,1
2020-01-22 09:46:39,N,AAPL,317.44,1.0,317.47,4.0,-1.0,3.0,2020-01-22 09:46:39.783099,317.4,317.43,-1
2020-01-22 09:46:40,N,AAPL,317.4,1.0,317.43,2.0,-2.0,0.0,2020-01-22 09:46:40.082779,317.35,317.38,-1
2020-01-22 09:46:41,N,AAPL,317.35,5.0,317.38,4.0,3.0,1.0,2020-01-22 09:46:41.349843,317.38,317.42,0
2020-01-22 09:46:42,N,AAPL,317.38,2.0,317.42,4.0,1.0,2.0,2020-01-22 09:46:42.048237,317.38,317.42,0
2020-01-22 09:46:43,N,AAPL,317.38,1.0,317.42,3.0,-2.0,2.0,2020-01-22 09:46:43.227591,317.4,317.42,0
2020-01-22 09:46:44,N,AAPL,317.4,1.0,317.42,2.0,0.0,0.0,2020-01-22 09:46:44.295243,317.41,317.43,0
2020-01-22 09:46:46,N,AAPL,317.41,2.0,317.43,2.0,1.0,1.0,2020-01-22 09:46:46.208337,317.45,317.47,1
2020-01-22 09:46:47,N,AAPL,317.45,3.0,317.47,2.0,-2.0,0.0,2020-01-22 09:46:47.393239,317.47,317.48,0
2020-01-22 09:46:48,N,AAPL,317.47,4.0,317.48,1.0,2.0,0.0,2020-01-22 09:46:48.994492,317.47,317.49,0
2020-01-22 09:46:49,N,AAPL,317.47,2.0,317.49,2.0,-2.0,1.0,2020-01-22 09:46:49.221142,317.5,317.51,1
2020-01-22 09:46:51,N,AAPL,317.5,5.0,317.51,11.0,2.0,9.0,2020-01-22 09:46:51.416499,317.5,317.52,0
2020-01-22 09:46:54,N,AAPL,317.5,2.0,317.52,8.0,-1.0,-14.0,2020-01-22 09:46:54.337276,317.52,317.54,0
2020-01-22 09:46:56,N,AAPL,317.52,2.0,317.54,2.0,1.0,-20.0,2020-01-22 09:46:56.022589,317.51,317.52,0
2020-01-22 09:46:57,N,AAPL,317.51,1.0,317.52,1.0,0.0,-2.0,2020-01-22 09:46:57.029598,317.49,317.53,0
2020-01-22 09:46:58,N,AAPL,317.49,12.0,317.53,3.0,11.0,0.0,2020-01-22 09:46:58.086676,317.53,317.55,0
2020-01-22 09:46:59,N,AAPL,317.53,2.0,317.55,20.0,1.0,0.0,2020-01-22 09:46:59.000287,317.51,317.54,0
2020-01-22 09:47:00,N,AAPL,317.51,1.0,317.54,2.0,-4.0,-18.0,2020-01-22 09:47:00.120267,317.54,317.55,0
2020-01-22 09:47:01,N,AAPL,317.54,4.0,317.55,20.0,3.0,18.0,2020-01-22 09:47:01.501375,317.53,317.55,0
2020-01-22 09:47:02,N,AAPL,317.53,2.0,317.55,22.0,1.0,1.0,2020-01-22 09:47:02.438621,317.57,317.58,1
2020-01-22 09:47:03,N,AAPL,317.57,4.0,317.58,1.0,2.0,-21.0,2020-01-22 09:47:03.005048,317.62,317.64,1
2020-01-22 09:47:04,N,AAPL,317.62,1.0,317.64,1.0,-1.0,-1.0,2020-01-22 09:47:04.040547,317.58,317.61,-1
2020-01-22 09:47:05,N,AAPL,317.58,3.0,317.61,8.0,1.0,7.0,2020-01-22 09:47:05.143462,317.6,317.63,0
2020-01-22 09:47:06,N,AAPL,317.6,5.0,317.63,4.0,-1.0,2.0,2020-01-22 09:47:06.031391,317.64,317.65,1
2020-01-22 09:47:07,N,AAPL,317.64,1.0,317.65,2.0,0.0,1.0,2020-01-22 09:47:07.171663,317.67,317.7,1
2020-01-22 09:47:08,N,AAPL,317.67,1.0,317.7,1.0,0.0,-1.0,2020-01-22 09:47:08.007828,317.64,317.67,0
2020-01-22 09:47:09,N,AAPL,317.64,2.0,317.67,1.0,0.0,0.0,2020-01-22 09:47:09.410589,317.69,317.73,1
2020-01-22 09:47:10,N,AAPL,317.69,1.0,317.73,3.0,-1.0,0.0,2020-01-22 09:47:10.012137,317.68,317.7,0
2020-01-22 09:47:11,N,AAPL,317.68,1.0,317.7,2.0,-1.0,0.0,2020-01-22 09:47:11.558266,317.64,317.68,0
2020-01-22 09:47:12,N,AAPL,317.64,2.0,317.68,4.0,0.0,1.0,2020-01-22 09:47:12.156371,317.63,317.66,0
2020-01-22 09:47:13,N,AAPL,317.63,2.0,317.66,2.0,0.0,0.0,2020-01-22 09:47:13.252810,317.69,317.72,1
2020-01-22 09:47:15,N,AAPL,317.69,4.0,317.72,2.0,3.0,-1.0,2020-01-22 09:47:15.042472,317.69,317.71,0
2020-01-22 09:47:18,N,AAPL,317.69,1.0,317.71,4.0,-1.0,2.0,2020-01-22 09:47:18.171255,317.62,317.64,-1
2020-01-22 09:47:19,N,AAPL,317.62,2.0,317.64,2.0,0.0,0.0,2020-01-22 09:47:19.171145,317.57,317.6,-1
2020-01-22 09:47:20,N,AAPL,317.57,1.0,317.6,4.0,-1.0,2.0,2020-01-22 09:47:20.140215,317.58,317.61,0
2020-01-22 09:47:21,N,AAPL,317.58,2.0,317.61,1.0,1.0,-1.0,2020-01-22 09:47:21.032537,317.57,317.59,0
2020-01-22 09:47:22,N,AAPL,317.57,2.0,317.59,2.0,0.0,-1.0,2020-01-22 09:47:22.173010,317.57,317.6,0
2020-01-22 09:47:23,N,AAPL,317.57,1.0,317.6,3.0,0.0,2.0,2020-01-22 09:47:23.173575,317.58,317.62,0
2020-01-22 09:47:24,N,AAPL,317.58,3.0,317.62,3.0,2.0,2.0,2020-01-22 09:47:24.172766,317.6,317.62,0
2020-01-22 09:47:25,N,AAPL,317.6,1.0,317.62,1.0,-2.0,-2.0,2020-01-22 09:47:25.173917,317.63,317.64,1
2020-01-22 09:47:26,N,AAPL,317.63,1.0,317.64,1.0,0.0,0.0,2020-01-22 09:47:26.319564,317.63,317.65,0
2020-01-22 09:47:27,N,AAPL,317.63,1.0,317.65,2.0,-1.0,-1.0,2020-01-22 09:47:27.172734,317.61,317.63,0
2020-01-22 09:47:28,N,AAPL,317.61,1.0,317.63,4.0,-1.0,2.0,2020-01-22 09:47:28.153081,317.62,317.63,0
2020-01-22 09:47:29,N,AAPL,317.62,1.0,317.63,2.0,0.0,0.0,2020-01-22 09:47:29.048054,317.57,317.59,-1
2020-01-22 09:47:32,N,AAPL,317.57,2.0,317.59,1.0,1.0,0.0,2020-01-22 09:47:32.237873,317.56,317.58,0
2020-01-22 09:47:33,N,AAPL,317.56,1.0,317.58,3.0,0.0,1.0,2020-01-22 09:47:33.172712,317.58,317.62,0
2020-01-22 09:47:34,N,AAPL,317.58,4.0,317.62,1.0,0.0,0.0,2020-01-22 09:47:34.127380,317.62,317.64,0
2020-01-22 09:47:35,N,AAPL,317.62,1.0,317.64,4.0,0.0,3.0,2020-01-22 09:47:35.275666,317.61,317.64,0
2020-01-22 09:47:36,N,AAPL,317.61,1.0,317.64,4.0,-6.0,1.0,2020-01-22 09:47:36.173195,317.6,317.64,0
2020-01-22 09:47:37,N,AAPL,317.6,1.0,317.64,2.0,0.0,-2.0,2020-01-22 09:47:37.004237,317.6,317.63,0
2020-01-22 09:47:38,N,AAPL,317.6,2.0,317.63,1.0,1.0,-1.0,2020-01-22 09:47:38.708160,317.62,317.65,0
2020-01-22 09:47:39,N,AAPL,317.62,4.0,317.65,2.0,2.0,1.0,2020-01-22 09:47:39.315076,317.58,317.62,0
2020-01-22 09:47:40,N,AAPL,317.58,3.0,317.62,2.0,2.0,-1.0,2020-01-22 09:47:40.192867,317.58,317.62,0
2020-01-22 09:47:41,N,AAPL,317.58,4.0,317.62,1.0,-1.0,0.0,2020-01-22 09:47:41.845375,317.58,317.61,0
2020-01-22 09:47:42,N,AAPL,317.58,5.0,317.61,4.0,1.0,3.0,2020-01-22 09:47:42.242107,317.58,317.6,0
2020-01-22 09:47:44,N,AAPL,317.58,1.0,317.6,3.0,-4.0,-1.0,2020-01-22 09:47:44.194861,317.63,317.66,1
2020-01-22 09:47:45,N,AAPL,317.63,3.0,317.66,3.0,0.0,2.0,2020-01-22 09:47:45.002071,317.6,317.62,-1
2020-01-22 09:47:46,N,AAPL,317.6,1.0,317.62,1.0,0.0,-1.0,2020-01-22 09:47:46.174568,317.6,317.64,0
2020-01-22 09:47:47,N,AAPL,317.6,1.0,317.64,2.0,0.0,0.0,2020-01-22 09:47:47.068548,317.61,317.65,0
2020-01-22 09:47:48,N,AAPL,317.61,4.0,317.65,6.0,3.0,1.0,2020-01-22 09:47:48.046133,317.64,317.66,0
2020-01-22 09:47:52,N,AAPL,317.64,2.0,317.66,5.0,0.0,3.0,2020-01-22 09:47:52.129750,317.65,317.67,0
2020-01-22 09:47:53,N,AAPL,317.65,2.0,317.67,1.0,0.0,0.0,2020-01-22 09:47:53.915934,317.64,317.67,0
2020-01-22 09:47:55,N,AAPL,317.64,1.0,317.67,1.0,-1.0,0.0,2020-01-22 09:47:55.059863,317.66,317.68,0
2020-01-22 09:47:56,N,AAPL,317.66,5.0,317.68,1.0,4.0,0.0,2020-01-22 09:47:56.262110,317.69,317.72,1
2020-01-22 09:47:57,N,AAPL,317.69,1.0,317.72,4.0,-2.0,3.0,2020-01-22 09:47:57.832382,317.66,317.69,0
2020-01-22 09:47:58,N,AAPL,317.66,2.0,317.69,1.0,-2.0,-1.0,2020-01-22 09:47:58.047403,317.71,317.75,1
2020-01-22 09:47:59,N,AAPL,317.71,1.0,317.75,2.0,-2.0,1.0,2020-01-22 09:47:59.143463,317.71,317.75,0
2020-01-22 09:48:00,N,AAPL,317.71,2.0,317.75,3.0,-1.0,1.0,2020-01-22 09:48:00.002390,317.8,317.83,1
2020-01-22 09:48:02,N,AAPL,317.8,4.0,317.83,2.0,2.0,1.0,2020-01-22 09:48:02.154895,317.85,317.86,1
2020-01-22 09:48:04,N,AAPL,317.85,1.0,317.86,3.0,0.0,1.0,2020-01-22 09:48:04.347692,317.87,317.91,1
2020-01-22 09:48:06,N,AAPL,317.87,3.0,317.91,2.0,2.0,0.0,2020-01-22 09:48:06.763894,317.89,317.91,0
2020-01-22 09:48:07,N,AAPL,317.89,3.0,317.91,2.0,0.0,0.0,2020-01-22 09:48:07.324487,317.9,317.93,0
2020-01-22 09:48:08,N,AAPL,317.9,2.0,317.93,1.0,-3.0,-1.0,2020-01-22 09:48:08.396220,317.89,317.91,0
2020-01-22 09:48:09,N,AAPL,317.89,2.0,317.91,4.0,1.0,3.0,2020-01-22 09:48:09.338928,317.89,317.92,0
2020-01-22 09:48:10,N,AAPL,317.89,2.0,317.92,4.0,0.0,3.0,2020-01-22 09:48:10.168096,317.87,317.89,0
2020-01-22 09:48:11,N,AAPL,317.87,1.0,317.89,2.0,-1.0,1.0,2020-01-22 09:48:11.952844,317.83,317.86,-1
2020-01-22 09:48:12,N,AAPL,317.83,2.0,317.86,2.0,1.0,0.0,2020-01-22 09:48:12.213616,317.84,317.87,0
2020-01-22 09:48:13,N,AAPL,317.84,1.0,317.87,2.0,0.0,0.0,2020-01-22 09:48:13.471358,317.85,317.87,0
2020-01-22 09:48:14,N,AAPL,317.85,1.0,317.87,2.0,0.0,1.0,2020-01-22 09:48:14.342759,317.83,317.85,0
2020-01-22 09:48:15,N,AAPL,317.83,2.0,317.85,4.0,1.0,2.0,2020-01-22 09:48:15.038565,317.74,317.76,-1
2020-01-22 09:48:16,N,AAPL,317.74,1.0,317.76,1.0,-1.0,0.0,2020-01-22 09:48:16.446531,317.74,317.77,0
2020-01-22 09:48:17,N,AAPL,317.74,3.0,317.77,1.0,2.0,0.0,2020-01-22 09:48:17.078559,317.76,317.79,0
2020-01-22 09:48:18,N,AAPL,317.76,1.0,317.79,2.0,0.0,0.0,2020-01-22 09:48:18.476774,317.76,317.79,0
2020-01-22 09:48:19,N,AAPL,317.76,2.0,317.79,1.0,1.0,-2.0,2020-01-22 09:48:19.217791,317.76,317.8,0
2020-01-22 09:48:20,N,AAPL,317.76,2.0,317.8,2.0,0.0,1.0,2020-01-22 09:48:20.010672,317.77,317.79,0
2020-01-22 09:48:21,N,AAPL,317.77,3.0,317.79,4.0,0.0,2.0,2020-01-22 09:48:21.285125,317.78,317.81,0
2020-01-22 09:48:22,N,AAPL,317.78,2.0,317.81,1.0,-1.0,-2.0,2020-01-22 09:48:22.391886,317.81,317.83,0
2020-01-22 09:48:23,N,AAPL,317.81,1.0,317.83,1.0,-1.0,-1.0,2020-01-22 09:48:23.127542,317.8,317.83,0
2020-01-22 09:48:24,N,AAPL,317.8,5.0,317.83,1.0,3.0,0.0,2020-01-22 09:48:24.270784,317.8,317.83,0
2020-01-22 09:48:25,N,AAPL,317.8,5.0,317.83,1.0,0.0,-2.0,2020-01-22 09:48:25.147620,317.72,317.74,-1
2020-01-22 09:48:26,N,AAPL,317.72,1.0,317.74,4.0,0.0,3.0,2020-01-22 09:48:26.407126,317.73,317.77,0
2020-01-22 09:48:27,N,AAPL,317.73,2.0,317.77,2.0,-1.0,0.0,2020-01-22 09:48:27.608381,317.73,317.76,0
2020-01-22 09:48:28,N,AAPL,317.73,2.0,317.76,2.0,0.0,-1.0,2020-01-22 09:48:28.402981,317.74,317.77,0
2020-01-22 09:48:29,N,AAPL,317.74,1.0,317.77,1.0,-2.0,-1.0,2020-01-22 09:48:29.095057,317.77,317.82,0
2020-01-22 09:48:30,N,AAPL,317.77,1.0,317.82,3.0,-1.0,2.0,2020-01-22 09:48:30.210564,317.76,317.79,0
2020-01-22 09:48:31,N,AAPL,317.76,1.0,317.79,4.0,-1.0,2.0,2020-01-22 09:48:31.204468,317.77,317.82,0
2020-01-22 09:48:32,N,AAPL,317.77,3.0,317.82,4.0,1.0,2.0,2020-01-22 09:48:32.257810,317.78,317.82,0
2020-01-22 09:48:33,N,AAPL,317.78,1.0,317.82,1.0,0.0,-3.0,2020-01-22 09:48:33.048077,317.77,317.8,0
2020-01-22 09:48:35,N,AAPL,317.77,1.0,317.8,5.0,-1.0,3.0,2020-01-22 09:48:35.083734,317.77,317.81,0
2020-01-22 09:48:37,N,AAPL,317.77,4.0,317.81,3.0,2.0,1.0,2020-01-22 09:48:37.010109,317.77,317.81,0
2020-01-22 09:48:38,N,AAPL,317.77,2.0,317.81,2.0,1.0,-1.0,2020-01-22 09:48:38.010304,317.78,317.8,0
2020-01-22 09:48:40,N,AAPL,317.78,1.0,317.8,4.0,0.0,3.0,2020-01-22 09:48:40.743692,317.75,317.77,-1
2020-01-22 09:48:42,N,AAPL,317.75,2.0,317.77,1.0,1.0,-2.0,2020-01-22 09:48:42.179670,317.73,317.77,0
2020-01-22 09:48:43,N,AAPL,317.73,2.0,317.77,2.0,0.0,-2.0,2020-01-22 09:48:43.014123,317.75,317.78,0
2020-01-22 09:48:44,N,AAPL,317.75,5.0,317.78,4.0,3.0,3.0,2020-01-22 09:48:44.536057,317.73,317.78,0
2020-01-22 09:48:45,N,AAPL,317.73,3.0,317.78,4.0,2.0,2.0,2020-01-22 09:48:45.162112,317.77,317.79,0
2020-01-22 09:48:46,N,AAPL,317.77,1.0,317.79,1.0,0.0,-1.0,2020-01-22 09:48:46.060288,317.8,317.82,1
2020-01-22 09:48:47,N,AAPL,317.8,1.0,317.82,3.0,-3.0,2.0,2020-01-22 09:48:47.542169,317.79,317.81,0
2020-01-22 09:48:49,N,AAPL,317.79,2.0,317.81,4.0,1.0,2.0,2020-01-22 09:48:49.020925,317.73,317.77,-1
2020-01-22 09:48:50,N,AAPL,317.73,6.0,317.77,1.0,0.0,0.0,2020-01-22 09:48:50.041118,317.73,317.77,0
2020-01-22 09:48:51,N,AAPL,317.73,5.0,317.77,2.0,1.0,-1.0,2020-01-22 09:48:51.006749,317.72,317.75,0
2020-01-22 09:48:52,N,AAPL,317.72,1.0,317.75,3.0,-2.0,1.0,2020-01-22 09:48:52.021386,317.67,317.71,-1
2020-01-22 09:48:53,N,AAPL,317.67,2.0,317.71,1.0,1.0,-1.0,2020-01-22 09:48:53.198932,317.69,317.74,0
2020-01-22 09:48:54,N,AAPL,317.69,3.0,317.74,3.0,0.0,2.0,2020-01-22 09:48:54.021631,317.72,317.76,0
2020-01-22 09:48:55,N,AAPL,317.72,1.0,317.76,2.0,0.0,1.0,2020-01-22 09:48:55.254793,317.76,317.79,0
2020-01-22 09:48:56,N,AAPL,317.76,1.0,317.79,2.0,-2.0,1.0,2020-01-22 09:48:56.060605,317.79,317.81,0
2020-01-22 09:48:57,N,AAPL,317.79,1.0,317.81,1.0,-1.0,-1.0,2020-01-22 09:48:57.617186,317.8,317.82,0
2020-01-22 09:48:59,N,AAPL,317.8,4.0,317.82,1.0,2.0,-2.0,2020-01-22 09:48:59.043769,317.83,317.84,1
2020-01-22 09:49:00,N,AAPL,317.83,4.0,317.84,1.0,2.0,-2.0,2020-01-22 09:49:00.651366,317.81,317.84,0
2020-01-22 09:49:01,N,AAPL,317.81,1.0,317.84,5.0,-3.0,4.0,2020-01-22 09:49:01.085750,317.81,317.84,0
2020-01-22 09:49:02,N,AAPL,317.81,2.0,317.84,4.0,-1.0,1.0,2020-01-22 09:49:02.155091,317.76,317.8,-1
2020-01-22 09:49:03,N,AAPL,317.76,3.0,317.8,1.0,0.0,-1.0,2020-01-22 09:49:03.015811,317.79,317.82,0
2020-01-22 09:49:04,N,AAPL,317.79,2.0,317.82,1.0,1.0,-1.0,2020-01-22 09:49:04.067436,317.79,317.82,0
2020-01-22 09:49:06,N,AAPL,317.79,2.0,317.82,4.0,-1.0,3.0,2020-01-22 09:49:06.205325,317.82,317.85,0
2020-01-22 09:49:07,N,AAPL,317.82,3.0,317.85,1.0,1.0,0.0,2020-01-22 09:49:07.284318,317.84,317.85,0
2020-01-22 09:49:12,N,AAPL,317.84,1.0,317.85,5.0,-1.0,3.0,2020-01-22 09:49:12.057389,317.8,317.84,0
2020-01-22 09:49:13,N,AAPL,317.8,3.0,317.84,2.0,-1.0,1.0,2020-01-22 09:49:13.083341,317.79,317.82,0
2020-01-22 09:49:14,N,AAPL,317.79,4.0,317.82,2.0,0.0,0.0,2020-01-22 09:49:14.057838,317.79,317.82,0
2020-01-22 09:49:15,N,AAPL,317.79,1.0,317.82,2.0,-1.0,0.0,2020-01-22 09:49:15.470554,317.79,317.82,0
2020-01-22 09:49:16,N,AAPL,317.79,1.0,317.82,3.0,0.0,-1.0,2020-01-22 09:49:16.001102,317.82,317.85,0
2020-01-22 09:49:17,N,AAPL,317.82,2.0,317.85,1.0,0.0,0.0,2020-01-22 09:49:17.914527,317.84,317.86,0
2020-01-22 09:49:20,N,AAPL,317.84,4.0,317.86,5.0,2.0,4.0,2020-01-22 09:49:20.336911,317.86,317.88,0
2020-01-22 09:49:22,N,AAPL,317.86,1.0,317.88,3.0,-3.0,1.0,2020-01-22 09:49:22.721886,317.85,317.87,0
2020-01-22 09:49:23,N,AAPL,317.85,1.0,317.87,4.0,0.0,1.0,2020-01-22 09:49:23.708767,317.79,317.83,-1
2020-01-22 09:49:24,N,AAPL,317.79,3.0,317.83,2.0,2.0,0.0,2020-01-22 09:49:24.398838,317.76,317.77,-1
2020-01-22 09:49:25,N,AAPL,317.76,1.0,317.77,4.0,-2.0,2.0,2020-01-22 09:49:25.249879,317.73,317.76,0
2020-01-22 09:49:26,N,AAPL,317.73,1.0,317.76,2.0,-4.0,1.0,2020-01-22 09:49:26.011478,317.76,317.8,0
2020-01-22 09:49:27,N,AAPL,317.76,2.0,317.8,3.0,-1.0,2.0,2020-01-22 09:49:27.190712,317.81,317.84,1
2020-01-22 09:49:28,N,AAPL,317.81,1.0,317.84,2.0,0.0,0.0,2020-01-22 09:49:28.465594,317.78,317.81,0
2020-01-22 09:49:29,N,AAPL,317.78,4.0,317.81,4.0,3.0,2.0,2020-01-22 09:49:29.114018,317.79,317.81,0
2020-01-22 09:49:30,N,AAPL,317.79,2.0,317.81,4.0,1.0,3.0,2020-01-22 09:49:30.281201,317.81,317.83,0
2020-01-22 09:49:32,N,AAPL,317.81,1.0,317.83,2.0,-1.0,0.0,2020-01-22 09:49:32.227172,317.8,317.83,0
2020-01-22 09:49:33,N,AAPL,317.8,3.0,317.83,4.0,0.0,2.0,2020-01-22 09:49:33.526615,317.82,317.85,0
2020-01-22 09:49:34,N,AAPL,317.82,3.0,317.85,1.0,1.0,-2.0,2020-01-22 09:49:34.118796,317.83,317.85,0
2020-01-22 09:49:35,N,AAPL,317.83,4.0,317.85,2.0,2.0,0.0,2020-01-22 09:49:35.144738,317.78,317.82,-1
2020-01-22 09:49:36,N,AAPL,317.78,1.0,317.82,1.0,-4.0,0.0,2020-01-22 09:49:36.007434,317.77,317.81,0
2020-01-22 09:49:37,N,AAPL,317.77,3.0,317.81,4.0,-3.0,2.0,2020-01-22 09:49:37.611192,317.76,317.79,0
2020-01-22 09:49:39,N,AAPL,317.76,3.0,317.79,5.0,1.0,2.0,2020-01-22 09:49:39.767513,317.76,317.79,0
2020-01-22 09:49:40,N,AAPL,317.76,2.0,317.79,2.0,0.0,-2.0,2020-01-22 09:49:40.014246,317.77,317.81,0
2020-01-22 09:49:41,N,AAPL,317.77,3.0,317.81,1.0,0.0,-1.0,2020-01-22 09:49:41.573870,317.73,317.77,0
2020-01-22 09:49:42,N,AAPL,317.73,2.0,317.77,4.0,1.0,0.0,2020-01-22 09:49:42.037009,317.73,317.75,0
2020-01-22 09:49:43,N,AAPL,317.73,1.0,317.75,1.0,0.0,0.0,2020-01-22 09:49:43.025014,317.72,317.75,0
2020-01-22 09:49:44,N,AAPL,317.72,1.0,317.75,1.0,0.0,0.0,2020-01-22 09:49:44.005403,317.78,317.8,1
2020-01-22 09:49:45,N,AAPL,317.78,4.0,317.8,2.0,3.0,0.0,2020-01-22 09:49:45.714330,317.79,317.81,0
2020-01-22 09:49:46,N,AAPL,317.79,2.0,317.81,1.0,-1.0,0.0,2020-01-22 09:49:46.161279,317.79,317.8,0
2020-01-22 09:49:48,N,AAPL,317.79,3.0,317.8,2.0,1.0,1.0,2020-01-22 09:49:48.793675,317.79,317.8,0
2020-01-22 09:49:51,N,AAPL,317.79,2.0,317.8,5.0,-1.0,3.0,2020-01-22 09:49:51.069324,317.79,317.81,0
2020-01-22 09:49:52,N,AAPL,317.79,2.0,317.81,3.0,0.0,2.0,2020-01-22 09:49:52.219070,317.77,317.79,0
2020-01-22 09:49:53,N,AAPL,317.77,1.0,317.79,1.0,-3.0,-1.0,2020-01-22 09:49:53.098002,317.7,317.74,-1
2020-01-22 09:49:54,N,AAPL,317.7,3.0,317.74,3.0,1.0,2.0,2020-01-22 09:49:54.076012,317.71,317.75,0
2020-01-22 09:49:55,N,AAPL,317.71,2.0,317.75,2.0,1.0,1.0,2020-01-22 09:49:55.114701,317.7,317.73,0
2020-01-22 09:49:56,N,AAPL,317.7,1.0,317.73,1.0,0.0,-1.0,2020-01-22 09:49:56.450584,317.69,317.73,0
2020-01-22 09:49:57,N,AAPL,317.69,3.0,317.73,2.0,0.0,-3.0,2020-01-22 09:49:57.064964,317.71,317.74,0
2020-01-22 09:49:58,N,AAPL,317.71,1.0,317.74,4.0,-3.0,3.0,2020-01-22 09:49:58.160830,317.71,317.75,0
2020-01-22 09:49:59,N,AAPL,317.71,2.0,317.75,2.0,-3.0,1.0,2020-01-22 09:49:59.202003,317.74,317.77,0
2020-01-22 09:50:00,N,AAPL,317.74,2.0,317.77,4.0,1.0,3.0,2020-01-22 09:50:00.145026,317.75,317.77,0
2020-01-22 09:50:01,N,AAPL,317.75,1.0,317.77,4.0,0.0,3.0,2020-01-22 09:50:01.546125,317.77,317.8,0
2020-01-22 09:50:02,N,AAPL,317.77,4.0,317.8,1.0,2.0,-1.0,2020-01-22 09:50:02.489276,317.76,317.79,0
2020-01-22 09:50:03,N,AAPL,317.76,3.0,317.79,4.0,-1.0,3.0,2020-01-22 09:50:03.146940,317.77,317.79,0
2020-01-22 09:50:04,N,AAPL,317.77,1.0,317.79,1.0,-1.0,0.0,2020-01-22 09:50:04.526578,317.76,317.79,0
2020-01-22 09:50:05,N,AAPL,317.76,5.0,317.79,2.0,0.0,-1.0,2020-01-22 09:50:05.024647,317.78,317.79,0
2020-01-22 09:50:06,N,AAPL,317.78,1.0,317.79,1.0,-4.0,-1.0,2020-01-22 09:50:06.662369,317.75,317.77,-1
2020-01-22 09:50:07,N,AAPL,317.75,4.0,317.77,1.0,2.0,-3.0,2020-01-22 09:50:07.224084,317.71,317.74,-1
2020-01-22 09:50:08,N,AAPL,317.71,2.0,317.74,1.0,1.0,-1.0,2020-01-22 09:50:08.027647,317.71,317.73,0
2020-01-22 09:50:10,N,AAPL,317.71,4.0,317.73,2.0,-1.0,1.0,2020-01-22 09:50:10.326496,317.72,317.75,0
2020-01-22 09:50:11,N,AAPL,317.72,2.0,317.75,1.0,-2.0,-1.0,2020-01-22 09:50:11.695948,317.75,317.79,0
2020-01-22 09:50:12,N,AAPL,317.75,4.0,317.79,2.0,2.0,1.0,2020-01-22 09:50:12.745154,317.76,317.79,0
2020-01-22 09:50:13,N,AAPL,317.76,2.0,317.79,1.0,0.0,0.0,2020-01-22 09:50:13.285916,317.76,317.79,0
2020-01-22 09:50:14,N,AAPL,317.76,1.0,317.79,2.0,-1.0,1.0,2020-01-22 09:50:14.144699,317.76,317.78,0
2020-01-22 09:50:15,N,AAPL,317.76,3.0,317.78,4.0,2.0,3.0,2020-01-22 09:50:15.543449,317.7,317.74,-1
2020-01-22 09:50:16,N,AAPL,317.7,1.0,317.74,4.0,-1.0,2.0,2020-01-22 09:50:16.198020,317.7,317.74,0
2020-01-22 09:50:17,N,AAPL,317.7,1.0,317.74,3.0,0.0,-1.0,2020-01-22 09:50:17.165060,317.7,317.74,0
2020-01-22 09:50:18,N,AAPL,317.7,2.0,317.74,2.0,0.0,1.0,2020-01-22 09:50:18.101419,317.73,317.76,0
2020-01-22 09:50:19,N,AAPL,317.73,1.0,317.76,2.0,0.0,-1.0,2020-01-22 09:50:19.003721,317.71,317.74,0
2020-01-22 09:50:20,N,AAPL,317.71,2.0,317.74,2.0,0.0,0.0,2020-01-22 09:50:20.087518,317.73,317.75,0
2020-01-22 09:50:21,N,AAPL,317.73,1.0,317.75,2.0,0.0,1.0,2020-01-22 09:50:21.117229,317.71,317.74,0
2020-01-22 09:50:23,N,AAPL,317.71,2.0,317.74,1.0,0.0,-1.0,2020-01-22 09:50:23.307345,317.71,317.75,0
2020-01-22 09:50:24,N,AAPL,317.71,2.0,317.75,4.0,-2.0,3.0,2020-01-22 09:50:24.251698,317.73,317.76,0
2020-01-22 09:50:25,N,AAPL,317.73,4.0,317.76,1.0,2.0,-1.0,2020-01-22 09:50:25.231288,317.74,317.75,0
2020-01-22 09:50:26,N,AAPL,317.74,1.0,317.75,4.0,0.0,3.0,2020-01-22 09:50:26.222483,317.72,317.75,0
2020-01-22 09:50:27,N,AAPL,317.72,2.0,317.75,4.0,-2.0,3.0,2020-01-22 09:50:27.659867,317.71,317.73,0
