last_interval,Exchange,Symbol,Best_Bid_Price,FB0,Best_Offer_Price,FA0,FB2,FA2,p_time,Next_Best_Bid,Next_Best_Offer,outcome
2020-01-08 09:30:00,N,AAPL,297.16,3.0,297.16,2.0,0.0,-28.0,2020-01-08 09:30:00.243217,297.26,297.34,1
2020-01-08 09:30:01,N,AAPL,297.26,1.0,297.34,1.0,-2.0,-1.0,2020-01-08 09:30:01.643143,297.25,297.34,0
2020-01-08 09:30:02,N,AAPL,297.25,9.0,297.34,2.0,5.0,1.0,2020-01-08 09:30:02.498099,297.25,297.26,0
2020-01-08 09:30:03,N,AAPL,297.25,8.0,297.26,1.0,-1.0,0.0,2020-01-08 09:30:03.074562,297.42,297.43,1
2020-01-08 09:30:04,N,AAPL,297.42,19.0,297.43,1.0,17.0,0.0,2020-01-08 09:30:04.017374,297.7,297.79,1
2020-01-08 09:30:15,N,AAPL,297.7,1.0,297.79,1.0,-15.0,0.0,2020-01-08 09:30:15.013121,297.72,297.74,0
2020-01-08 09:30:21,N,AAPL,297.72,5.0,297.74,3.0,3.0,1.0,2020-01-08 09:30:21.669205,297.65,297.77,0
2020-01-08 09:30:27,N,AAPL,297.65,1.0,297.77,2.0,-4.0,-1.0,2020-01-08 09:30:27.239581,297.63,297.78,0
2020-01-08 09:30:30,N,AAPL,297.63,2.0,297.78,1.0,1.0,-1.0,2020-01-08 09:30:30.012084,297.66,297.68,0
2020-01-08 09:30:31,N,AAPL,297.66,2.0,297.68,1.0,0.0,-1.0,2020-01-08 09:30:31.275581,297.54,297.62,-1
2020-01-08 09:30:32,N,AAPL,297.54,9.0,297.62,4.0,5.0,1.0,2020-01-08 09:30:32.888161,297.52,297.58,0
2020-01-08 09:30:33,N,AAPL,297.52,2.0,297.58,3.0,-1.0,0.0,2020-01-08 09:30:33.159466,297.52,297.59,0
2020-01-08 09:30:34,N,AAPL,297.52,10.0,297.59,4.0,8.0,3.0,2020-01-08 09:30:34.121557,297.44,297.52,0
2020-01-08 09:30:35,N,AAPL,297.44,1.0,297.52,2.0,0.0,-2.0,2020-01-08 09:30:35.107084,297.43,297.48,0
2020-01-08 09:30:36,N,AAPL,297.43,1.0,297.48,2.0,-2.0,1.0,2020-01-08 09:30:36.130551,297.43,297.47,0
2020-01-08 09:30:37,N,AAPL,297.43,3.0,297.47,4.0,2.0,2.0,2020-01-08 09:30:37.252710,297.43,297.47,0
2020-01-08 09:30:38,N,AAPL,297.43,1.0,297.47,1.0,-1.0,-1.0,2020-01-08 09:30:38.021220,297.4,297.47,0
2020-01-08 09:30:39,N,AAPL,297.4,4.0,297.47,1.0,3.0,0.0,2020-01-08 09:30:39.654423,297.41,297.47,0
2020-01-08 09:30:40,N,AAPL,297.41,2.0,297.47,1.0,1.0,-3.0,2020-01-08 09:30:40.605487,297.44,297.48,0
2020-01-08 09:30:41,N,AAPL,297.44,2.0,297.48,2.0,1.0,-1.0,2020-01-08 09:30:41.909595,297.45,297.51,0
2020-01-08 09:30:42,N,AAPL,297.45,2.0,297.51,2.0,-2.0,0.0,2020-01-08 09:30:42.099233,297.44,297.5,0
2020-01-08 09:30:43,N,AAPL,297.44,2.0,297.5,4.0,0.0,2.0,2020-01-08 09:30:43.139918,297.43,297.51,0
2020-01-08 09:30:45,N,AAPL,297.43,1.0,297.51,3.0,-1.0,1.0,2020-01-08 09:30:45.094500,297.44,297.51,0
2020-01-08 09:30:46,N,AAPL,297.44,7.0,297.51,4.0,6.0,2.0,2020-01-08 09:30:46.640727,297.44,297.51,0
2020-01-08 09:30:47,N,AAPL,297.44,3.0,297.51,4.0,-4.0,2.0,2020-01-08 09:30:47.020538,297.48,297.56,0
2020-01-08 09:30:48,N,AAPL,297.48,5.0,297.56,3.0,3.0,2.0,2020-01-08 09:30:48.608652,297.44,297.5,0
2020-01-08 09:30:50,N,AAPL,297.44,2.0,297.5,1.0,-3.0,-1.0,2020-01-08 09:30:50.100750,297.48,297.52,0
2020-01-08 09:30:51,N,AAPL,297.48,1.0,297.52,2.0,-1.0,1.0,2020-01-08 09:30:51.002506,297.4,297.44,-1
2020-01-08 09:30:52,N,AAPL,297.4,2.0,297.44,2.0,1.0,0.0,2020-01-08 09:30:52.404407,297.41,297.45,0
2020-01-08 09:30:53,N,AAPL,297.41,1.0,297.45,1.0,-1.0,-3.0,2020-01-08 09:30:53.678280,297.41,297.47,0
2020-01-08 09:30:54,N,AAPL,297.41,2.0,297.47,1.0,1.0,0.0,2020-01-08 09:30:54.046854,297.46,297.52,0
2020-01-08 09:30:55,N,AAPL,297.46,1.0,297.52,1.0,-1.0,0.0,2020-01-08 09:30:55.024011,297.45,297.51,0
2020-01-08 09:30:57,N,AAPL,297.45,6.0,297.51,4.0,4.0,3.0,2020-01-08 09:30:57.431909,297.39,297.43,-1
2020-01-08 09:30:58,N,AAPL,297.39,1.0,297.43,4.0,0.0,0.0,2020-01-08 09:30:58.912996,297.33,297.39,0
2020-01-08 09:30:59,N,AAPL,297.33,1.0,297.39,1.0,-1.0,0.0,2020-01-08 09:30:59.012742,297.35,297.43,0
2020-01-08 09:31:00,N,AAPL,297.35,9.0,297.43,4.0,7.0,3.0,2020-01-08 09:31:00.153322,297.35,297.39,0
2020-01-08 09:31:01,N,AAPL,297.35,5.0,297.39,2.0,-4.0,0.0,2020-01-08 09:31:01.353399,297.35,297.39,0
2020-01-08 09:31:03,N,AAPL,297.35,12.0,297.39,4.0,7.0,3.0,2020-01-08 09:31:03.018135,297.37,297.43,0
2020-01-08 09:31:04,N,AAPL,297.37,2.0,297.43,2.0,-14.0,-2.0,2020-01-08 09:31:04.056593,297.43,297.48,0
2020-01-08 09:31:05,N,AAPL,297.43,1.0,297.48,2.0,-1.0,1.0,2020-01-08 09:31:05.234330,297.49,297.5,1
2020-01-08 09:31:06,N,AAPL,297.49,4.0,297.5,3.0,2.0,-1.0,2020-01-08 09:31:06.514053,297.52,297.55,1
2020-01-08 09:31:07,N,AAPL,297.52,1.0,297.55,3.0,-2.0,0.0,2020-01-08 09:31:07.227790,297.61,297.68,1
2020-01-08 09:31:08,N,AAPL,297.61,1.0,297.68,2.0,-1.0,0.0,2020-01-08 09:31:08.504096,297.68,297.71,0
2020-01-08 09:31:09,N,AAPL,297.68,1.0,297.71,2.0,0.0,1.0,2020-01-08 09:31:09.036437,297.67,297.73,0
2020-01-08 09:31:10,N,AAPL,297.67,1.0,297.73,3.0,-3.0,2.0,2020-01-08 09:31:10.546241,297.66,297.76,0
2020-01-08 09:31:11,N,AAPL,297.66,2.0,297.76,2.0,-2.0,1.0,2020-01-08 09:31:11.115721,297.64,297.68,0
2020-01-08 09:31:12,N,AAPL,297.64,6.0,297.68,4.0,2.0,3.0,2020-01-08 09:31:12.253735,297.68,297.73,0
2020-01-08 09:31:13,N,AAPL,297.68,3.0,297.73,2.0,1.0,0.0,2020-01-08 09:31:13.913553,297.67,297.75,0
2020-01-08 09:31:14,N,AAPL,297.67,10.0,297.75,2.0,0.0,0.0,2020-01-08 09:31:14.269097,297.68,297.76,0
2020-01-08 09:31:15,N,AAPL,297.68,1.0,297.76,2.0,-11.0,0.0,2020-01-08 09:31:15.170319,297.75,297.78,0
2020-01-08 09:31:17,N,AAPL,297.75,4.0,297.78,1.0,2.0,-1.0,2020-01-08 09:31:17.975759,297.79,297.83,1
2020-01-08 09:31:18,N,AAPL,297.79,2.0,297.83,1.0,1.0,-14.0,2020-01-08 09:31:18.045646,297.91,297.98,1
2020-01-08 09:31:19,N,AAPL,297.91,2.0,297.98,7.0,0.0,6.0,2020-01-08 09:31:19.294860,298.05,298.09,1
2020-01-08 09:31:20,N,AAPL,298.05,2.0,298.09,1.0,-1.0,-165.0,2020-01-08 09:31:20.454982,298.15,298.19,1
2020-01-08 09:31:21,N,AAPL,298.15,3.0,298.19,4.0,1.0,0.0,2020-01-08 09:31:21.240080,298.22,298.28,1
2020-01-08 09:31:22,N,AAPL,298.22,2.0,298.28,4.0,0.0,2.0,2020-01-08 09:31:22.085129,298.24,298.32,0
2020-01-08 09:31:23,N,AAPL,298.24,5.0,298.32,1.0,3.0,-2.0,2020-01-08 09:31:23.465037,298.27,298.32,0
2020-01-08 09:31:24,N,AAPL,298.27,1.0,298.32,4.0,-1.0,0.0,2020-01-08 09:31:24.012004,298.31,298.37,0
2020-01-08 09:31:25,N,AAPL,298.31,4.0,298.37,4.0,2.0,3.0,2020-01-08 09:31:25.228658,298.34,298.41,0
2020-01-08 09:31:27,N,AAPL,298.34,1.0,298.41,2.0,-3.0,0.0,2020-01-08 09:31:27.707648,298.45,298.46,1
2020-01-08 09:31:28,N,AAPL,298.45,2.0,298.46,2.0,1.0,0.0,2020-01-08 09:31:28.011598,298.5,298.51,1
2020-01-08 09:31:29,N,AAPL,298.5,5.0,298.51,2.0,3.0,-30.0,2020-01-08 09:31:29.147653,298.48,298.61,0
2020-01-08 09:31:30,N,AAPL,298.48,3.0,298.61,2.0,2.0,0.0,2020-01-08 09:31:30.375364,298.51,298.63,0
2020-01-08 09:31:31,N,AAPL,298.51,7.0,298.63,2.0,5.0,0.0,2020-01-08 09:31:31.055503,298.53,298.63,0
2020-01-08 09:31:32,N,AAPL,298.53,1.0,298.63,2.0,-2.0,0.0,2020-01-08 09:31:32.108071,298.52,298.6,0
2020-01-08 09:31:33,N,AAPL,298.52,7.0,298.6,4.0,6.0,2.0,2020-01-08 09:31:33.025676,298.39,298.47,-1
2020-01-08 09:31:34,N,AAPL,298.39,5.0,298.47,4.0,4.0,3.0,2020-01-08 09:31:34.011811,298.41,298.48,0
2020-01-08 09:31:35,N,AAPL,298.41,4.0,298.48,1.0,0.0,-1.0,2020-01-08 09:31:35.269175,298.47,298.51,0
2020-01-08 09:31:36,N,AAPL,298.47,2.0,298.51,1.0,0.0,0.0,2020-01-08 09:31:36.204053,298.32,298.39,-1
2020-01-08 09:31:37,N,AAPL,298.32,2.0,298.39,1.0,0.0,-1.0,2020-01-08 09:31:37.672383,298.27,298.36,0
2020-01-08 09:31:38,N,AAPL,298.27,4.0,298.36,1.0,3.0,0.0,2020-01-08 09:31:38.216194,298.28,298.38,0
2020-01-08 09:31:39,N,AAPL,298.28,4.0,298.38,2.0,0.0,1.0,2020-01-08 09:31:39.227999,298.29,298.38,0
2020-01-08 09:31:40,N,AAPL,298.29,2.0,298.38,2.0,0.0,1.0,2020-01-08 09:31:40.035790,298.42,298.49,1
2020-01-08 09:31:41,N,AAPL,298.42,2.0,298.49,2.0,0.0,0.0,2020-01-08 09:31:41.035533,298.38,298.48,0
2020-01-08 09:31:42,N,AAPL,298.38,2.0,298.48,1.0,-2.0,-3.0,2020-01-08 09:31:42.457902,298.39,298.48,0
2020-01-08 09:31:43,N,AAPL,298.39,1.0,298.48,1.0,-1.0,0.0,2020-01-08 09:31:43.030077,298.39,298.48,0
2020-01-08 09:31:44,N,AAPL,298.39,4.0,298.48,1.0,3.0,0.0,2020-01-08 09:31:44.154246,298.41,298.45,0
2020-01-08 09:31:45,N,AAPL,298.41,2.0,298.45,1.0,1.0,-1.0,2020-01-08 09:31:45.132024,298.41,298.49,0
2020-01-08 09:31:46,N,AAPL,298.41,2.0,298.49,4.0,-2.0,0.0,2020-01-08 09:31:46.027238,298.4,298.48,0
2020-01-08 09:31:47,N,AAPL,298.4,3.0,298.48,1.0,0.0,0.0,2020-01-08 09:31:47.693306,298.4,298.48,0
2020-01-08 09:31:48,N,AAPL,298.4,4.0,298.48,1.0,0.0,0.0,2020-01-08 09:31:48.068281,298.4,298.47,0
2020-01-08 09:31:49,N,AAPL,298.4,10.0,298.47,4.0,7.0,3.0,2020-01-08 09:31:49.050762,298.41,298.48,0
2020-01-08 09:31:50,N,AAPL,298.41,2.0,298.48,1.0,0.0,-1.0,2020-01-08 09:31:50.485775,298.41,298.48,0
2020-01-08 09:31:51,N,AAPL,298.41,4.0,298.48,2.0,0.0,1.0,2020-01-08 09:31:51.291881,298.28,298.31,-1
2020-01-08 09:31:52,N,AAPL,298.28,4.0,298.31,2.0,3.0,1.0,2020-01-08 09:31:52.778356,298.29,298.4,0
2020-01-08 09:31:53,N,AAPL,298.29,2.0,298.4,3.0,-2.0,2.0,2020-01-08 09:31:53.130482,298.32,298.36,0
2020-01-08 09:31:55,N,AAPL,298.32,1.0,298.36,2.0,0.0,0.0,2020-01-08 09:31:55.301287,298.21,298.28,-1
2020-01-08 09:31:56,N,AAPL,298.21,10.0,298.28,1.0,0.0,-5.0,2020-01-08 09:31:56.341513,298.21,298.3,0
2020-01-08 09:31:57,N,AAPL,298.21,7.0,298.3,2.0,0.0,0.0,2020-01-08 09:31:57.150382,298.12,298.2,-1
2020-01-08 09:31:58,N,AAPL,298.12,3.0,298.2,2.0,0.0,-2.0,2020-01-08 09:31:58.079746,298.14,298.23,0
2020-01-08 09:31:59,N,AAPL,298.14,1.0,298.23,4.0,0.0,3.0,2020-01-08 09:31:59.356006,298.16,298.25,0
2020-01-08 09:32:00,N,AAPL,298.16,4.0,298.25,1.0,0.0,0.0,2020-01-08 09:32:00.003726,298.18,298.24,0
2020-01-08 09:32:01,N,AAPL,298.18,3.0,298.24,1.0,0.0,-1.0,2020-01-08 09:32:01.196574,298.19,298.29,0
2020-01-08 09:32:02,N,AAPL,298.19,3.0,298.29,1.0,0.0,0.0,2020-01-08 09:32:02.745265,298.22,298.3,0
2020-01-08 09:32:03,N,AAPL,298.22,3.0,298.3,2.0,0.0,-2.0,2020-01-08 09:32:03.025548,298.35,298.42,1
2020-01-08 09:32:04,N,AAPL,298.35,3.0,298.42,2.0,2.0,1.0,2020-01-08 09:32:04.133019,298.39,298.48,0
2020-01-08 09:32:05,N,AAPL,298.39,4.0,298.48,4.0,3.0,2.0,2020-01-08 09:32:05.052052,298.44,298.5,0
2020-01-08 09:32:06,N,AAPL,298.44,1.0,298.5,1.0,-8.0,-1.0,2020-01-08 09:32:06.549433,298.51,298.55,1
2020-01-08 09:32:07,N,AAPL,298.51,4.0,298.55,1.0,2.0,0.0,2020-01-08 09:32:07.559704,298.6,298.68,1
2020-01-08 09:32:08,N,AAPL,298.6,4.0,298.68,1.0,0.0,0.0,2020-01-08 09:32:08.173862,298.63,298.68,0
2020-01-08 09:32:09,N,AAPL,298.63,1.0,298.68,4.0,-2.0,3.0,2020-01-08 09:32:09.020832,298.59,298.65,0
2020-01-08 09:32:10,N,AAPL,298.59,1.0,298.65,2.0,-1.0,0.0,2020-01-08 09:32:10.455033,298.56,298.66,0
2020-01-08 09:32:11,N,AAPL,298.56,6.0,298.66,4.0,1.0,3.0,2020-01-08 09:32:11.073523,298.59,298.66,0
2020-01-08 09:32:12,N,AAPL,298.59,2.0,298.66,2.0,-6.0,1.0,2020-01-08 09:32:12.023676,298.63,298.71,0
2020-01-08 09:32:13,N,AAPL,298.63,1.0,298.71,2.0,-1.0,1.0,2020-01-08 09:32:13.008468,298.63,298.71,0
2020-01-08 09:32:14,N,AAPL,298.63,2.0,298.71,1.0,0.0,-1.0,2020-01-08 09:32:14.763638,298.64,298.7,0
2020-01-08 09:32:15,N,AAPL,298.64,3.0,298.7,4.0,1.0,3.0,2020-01-08 09:32:15.124138,298.64,298.71,0
2020-01-08 09:32:16,N,AAPL,298.64,8.0,298.71,3.0,7.0,1.0,2020-01-08 09:32:16.666988,298.69,298.72,0
2020-01-08 09:32:17,N,AAPL,298.69,2.0,298.72,1.0,-2.0,0.0,2020-01-08 09:32:17.567103,298.69,298.71,0
2020-01-08 09:32:18,N,AAPL,298.69,4.0,298.71,1.0,3.0,-1.0,2020-01-08 09:32:18.625192,298.67,298.68,-1
2020-01-08 09:32:19,N,AAPL,298.67,2.0,298.68,5.0,-5.0,4.0,2020-01-08 09:32:19.050440,298.63,298.66,-1
2020-01-08 09:32:21,N,AAPL,298.63,2.0,298.66,1.0,1.0,-1.0,2020-01-08 09:32:21.949024,298.56,298.65,0
2020-01-08 09:32:22,N,AAPL,298.56,4.0,298.65,2.0,3.0,1.0,2020-01-08 09:32:22.225333,298.68,298.71,1
2020-01-08 09:32:23,N,AAPL,298.68,4.0,298.71,1.0,2.0,-1.0,2020-01-08 09:32:23.706070,298.66,298.72,0
2020-01-08 09:32:24,N,AAPL,298.66,2.0,298.72,1.0,0.0,-1.0,2020-01-08 09:32:24.275779,298.7,298.76,0
2020-01-08 09:32:25,N,AAPL,298.7,4.0,298.76,8.0,2.0,3.0,2020-01-08 09:32:25.286247,298.65,298.69,-1
2020-01-08 09:32:27,N,AAPL,298.65,1.0,298.69,1.0,-1.0,-2.0,2020-01-08 09:32:27.389246,298.64,298.69,0
2020-01-08 09:32:29,N,AAPL,298.64,4.0,298.69,1.0,3.0,0.0,2020-01-08 09:32:29.085318,298.63,298.72,0
2020-01-08 09:32:30,N,AAPL,298.63,2.0,298.72,2.0,1.0,0.0,2020-01-08 09:32:30.241807,298.64,298.72,0
2020-01-08 09:32:31,N,AAPL,298.64,1.0,298.72,2.0,0.0,0.0,2020-01-08 09:32:31.053200,298.64,298.72,0
2020-01-08 09:32:32,N,AAPL,298.64,1.0,298.72,1.0,-5.0,0.0,2020-01-08 09:32:32.005992,298.63,298.7,0
2020-01-08 09:32:33,N,AAPL,298.63,6.0,298.7,4.0,0.0,3.0,2020-01-08 09:32:33.077841,298.65,298.73,0
2020-01-08 09:32:34,N,AAPL,298.65,1.0,298.73,3.0,-5.0,2.0,2020-01-08 09:32:34.283733,298.74,298.76,1
2020-01-08 09:32:36,N,AAPL,298.74,4.0,298.76,2.0,2.0,-4.0,2020-01-08 09:32:36.654156,298.75,298.79,0
2020-01-08 09:32:37,N,AAPL,298.75,1.0,298.79,1.0,0.0,0.0,2020-01-08 09:32:37.362284,298.74,298.79,0
2020-01-08 09:32:38,N,AAPL,298.74,2.0,298.79,1.0,1.0,0.0,2020-01-08 09:32:38.090480,298.78,298.82,0
2020-01-08 09:32:39,N,AAPL,298.78,4.0,298.82,3.0,2.0,2.0,2020-01-08 09:32:39.153798,298.81,298.87,0
2020-01-08 09:32:40,N,AAPL,298.81,4.0,298.87,4.0,0.0,3.0,2020-01-08 09:32:40.173270,298.83,298.88,0
2020-01-08 09:32:41,N,AAPL,298.83,2.0,298.88,9.0,-2.0,7.0,2020-01-08 09:32:41.334885,298.79,298.82,-1
2020-01-08 09:32:42,N,AAPL,298.79,2.0,298.82,9.0,-6.0,7.0,2020-01-08 09:32:42.144542,298.8,298.84,0
2020-01-08 09:32:43,N,AAPL,298.8,4.0,298.84,3.0,3.0,0.0,2020-01-08 09:32:43.557336,298.82,298.84,0
2020-01-08 09:32:44,N,AAPL,298.82,4.0,298.84,1.0,3.0,-2.0,2020-01-08 09:32:44.225919,298.82,298.88,0
2020-01-08 09:32:45,N,AAPL,298.82,1.0,298.88,7.0,-1.0,0.0,2020-01-08 09:32:45.000775,298.96,299.0,1
2020-01-08 09:32:46,N,AAPL,298.96,2.0,299.0,69.0,0.0,65.0,2020-01-08 09:32:46.042685,298.96,299.05,0
2020-01-08 09:32:47,N,AAPL,298.96,4.0,299.05,5.0,3.0,4.0,2020-01-08 09:32:47.011005,298.97,299.03,0
2020-01-08 09:32:48,N,AAPL,298.97,1.0,299.03,2.0,-1.0,0.0,2020-01-08 09:32:48.324583,298.99,299.04,0
2020-01-08 09:32:49,N,AAPL,298.99,1.0,299.04,4.0,-1.0,0.0,2020-01-08 09:32:49.164069,298.9,299.0,0
2020-01-08 09:32:50,N,AAPL,298.9,2.0,299.0,1.0,0.0,-1.0,2020-01-08 09:32:50.331542,298.9,298.97,0
2020-01-08 09:32:52,N,AAPL,298.9,5.0,298.97,4.0,0.0,3.0,2020-01-08 09:32:52.522517,298.91,298.98,0
2020-01-08 09:32:53,N,AAPL,298.91,1.0,298.98,2.0,-4.0,0.0,2020-01-08 09:32:53.005811,298.9,298.93,0
2020-01-08 09:32:54,N,AAPL,298.9,2.0,298.93,4.0,1.0,2.0,2020-01-08 09:32:54.009714,298.89,298.97,0
2020-01-08 09:32:55,N,AAPL,298.89,4.0,298.97,2.0,-2.0,-2.0,2020-01-08 09:32:55.005967,298.93,298.97,0
2020-01-08 09:32:56,N,AAPL,298.93,2.0,298.97,1.0,1.0,-2.0,2020-01-08 09:32:56.126580,298.91,298.94,0
2020-01-08 09:32:57,N,AAPL,298.91,1.0,298.94,2.0,-1.0,0.0,2020-01-08 09:32:57.049516,298.88,298.93,0
2020-01-08 09:32:58,N,AAPL,298.88,1.0,298.93,1.0,0.0,-1.0,2020-01-08 09:32:58.050463,298.82,298.9,0
2020-01-08 09:32:59,N,AAPL,298.82,3.0,298.9,2.0,-1.0,0.0,2020-01-08 09:32:59.010753,298.82,298.9,0
2020-01-08 09:33:00,N,AAPL,298.82,3.0,298.9,1.0,2.0,-3.0,2020-01-08 09:33:00.082046,298.82,298.89,0
2020-01-08 09:33:01,N,AAPL,298.82,1.0,298.89,4.0,-1.0,2.0,2020-01-08 09:33:01.165591,298.72,298.75,-1
2020-01-08 09:33:03,N,AAPL,298.72,2.0,298.75,2.0,-1.0,0.0,2020-01-08 09:33:03.088685,298.72,298.78,0
2020-01-08 09:33:04,N,AAPL,298.72,4.0,298.78,4.0,1.0,0.0,2020-01-08 09:33:04.045111,298.82,298.87,1
2020-01-08 09:33:06,N,AAPL,298.82,4.0,298.87,1.0,2.0,0.0,2020-01-08 09:33:06.047145,298.89,298.93,1
2020-01-08 09:33:08,N,AAPL,298.89,4.0,298.93,2.0,2.0,1.0,2020-01-08 09:33:08.217235,298.83,298.9,0
2020-01-08 09:33:09,N,AAPL,298.83,2.0,298.9,2.0,-2.0,0.0,2020-01-08 09:33:09.120427,298.82,298.85,0
2020-01-08 09:33:10,N,AAPL,298.82,1.0,298.85,2.0,-3.0,0.0,2020-01-08 09:33:10.108624,298.8,298.87,0
2020-01-08 09:33:11,N,AAPL,298.8,1.0,298.87,2.0,0.0,0.0,2020-01-08 09:33:11.052476,299.02,299.07,1
2020-01-08 09:33:12,N,AAPL,299.02,1.0,299.07,1.0,-1.0,0.0,2020-01-08 09:33:12.036964,299.06,299.1,0
2020-01-08 09:33:14,N,AAPL,299.06,2.0,299.1,4.0,1.0,3.0,2020-01-08 09:33:14.157884,299.02,299.09,0
2020-01-08 09:33:15,N,AAPL,299.02,2.0,299.09,1.0,-2.0,-1.0,2020-01-08 09:33:15.166791,299.0,299.06,0
2020-01-08 09:33:16,N,AAPL,299.0,2.0,299.06,2.0,1.0,0.0,2020-01-08 09:33:16.151463,299.0,299.07,0
2020-01-08 09:33:17,N,AAPL,299.0,3.0,299.07,3.0,-1.0,1.0,2020-01-08 09:33:17.497199,298.97,299.05,0
2020-01-08 09:33:18,N,AAPL,298.97,2.0,299.05,4.0,-1.0,2.0,2020-01-08 09:33:18.171995,298.97,299.07,0
2020-01-08 09:33:19,N,AAPL,298.97,2.0,299.07,2.0,0.0,-1.0,2020-01-08 09:33:19.602168,298.98,299.06,0
2020-01-08 09:33:20,N,AAPL,298.98,2.0,299.06,4.0,0.0,0.0,2020-01-08 09:33:20.081685,298.82,298.86,-1
2020-01-08 09:33:21,N,AAPL,298.82,1.0,298.86,2.0,0.0,0.0,2020-01-08 09:33:21.188092,298.79,298.84,0
2020-01-08 09:33:22,N,AAPL,298.79,7.0,298.84,2.0,1.0,0.0,2020-01-08 09:33:22.295481,298.79,298.84,0
2020-01-08 09:33:23,N,AAPL,298.79,4.0,298.84,2.0,-3.0,0.0,2020-01-08 09:33:23.517499,298.85,298.89,1
2020-01-08 09:33:24,N,AAPL,298.85,2.0,298.89,2.0,0.0,1.0,2020-01-08 09:33:24.119433,298.89,298.93,0
2020-01-08 09:33:25,N,AAPL,298.89,2.0,298.93,10.0,1.0,9.0,2020-01-08 09:33:25.836826,298.86,298.93,0
2020-01-08 09:33:26,N,AAPL,298.86,3.0,298.93,10.0,-2.0,0.0,2020-01-08 09:33:26.059956,298.86,298.92,0
2020-01-08 09:33:28,N,AAPL,298.86,1.0,298.92,1.0,-1.0,-4.0,2020-01-08 09:33:28.032505,298.85,298.9,0
2020-01-08 09:33:29,N,AAPL,298.85,2.0,298.9,1.0,0.0,-2.0,2020-01-08 09:33:29.174152,298.85,298.9,0
2020-01-08 09:33:30,N,AAPL,298.85,2.0,298.9,1.0,-6.0,-2.0,2020-01-08 09:33:30.750560,298.84,298.91,0
2020-01-08 09:33:31,N,AAPL,298.84,2.0,298.91,2.0,-5.0,1.0,2020-01-08 09:33:31.018638,298.84,298.91,0
2020-01-08 09:33:33,N,AAPL,298.84,2.0,298.91,4.0,1.0,2.0,2020-01-08 09:33:33.058908,298.9,298.97,0
2020-01-08 09:33:34,N,AAPL,298.9,2.0,298.97,2.0,0.0,1.0,2020-01-08 09:33:34.209383,298.9,298.94,0
2020-01-08 09:33:35,N,AAPL,298.9,2.0,298.94,2.0,0.0,0.0,2020-01-08 09:33:35.025291,298.81,298.84,-1
2020-01-08 09:33:36,N,AAPL,298.81,2.0,298.84,2.0,0.0,1.0,2020-01-08 09:33:36.136212,298.8,298.84,0
2020-01-08 09:33:37,N,AAPL,298.8,2.0,298.84,1.0,0.0,-1.0,2020-01-08 09:33:37.549740,298.81,298.84,0
2020-01-08 09:33:40,N,AAPL,298.81,4.0,298.84,1.0,-3.0,0.0,2020-01-08 09:33:40.178105,298.85,298.88,1
2020-01-08 09:33:41,N,AAPL,298.85,2.0,298.88,1.0,-2.0,-1.0,2020-01-08 09:33:41.376324,298.85,298.9,0
2020-01-08 09:33:42,N,AAPL,298.85,2.0,298.9,2.0,-4.0,0.0,2020-01-08 09:33:42.167236,298.89,298.94,0
2020-01-08 09:33:43,N,AAPL,298.89,2.0,298.94,2.0,0.0,0.0,2020-01-08 09:33:43.396251,298.91,298.97,0
2020-01-08 09:33:44,N,AAPL,298.91,1.0,298.97,2.0,0.0,-2.0,2020-01-08 09:33:44.043825,298.88,298.96,0
2020-01-08 09:33:45,N,AAPL,298.88,1.0,298.96,2.0,0.0,0.0,2020-01-08 09:33:45.064328,298.87,298.93,0
2020-01-08 09:33:46,N,AAPL,298.87,4.0,298.93,1.0,3.0,-1.0,2020-01-08 09:33:46.504841,298.88,298.93,0
2020-01-08 09:33:47,N,AAPL,298.88,4.0,298.93,1.0,0.0,0.0,2020-01-08 09:33:47.656156,298.85,298.89,0
2020-01-08 09:33:49,N,AAPL,298.85,2.0,298.89,4.0,1.0,3.0,2020-01-08 09:33:49.440952,298.82,298.88,0
2020-01-08 09:33:50,N,AAPL,298.82,1.0,298.88,1.0,0.0,-1.0,2020-01-08 09:33:50.235525,298.82,298.88,0
2020-01-08 09:33:51,N,AAPL,298.82,1.0,298.88,4.0,0.0,3.0,2020-01-08 09:33:51.050300,298.78,298.82,0
2020-01-08 09:33:54,N,AAPL,298.78,1.0,298.82,2.0,-9.0,0.0,2020-01-08 09:33:54.888424,298.68,298.73,-1
2020-01-08 09:33:56,N,AAPL,298.68,5.0,298.73,2.0,4.0,0.0,2020-01-08 09:33:56.125912,298.59,298.67,-1
2020-01-08 09:33:57,N,AAPL,298.59,2.0,298.67,2.0,0.0,1.0,2020-01-08 09:33:57.028856,298.53,298.58,-1
2020-01-08 09:33:58,N,AAPL,298.53,3.0,298.58,1.0,2.0,-3.0,2020-01-08 09:33:58.059923,298.47,298.53,0
2020-01-08 09:33:59,N,AAPL,298.47,2.0,298.53,1.0,0.0,0.0,2020-01-08 09:33:59.339602,298.47,298.54,0
2020-01-08 09:34:00,N,AAPL,298.47,4.0,298.54,1.0,2.0,0.0,2020-01-08 09:34:00.030813,298.51,298.54,0
2020-01-08 09:34:01,N,AAPL,298.51,1.0,298.54,1.0,-3.0,0.0,2020-01-08 09:34:01.857542,298.55,298.62,1
2020-01-08 09:34:02,N,AAPL,298.55,2.0,298.62,4.0,0.0,3.0,2020-01-08 09:34:02.089695,298.53,298.58,0
2020-01-08 09:34:03,N,AAPL,298.53,2.0,298.58,2.0,0.0,1.0,2020-01-08 09:34:03.107626,298.52,298.55,0
2020-01-08 09:34:04,N,AAPL,298.52,1.0,298.55,28.0,0.0,24.0,2020-01-08 09:34:04.360111,298.5,298.55,0
2020-01-08 09:34:06,N,AAPL,298.5,1.0,298.55,28.0,0.0,0.0,2020-01-08 09:34:06.085614,298.6,298.65,1
2020-01-08 09:34:08,N,AAPL,298.6,4.0,298.65,3.0,2.0,1.0,2020-01-08 09:34:08.730198,298.6,298.65,0
2020-01-08 09:34:09,N,AAPL,298.6,1.0,298.65,2.0,-10.0,-1.0,2020-01-08 09:34:09.760706,298.62,298.69,0
2020-01-08 09:34:10,N,AAPL,298.62,1.0,298.69,2.0,0.0,0.0,2020-01-08 09:34:10.075788,298.66,298.74,0
2020-01-08 09:34:11,N,AAPL,298.66,5.0,298.74,2.0,4.0,-6.0,2020-01-08 09:34:11.319350,298.7,298.78,0
2020-01-08 09:34:12,N,AAPL,298.7,1.0,298.78,3.0,-1.0,1.0,2020-01-08 09:34:12.093790,298.73,298.77,0
2020-01-08 09:34:13,N,AAPL,298.73,1.0,298.77,2.0,-1.0,0.0,2020-01-08 09:34:13.512866,298.72,298.76,0
2020-01-08 09:34:16,N,AAPL,298.72,1.0,298.76,2.0,0.0,0.0,2020-01-08 09:34:16.234228,298.76,298.79,0
2020-01-08 09:34:19,N,AAPL,298.76,1.0,298.79,2.0,-1.0,1.0,2020-01-08 09:34:19.606566,298.78,298.83,0
2020-01-08 09:34:20,N,AAPL,298.78,4.0,298.83,6.0,2.0,0.0,2020-01-08 09:34:20.253601,298.77,298.82,0
2020-01-08 09:34:21,N,AAPL,298.77,3.0,298.82,1.0,0.0,-5.0,2020-01-08 09:34:21.272787,298.77,298.82,0
2020-01-08 09:34:22,N,AAPL,298.77,3.0,298.82,4.0,0.0,3.0,2020-01-08 09:34:22.304629,298.77,298.8,0
2020-01-08 09:34:23,N,AAPL,298.77,1.0,298.8,1.0,-2.0,-1.0,2020-01-08 09:34:23.980805,298.72,298.77,0
2020-01-08 09:34:24,N,AAPL,298.72,1.0,298.77,1.0,0.0,-1.0,2020-01-08 09:34:24.237392,298.67,298.72,0
2020-01-08 09:34:25,N,AAPL,298.67,4.0,298.72,4.0,3.0,2.0,2020-01-08 09:34:25.257812,298.63,298.69,0
2020-01-08 09:34:27,N,AAPL,298.63,3.0,298.69,6.0,-1.0,4.0,2020-01-08 09:34:27.152514,298.59,298.67,0
2020-01-08 09:34:28,N,AAPL,298.59,1.0,298.67,1.0,-2.0,0.0,2020-01-08 09:34:28.318663,298.58,298.64,0
2020-01-08 09:34:29,N,AAPL,298.58,6.0,298.64,4.0,-1.0,3.0,2020-01-08 09:34:29.283778,298.59,298.67,0
2020-01-08 09:34:30,N,AAPL,298.59,2.0,298.67,2.0,0.0,0.0,2020-01-08 09:34:30.146238,298.6,298.65,0
2020-01-08 09:34:31,N,AAPL,298.6,4.0,298.65,1.0,1.0,-9.0,2020-01-08 09:34:31.014073,298.6,298.67,0
2020-01-08 09:34:32,N,AAPL,298.6,5.0,298.67,1.0,1.0,-4.0,2020-01-08 09:34:32.567445,298.64,298.68,0
2020-01-08 09:34:34,N,AAPL,298.64,2.0,298.68,2.0,-2.0,-3.0,2020-01-08 09:34:34.038272,298.67,298.72,0
2020-01-08 09:34:35,N,AAPL,298.67,4.0,298.72,2.0,1.0,0.0,2020-01-08 09:34:35.819933,298.72,298.74,0
2020-01-08 09:34:36,N,AAPL,298.72,1.0,298.74,2.0,-1.0,0.0,2020-01-08 09:34:36.424139,298.67,298.73,0
2020-01-08 09:34:37,N,AAPL,298.67,2.0,298.73,1.0,0.0,-3.0,2020-01-08 09:34:37.069386,298.71,298.76,0
2020-01-08 09:34:38,N,AAPL,298.71,2.0,298.76,2.0,0.0,1.0,2020-01-08 09:34:38.508225,298.72,298.79,0
2020-01-08 09:34:39,N,AAPL,298.72,2.0,298.79,1.0,0.0,-6.0,2020-01-08 09:34:39.154709,298.68,298.76,0
2020-01-08 09:34:40,N,AAPL,298.68,1.0,298.76,2.0,-3.0,0.0,2020-01-08 09:34:40.252953,298.67,298.74,0
2020-01-08 09:34:41,N,AAPL,298.67,5.0,298.74,4.0,1.0,2.0,2020-01-08 09:34:41.199721,298.65,298.68,0
2020-01-08 09:34:43,N,AAPL,298.65,1.0,298.68,4.0,-5.0,3.0,2020-01-08 09:34:43.145139,298.65,298.71,0
2020-01-08 09:34:44,N,AAPL,298.65,1.0,298.71,2.0,-1.0,0.0,2020-01-08 09:34:44.001160,298.65,298.73,0
2020-01-08 09:34:46,N,AAPL,298.65,3.0,298.73,2.0,2.0,-1.0,2020-01-08 09:34:46.116645,298.65,298.73,0
2020-01-08 09:34:47,N,AAPL,298.65,2.0,298.73,2.0,-2.0,0.0,2020-01-08 09:34:47.480833,298.66,298.73,0
2020-01-08 09:34:48,N,AAPL,298.66,4.0,298.73,3.0,1.0,1.0,2020-01-08 09:34:48.276139,298.67,298.72,0
2020-01-08 09:34:49,N,AAPL,298.67,2.0,298.72,4.0,0.0,2.0,2020-01-08 09:34:49.938416,298.67,298.73,0
2020-01-08 09:34:50,N,AAPL,298.67,2.0,298.73,1.0,0.0,0.0,2020-01-08 09:34:50.025542,298.61,298.65,-1
2020-01-08 09:34:51,N,AAPL,298.61,4.0,298.65,1.0,3.0,0.0,2020-01-08 09:34:51.484612,298.62,298.65,0
2020-01-08 09:34:52,N,AAPL,298.62,4.0,298.65,1.0,3.0,-2.0,2020-01-08 09:34:52.030593,298.6,298.67,0
2020-01-08 09:34:53,N,AAPL,298.6,3.0,298.67,1.0,2.0,-1.0,2020-01-08 09:34:53.044671,298.61,298.65,0
2020-01-08 09:34:54,N,AAPL,298.61,4.0,298.65,1.0,-1.0,-1.0,2020-01-08 09:34:54.290390,298.55,298.58,-1
2020-01-08 09:34:55,N,AAPL,298.55,1.0,298.58,4.0,-1.0,3.0,2020-01-08 09:34:55.243358,298.53,298.58,0
2020-01-08 09:34:56,N,AAPL,298.53,2.0,298.58,2.0,1.0,0.0,2020-01-08 09:34:56.223723,298.5,298.57,0
2020-01-08 09:34:57,N,AAPL,298.5,7.0,298.57,4.0,5.0,2.0,2020-01-08 09:34:57.109565,298.49,298.52,0
2020-01-08 09:34:58,N,AAPL,298.49,2.0,298.52,4.0,-4.0,0.0,2020-01-08 09:34:58.100520,298.47,298.51,0
2020-01-08 09:35:00,N,AAPL,298.47,1.0,298.51,2.0,0.0,-2.0,2020-01-08 09:35:00.017917,298.5,298.58,0
2020-01-08 09:35:01,N,AAPL,298.5,1.0,298.58,2.0,0.0,-2.0,2020-01-08 09:35:01.020704,298.45,298.52,0
2020-01-08 09:35:02,N,AAPL,298.45,1.0,298.52,2.0,0.0,-2.0,2020-01-08 09:35:02.057080,298.48,298.52,0
2020-01-08 09:35:03,N,AAPL,298.48,1.0,298.52,1.0,-1.0,0.0,2020-01-08 09:35:03.898290,298.5,298.58,0
2020-01-08 09:35:04,N,AAPL,298.5,3.0,298.58,2.0,2.0,1.0,2020-01-08 09:35:04.334335,298.52,298.58,0
2020-01-08 09:35:06,N,AAPL,298.52,2.0,298.58,3.0,0.0,2.0,2020-01-08 09:35:06.929276,298.52,298.57,0
2020-01-08 09:35:07,N,AAPL,298.52,2.0,298.57,4.0,0.0,3.0,2020-01-08 09:35:07.038449,298.52,298.57,0
2020-01-08 09:35:08,N,AAPL,298.52,4.0,298.57,3.0,0.0,2.0,2020-01-08 09:35:08.293369,298.52,298.55,0
2020-01-08 09:35:09,N,AAPL,298.52,3.0,298.55,4.0,-1.0,3.0,2020-01-08 09:35:09.363484,298.56,298.58,1
2020-01-08 09:35:10,N,AAPL,298.56,2.0,298.58,1.0,0.0,-1.0,2020-01-08 09:35:10.435836,298.59,298.65,1
2020-01-08 09:35:11,N,AAPL,298.59,2.0,298.65,3.0,0.0,1.0,2020-01-08 09:35:11.024972,298.59,298.63,0
2020-01-08 09:35:12,N,AAPL,298.59,2.0,298.63,4.0,0.0,3.0,2020-01-08 09:35:12.045558,298.47,298.54,-1
2020-01-08 09:35:13,N,AAPL,298.47,1.0,298.54,1.0,-1.0,0.0,2020-01-08 09:35:13.021451,298.46,298.51,0
2020-01-08 09:35:14,N,AAPL,298.46,4.0,298.51,5.0,3.0,3.0,2020-01-08 09:35:14.431271,298.42,298.45,-1
2020-01-08 09:35:15,N,AAPL,298.42,2.0,298.45,1.0,1.0,-3.0,2020-01-08 09:35:15.001242,298.41,298.47,0
2020-01-08 09:35:16,N,AAPL,298.41,3.0,298.47,3.0,2.0,1.0,2020-01-08 09:35:16.026912,298.46,298.51,0
2020-01-08 09:35:17,N,AAPL,298.46,1.0,298.51,5.0,-1.0,1.0,2020-01-08 09:35:17.104219,298.36,298.43,-1
2020-01-08 09:35:18,N,AAPL,298.36,2.0,298.43,2.0,0.0,0.0,2020-01-08 09:35:18.082722,298.4,298.44,0
2020-01-08 09:35:19,N,AAPL,298.4,3.0,298.44,2.0,0.0,0.0,2020-01-08 09:35:19.186694,298.4,298.47,0
2020-01-08 09:35:20,N,AAPL,298.4,3.0,298.47,2.0,0.0,0.0,2020-01-08 09:35:20.115223,298.4,298.47,0
2020-01-08 09:35:21,N,AAPL,298.4,5.0,298.47,4.0,1.0,-1.0,2020-01-08 09:35:21.046436,298.32,298.37,-1
2020-01-08 09:35:22,N,AAPL,298.32,1.0,298.37,5.0,-2.0,3.0,2020-01-08 09:35:22.349585,298.39,298.44,1
2020-01-08 09:35:23,N,AAPL,298.39,1.0,298.44,2.0,-1.0,-3.0,2020-01-08 09:35:23.142728,298.4,298.45,0
2020-01-08 09:35:25,N,AAPL,298.4,2.0,298.45,2.0,1.0,0.0,2020-01-08 09:35:25.038276,298.43,298.49,0
2020-01-08 09:35:26,N,AAPL,298.43,3.0,298.49,3.0,2.0,0.0,2020-01-08 09:35:26.240629,298.49,298.52,0
2020-01-08 09:35:28,N,AAPL,298.49,3.0,298.52,2.0,1.0,1.0,2020-01-08 09:35:28.346603,298.51,298.59,0
2020-01-08 09:35:29,N,AAPL,298.51,1.0,298.59,3.0,0.0,1.0,2020-01-08 09:35:29.238483,298.49,298.56,0
2020-01-08 09:35:30,N,AAPL,298.49,1.0,298.56,1.0,0.0,-1.0,2020-01-08 09:35:30.327828,298.5,298.54,0
2020-01-08 09:35:32,N,AAPL,298.5,2.0,298.54,4.0,1.0,2.0,2020-01-08 09:35:32.646601,298.51,298.54,0
2020-01-08 09:35:34,N,AAPL,298.51,1.0,298.54,4.0,-1.0,3.0,2020-01-08 09:35:34.322284,298.51,298.52,0
2020-01-08 09:35:35,N,AAPL,298.51,1.0,298.52,4.0,0.0,2.0,2020-01-08 09:35:35.971016,298.51,298.55,0
2020-01-08 09:35:36,N,AAPL,298.51,1.0,298.55,4.0,0.0,0.0,2020-01-08 09:35:36.005435,298.51,298.57,0
2020-01-08 09:35:37,N,AAPL,298.51,1.0,298.57,1.0,0.0,-3.0,2020-01-08 09:35:37.387817,298.51,298.56,0
2020-01-08 09:35:38,N,AAPL,298.51,3.0,298.56,4.0,2.0,3.0,2020-01-08 09:35:38.812169,298.51,298.57,0
2020-01-08 09:35:39,N,AAPL,298.51,6.0,298.57,2.0,0.0,0.0,2020-01-08 09:35:39.136999,298.51,298.52,0
2020-01-08 09:35:40,N,AAPL,298.51,1.0,298.52,4.0,-5.0,1.0,2020-01-08 09:35:40.649367,298.41,298.45,-1
2020-01-08 09:35:41,N,AAPL,298.41,3.0,298.45,4.0,2.0,1.0,2020-01-08 09:35:41.020693,298.38,298.47,0
2020-01-08 09:35:42,N,AAPL,298.38,1.0,298.47,2.0,-1.0,0.0,2020-01-08 09:35:42.517744,298.45,298.52,0
2020-01-08 09:35:44,N,AAPL,298.45,2.0,298.52,2.0,0.0,1.0,2020-01-08 09:35:44.952806,298.45,298.53,0
2020-01-08 09:35:45,N,AAPL,298.45,2.0,298.53,3.0,0.0,-1.0,2020-01-08 09:35:45.000848,298.45,298.54,0
2020-01-08 09:35:46,N,AAPL,298.45,2.0,298.54,3.0,1.0,1.0,2020-01-08 09:35:46.018028,298.45,298.48,0
2020-01-08 09:35:47,N,AAPL,298.45,1.0,298.48,4.0,0.0,2.0,2020-01-08 09:35:47.098236,298.47,298.53,0
2020-01-08 09:35:48,N,AAPL,298.47,1.0,298.53,3.0,0.0,0.0,2020-01-08 09:35:48.305587,298.46,298.52,0
2020-01-08 09:35:49,N,AAPL,298.46,2.0,298.52,5.0,0.0,3.0,2020-01-08 09:35:49.049961,298.43,298.47,0
2020-01-08 09:35:50,N,AAPL,298.43,3.0,298.47,2.0,1.0,1.0,2020-01-08 09:35:50.932815,298.41,298.46,0
2020-01-08 09:35:51,N,AAPL,298.41,2.0,298.46,2.0,1.0,0.0,2020-01-08 09:35:51.030876,298.39,298.44,0
2020-01-08 09:35:52,N,AAPL,298.39,2.0,298.44,4.0,0.0,3.0,2020-01-08 09:35:52.148658,298.39,298.44,0
2020-01-08 09:35:54,N,AAPL,298.39,1.0,298.44,1.0,-2.0,-1.0,2020-01-08 09:35:54.012230,298.41,298.46,0
2020-01-08 09:35:55,N,AAPL,298.41,4.0,298.46,2.0,2.0,-1.0,2020-01-08 09:35:55.099255,298.39,298.46,0
2020-01-08 09:35:56,N,AAPL,298.39,4.0,298.46,4.0,1.0,3.0,2020-01-08 09:35:56.098804,298.45,298.5,0
2020-01-08 09:35:57,N,AAPL,298.45,4.0,298.5,2.0,3.0,0.0,2020-01-08 09:35:57.814754,298.45,298.51,0
2020-01-08 09:35:58,N,AAPL,298.45,4.0,298.51,1.0,0.0,-2.0,2020-01-08 09:35:58.723325,298.48,298.54,0
2020-01-08 09:35:59,N,AAPL,298.48,16.0,298.54,2.0,12.0,1.0,2020-01-08 09:35:59.207859,298.48,298.52,0
2020-01-08 09:36:00,N,AAPL,298.48,10.0,298.52,2.0,0.0,1.0,2020-01-08 09:36:00.271554,298.51,298.56,0
2020-01-08 09:36:02,N,AAPL,298.51,2.0,298.56,4.0,1.0,3.0,2020-01-08 09:36:02.406673,298.48,298.56,0
2020-01-08 09:36:03,N,AAPL,298.48,2.0,298.56,4.0,1.0,0.0,2020-01-08 09:36:03.483801,298.47,298.54,0
2020-01-08 09:36:04,N,AAPL,298.47,3.0,298.54,2.0,2.0,1.0,2020-01-08 09:36:04.409084,298.44,298.49,0
2020-01-08 09:36:05,N,AAPL,298.44,1.0,298.49,4.0,-1.0,2.0,2020-01-08 09:36:05.414291,298.37,298.43,-1
2020-01-08 09:36:06,N,AAPL,298.37,2.0,298.43,4.0,1.0,3.0,2020-01-08 09:36:06.218145,298.22,298.27,-1
2020-01-08 09:36:07,N,AAPL,298.22,2.0,298.27,4.0,1.0,1.0,2020-01-08 09:36:07.139026,298.21,298.25,0
2020-01-08 09:36:08,N,AAPL,298.21,3.0,298.25,1.0,2.0,-1.0,2020-01-08 09:36:08.928592,298.21,298.24,0
2020-01-08 09:36:09,N,AAPL,298.21,1.0,298.24,2.0,-2.0,1.0,2020-01-08 09:36:09.788835,298.22,298.3,0
2020-01-08 09:36:10,N,AAPL,298.22,2.0,298.3,2.0,1.0,1.0,2020-01-08 09:36:10.017111,298.22,298.27,0
2020-01-08 09:36:11,N,AAPL,298.22,2.0,298.27,4.0,0.0,0.0,2020-01-08 09:36:11.588803,298.21,298.24,0
2020-01-08 09:36:13,N,AAPL,298.21,1.0,298.24,4.0,-1.0,0.0,2020-01-08 09:36:13.198348,298.21,298.26,0
2020-01-08 09:36:16,N,AAPL,298.21,2.0,298.26,1.0,0.0,-1.0,2020-01-08 09:36:16.595329,298.18,298.22,0
2020-01-08 09:36:17,N,AAPL,298.18,2.0,298.22,4.0,-1.0,1.0,2020-01-08 09:36:17.017582,298.14,298.19,0
2020-01-08 09:36:18,N,AAPL,298.14,1.0,298.19,4.0,-2.0,2.0,2020-01-08 09:36:18.025557,298.16,298.23,0
2020-01-08 09:36:19,N,AAPL,298.16,1.0,298.23,2.0,0.0,-2.0,2020-01-08 09:36:19.076970,298.19,298.24,0
2020-01-08 09:36:20,N,AAPL,298.19,1.0,298.24,1.0,-2.0,0.0,2020-01-08 09:36:20.006743,298.15,298.17,-1
2020-01-08 09:36:21,N,AAPL,298.15,1.0,298.17,4.0,0.0,0.0,2020-01-08 09:36:21.541813,298.15,298.21,0
2020-01-08 09:36:22,N,AAPL,298.15,1.0,298.21,1.0,0.0,-2.0,2020-01-08 09:36:22.557295,298.15,298.18,0
2020-01-08 09:36:23,N,AAPL,298.15,1.0,298.18,4.0,-1.0,3.0,2020-01-08 09:36:23.581803,298.05,298.11,-1
2020-01-08 09:36:24,N,AAPL,298.05,1.0,298.11,1.0,-15.0,-3.0,2020-01-08 09:36:24.052996,298.07,298.11,0
2020-01-08 09:36:25,N,AAPL,298.07,1.0,298.11,4.0,0.0,3.0,2020-01-08 09:36:25.326575,298.1,298.15,0
2020-01-08 09:36:26,N,AAPL,298.1,2.0,298.15,2.0,1.0,0.0,2020-01-08 09:36:26.319564,298.13,298.18,0
2020-01-08 09:36:27,N,AAPL,298.13,3.0,298.18,4.0,0.0,1.0,2020-01-08 09:36:27.020409,298.13,298.19,0
2020-01-08 09:36:28,N,AAPL,298.13,2.0,298.19,4.0,0.0,3.0,2020-01-08 09:36:28.188624,298.14,298.2,0
2020-01-08 09:36:29,N,AAPL,298.14,3.0,298.2,2.0,1.0,0.0,2020-01-08 09:36:29.260942,298.2,298.24,0
2020-01-08 09:36:30,N,AAPL,298.2,1.0,298.24,2.0,-1.0,0.0,2020-01-08 09:36:30.000151,298.18,298.24,0
2020-01-08 09:36:31,N,AAPL,298.18,2.0,298.24,3.0,0.0,2.0,2020-01-08 09:36:31.013173,298.22,298.24,0
2020-01-08 09:36:32,N,AAPL,298.22,1.0,298.24,1.0,-2.0,0.0,2020-01-08 09:36:32.512460,298.26,298.31,1
2020-01-08 09:36:34,N,AAPL,298.26,2.0,298.31,1.0,0.0,-1.0,2020-01-08 09:36:34.078871,298.26,298.33,0
2020-01-08 09:36:35,N,AAPL,298.26,2.0,298.33,2.0,1.0,0.0,2020-01-08 09:36:35.614151,298.26,298.31,0
2020-01-08 09:36:38,N,AAPL,298.26,3.0,298.31,4.0,1.0,3.0,2020-01-08 09:36:38.576832,298.26,298.32,0
2020-01-08 09:36:39,N,AAPL,298.26,4.0,298.32,1.0,1.0,-3.0,2020-01-08 09:36:39.159298,298.18,298.24,-1
2020-01-08 09:36:40,N,AAPL,298.18,3.0,298.24,1.0,2.0,-1.0,2020-01-08 09:36:40.463199,298.18,298.24,0
2020-01-08 09:36:41,N,AAPL,298.18,3.0,298.24,1.0,0.0,0.0,2020-01-08 09:36:41.172960,298.19,298.24,0
2020-01-08 09:36:42,N,AAPL,298.19,2.0,298.24,2.0,-1.0,1.0,2020-01-08 09:36:42.246819,298.18,298.19,0
2020-01-08 09:36:43,N,AAPL,298.18,3.0,298.19,4.0,1.0,2.0,2020-01-08 09:36:43.344319,298.22,298.27,1
2020-01-08 09:36:44,N,AAPL,298.22,2.0,298.27,2.0,0.0,1.0,2020-01-08 09:36:44.032981,298.22,298.25,0
2020-01-08 09:36:45,N,AAPL,298.22,1.0,298.25,4.0,-1.0,3.0,2020-01-08 09:36:45.288596,298.27,298.29,1
2020-01-08 09:36:46,N,AAPL,298.27,1.0,298.29,2.0,-1.0,-1.0,2020-01-08 09:36:46.939410,298.27,298.31,0
2020-01-08 09:36:47,N,AAPL,298.27,1.0,298.31,4.0,0.0,3.0,2020-01-08 09:36:47.346929,298.22,298.26,-1
2020-01-08 09:36:48,N,AAPL,298.22,1.0,298.26,1.0,-1.0,0.0,2020-01-08 09:36:48.919626,298.17,298.27,0
2020-01-08 09:36:49,N,AAPL,298.17,2.0,298.27,4.0,1.0,3.0,2020-01-08 09:36:49.603456,298.17,298.22,0
2020-01-08 09:36:50,N,AAPL,298.17,3.0,298.22,2.0,1.0,1.0,2020-01-08 09:36:50.726101,298.15,298.18,0
2020-01-08 09:36:52,N,AAPL,298.15,10.0,298.18,4.0,7.0,3.0,2020-01-08 09:36:52.412324,298.08,298.14,-1
2020-01-08 09:36:53,N,AAPL,298.08,1.0,298.14,2.0,0.0,0.0,2020-01-08 09:36:53.325016,298.07,298.11,0
2020-01-08 09:36:55,N,AAPL,298.07,2.0,298.11,3.0,0.0,1.0,2020-01-08 09:36:55.467928,298.05,298.08,0
2020-01-08 09:36:56,N,AAPL,298.05,2.0,298.08,2.0,0.0,0.0,2020-01-08 09:36:56.016201,298.01,298.05,0
2020-01-08 09:36:57,N,AAPL,298.01,1.0,298.05,5.0,-1.0,3.0,2020-01-08 09:36:57.504759,298.01,298.05,0
2020-01-08 09:37:01,N,AAPL,298.01,5.0,298.05,4.0,3.0,2.0,2020-01-08 09:37:01.908632,298.01,298.05,0
2020-01-08 09:37:03,N,AAPL,298.01,6.0,298.05,4.0,2.0,2.0,2020-01-08 09:37:03.518670,298.0,298.02,0
2020-01-08 09:37:04,N,AAPL,298.0,41.0,298.02,4.0,35.0,0.0,2020-01-08 09:37:04.003741,297.91,297.94,-1
2020-01-08 09:37:06,N,AAPL,297.91,2.0,297.94,4.0,1.0,0.0,2020-01-08 09:37:06.739454,297.91,297.94,0
2020-01-08 09:37:07,N,AAPL,297.91,2.0,297.94,2.0,0.0,1.0,2020-01-08 09:37:07.452075,297.91,297.94,0
2020-01-08 09:37:08,N,AAPL,297.91,2.0,297.94,2.0,0.0,0.0,2020-01-08 09:37:08.118134,297.85,297.9,-1
2020-01-08 09:37:09,N,AAPL,297.85,2.0,297.9,3.0,1.0,2.0,2020-01-08 09:37:09.100184,297.95,297.99,1
2020-01-08 09:37:14,N,AAPL,297.95,3.0,297.99,1.0,1.0,0.0,2020-01-08 09:37:14.943174,297.98,298.01,0
2020-01-08 09:37:16,N,AAPL,297.98,2.0,298.01,2.0,-1.0,1.0,2020-01-08 09:37:16.584217,297.99,298.05,0
2020-01-08 09:37:17,N,AAPL,297.99,1.0,298.05,1.0,-1.0,-3.0,2020-01-08 09:37:17.151915,297.98,298.02,0
2020-01-08 09:37:19,N,AAPL,297.98,1.0,298.02,4.0,0.0,2.0,2020-01-08 09:37:19.635117,297.96,298.01,0
2020-01-08 09:37:20,N,AAPL,297.96,5.0,298.01,4.0,4.0,3.0,2020-01-08 09:37:20.031175,297.96,297.96,0
2020-01-08 09:37:21,N,AAPL,297.96,1.0,297.96,4.0,0.0,0.0,2020-01-08 09:37:21.007345,297.86,297.93,-1
2020-01-08 09:37:22,N,AAPL,297.86,4.0,297.93,5.0,0.0,0.0,2020-01-08 09:37:22.857420,297.86,297.91,0
2020-01-08 09:37:23,N,AAPL,297.86,4.0,297.91,4.0,3.0,3.0,2020-01-08 09:37:23.181867,297.91,297.97,0
2020-01-08 09:37:24,N,AAPL,297.91,2.0,297.97,2.0,-1.0,0.0,2020-01-08 09:37:24.277125,297.89,297.94,0
2020-01-08 09:37:25,N,AAPL,297.89,2.0,297.94,4.0,1.0,2.0,2020-01-08 09:37:25.976642,297.89,297.95,0
2020-01-08 09:37:26,N,AAPL,297.89,2.0,297.95,3.0,0.0,1.0,2020-01-08 09:37:26.741867,297.93,297.96,0
2020-01-08 09:37:29,N,AAPL,297.93,2.0,297.96,2.0,0.0,1.0,2020-01-08 09:37:29.296021,297.93,297.97,0
2020-01-08 09:37:30,N,AAPL,297.93,1.0,297.97,3.0,-1.0,2.0,2020-01-08 09:37:30.336619,297.93,297.96,0
2020-01-08 09:37:31,N,AAPL,297.93,1.0,297.96,4.0,0.0,0.0,2020-01-08 09:37:31.043678,297.92,297.97,0
2020-01-08 09:37:32,N,AAPL,297.92,1.0,297.97,2.0,0.0,-2.0,2020-01-08 09:37:32.405839,297.95,297.98,0
2020-01-08 09:37:34,N,AAPL,297.95,2.0,297.98,2.0,1.0,0.0,2020-01-08 09:37:34.143320,297.99,298.04,1
2020-01-08 09:37:35,N,AAPL,297.99,2.0,298.04,3.0,-2.0,1.0,2020-01-08 09:37:35.031857,298.02,298.07,0
2020-01-08 09:37:36,N,AAPL,298.02,4.0,298.07,1.0,3.0,0.0,2020-01-08 09:37:36.104461,298.07,298.15,0
2020-01-08 09:37:37,N,AAPL,298.07,2.0,298.15,12.0,1.0,11.0,2020-01-08 09:37:37.186174,298.1,298.13,0
2020-01-08 09:37:38,N,AAPL,298.1,1.0,298.13,2.0,-2.0,-2.0,2020-01-08 09:37:38.096071,298.13,298.16,0
2020-01-08 09:37:39,N,AAPL,298.13,1.0,298.16,1.0,0.0,0.0,2020-01-08 09:37:39.721791,298.1,298.16,0
2020-01-08 09:37:40,N,AAPL,298.1,1.0,298.16,1.0,0.0,0.0,2020-01-08 09:37:40.132219,298.07,298.1,0
2020-01-08 09:37:41,N,AAPL,298.07,2.0,298.1,4.0,-1.0,3.0,2020-01-08 09:37:41.357411,298.0,298.06,-1
2020-01-08 09:37:42,N,AAPL,298.0,5.0,298.06,2.0,4.0,-1.0,2020-01-08 09:37:42.129785,298.05,298.07,0
2020-01-08 09:37:43,N,AAPL,298.05,39.0,298.07,2.0,34.0,1.0,2020-01-08 09:37:43.609375,298.07,298.12,0
2020-01-08 09:37:44,N,AAPL,298.07,2.0,298.12,2.0,-37.0,0.0,2020-01-08 09:37:44.861040,298.1,298.14,0
2020-01-08 09:37:45,N,AAPL,298.1,2.0,298.14,1.0,-19.0,-1.0,2020-01-08 09:37:45.008265,298.06,298.13,0
2020-01-08 09:37:46,N,AAPL,298.06,3.0,298.13,4.0,0.0,-1.0,2020-01-08 09:37:46.493132,298.09,298.16,0
2020-01-08 09:37:47,N,AAPL,298.09,2.0,298.16,3.0,0.0,1.0,2020-01-08 09:37:47.004607,298.12,298.15,0
2020-01-08 09:37:48,N,AAPL,298.12,1.0,298.15,2.0,0.0,-2.0,2020-01-08 09:37:48.695354,298.18,298.2,1
2020-01-08 09:37:50,N,AAPL,298.18,2.0,298.2,3.0,-2.0,2.0,2020-01-08 09:37:50.400277,298.2,298.23,0
2020-01-08 09:37:51,N,AAPL,298.2,3.0,298.23,5.0,2.0,4.0,2020-01-08 09:37:51.636310,298.23,298.26,0
2020-01-08 09:37:52,N,AAPL,298.23,1.0,298.26,2.0,-2.0,-3.0,2020-01-08 09:37:52.425677,298.23,298.3,0
2020-01-08 09:37:53,N,AAPL,298.23,16.0,298.3,4.0,15.0,3.0,2020-01-08 09:37:53.994609,298.23,298.3,0
2020-01-08 09:37:54,N,AAPL,298.23,16.0,298.3,1.0,0.0,-3.0,2020-01-08 09:37:54.314430,298.28,298.31,0
2020-01-08 09:37:55,N,AAPL,298.28,1.0,298.31,1.0,-1.0,0.0,2020-01-08 09:37:55.953350,298.3,298.35,0
2020-01-08 09:37:56,N,AAPL,298.3,2.0,298.35,3.0,1.0,1.0,2020-01-08 09:37:56.143969,298.31,298.34,0
2020-01-08 09:37:57,N,AAPL,298.31,1.0,298.34,2.0,0.0,-1.0,2020-01-08 09:37:57.054027,298.33,298.37,0
2020-01-08 09:37:58,N,AAPL,298.33,1.0,298.37,1.0,0.0,-1.0,2020-01-08 09:37:58.169568,298.31,298.33,0
2020-01-08 09:37:59,N,AAPL,298.31,2.0,298.33,4.0,-2.0,2.0,2020-01-08 09:37:59.430363,298.29,298.36,0
2020-01-08 09:38:00,N,AAPL,298.29,4.0,298.36,2.0,2.0,-1.0,2020-01-08 09:38:00.922943,298.31,298.36,0
2020-01-08 09:38:01,N,AAPL,298.31,4.0,298.36,2.0,2.0,0.0,2020-01-08 09:38:01.015581,298.34,298.37,0
2020-01-08 09:38:02,N,AAPL,298.34,4.0,298.37,1.0,-1.0,0.0,2020-01-08 09:38:02.446357,298.36,298.39,0
2020-01-08 09:38:03,N,AAPL,298.36,4.0,298.39,1.0,1.0,-1.0,2020-01-08 09:38:03.780920,298.35,298.39,0
2020-01-08 09:38:04,N,AAPL,298.35,3.0,298.39,1.0,1.0,0.0,2020-01-08 09:38:04.023718,298.42,298.43,1
2020-01-08 09:38:05,N,AAPL,298.42,1.0,298.43,1.0,-1.0,-1.0,2020-01-08 09:38:05.181054,298.42,298.47,0
2020-01-08 09:38:06,N,AAPL,298.42,3.0,298.47,2.0,2.0,1.0,2020-01-08 09:38:06.416887,298.47,298.5,0
2020-01-08 09:38:07,N,AAPL,298.47,1.0,298.5,22.0,0.0,0.0,2020-01-08 09:38:07.536567,298.49,298.54,0
2020-01-08 09:38:08,N,AAPL,298.49,1.0,298.54,2.0,-1.0,1.0,2020-01-08 09:38:08.086493,298.51,298.56,0
2020-01-08 09:38:09,N,AAPL,298.51,4.0,298.56,2.0,1.0,0.0,2020-01-08 09:38:09.037086,298.57,298.62,1
2020-01-08 09:38:10,N,AAPL,298.57,3.0,298.62,2.0,2.0,-2.0,2020-01-08 09:38:10.336055,298.54,298.57,0
2020-01-08 09:38:11,N,AAPL,298.54,1.0,298.57,2.0,-1.0,0.0,2020-01-08 09:38:11.130336,298.46,298.5,-1
2020-01-08 09:38:12,N,AAPL,298.46,1.0,298.5,1.0,-1.0,0.0,2020-01-08 09:38:12.140559,298.47,298.5,0
2020-01-08 09:38:13,N,AAPL,298.47,4.0,298.5,1.0,3.0,0.0,2020-01-08 09:38:13.379497,298.47,298.51,0
2020-01-08 09:38:14,N,AAPL,298.47,2.0,298.51,4.0,1.0,2.0,2020-01-08 09:38:14.009608,298.51,298.56,0
2020-01-08 09:38:15,N,AAPL,298.51,1.0,298.56,1.0,0.0,-1.0,2020-01-08 09:38:15.365273,298.53,298.56,0
2020-01-08 09:38:16,N,AAPL,298.53,1.0,298.56,1.0,0.0,0.0,2020-01-08 09:38:16.046096,298.53,298.57,0
2020-01-08 09:38:17,N,AAPL,298.53,1.0,298.57,2.0,0.0,-3.0,2020-01-08 09:38:17.052047,298.55,298.59,0
2020-01-08 09:38:18,N,AAPL,298.55,1.0,298.59,1.0,-1.0,0.0,2020-01-08 09:38:18.150706,298.56,298.6,0
2020-01-08 09:38:19,N,AAPL,298.56,1.0,298.6,1.0,0.0,-3.0,2020-01-08 09:38:19.255558,298.51,298.55,-1
2020-01-08 09:38:20,N,AAPL,298.51,1.0,298.55,3.0,0.0,1.0,2020-01-08 09:38:20.025799,298.54,298.59,0
2020-01-08 09:38:21,N,AAPL,298.54,2.0,298.59,2.0,1.0,-2.0,2020-01-08 09:38:21.043880,298.63,298.67,1
2020-01-08 09:38:22,N,AAPL,298.63,1.0,298.67,1.0,0.0,-1.0,2020-01-08 09:38:22.049038,298.66,298.69,0
2020-01-08 09:38:23,N,AAPL,298.66,4.0,298.69,1.0,3.0,0.0,2020-01-08 09:38:23.289077,298.69,298.72,0
2020-01-08 09:38:25,N,AAPL,298.69,4.0,298.72,4.0,2.0,3.0,2020-01-08 09:38:25.059192,298.69,298.72,0
2020-01-08 09:38:26,N,AAPL,298.69,1.0,298.72,2.0,-1.0,1.0,2020-01-08 09:38:26.109740,298.67,298.69,0
2020-01-08 09:38:27,N,AAPL,298.67,2.0,298.69,2.0,0.0,1.0,2020-01-08 09:38:27.879489,298.66,298.7,0
2020-01-08 09:38:28,N,AAPL,298.66,1.0,298.7,11.0,-2.0,0.0,2020-01-08 09:38:28.001318,298.64,298.67,0
2020-01-08 09:38:30,N,AAPL,298.64,2.0,298.67,4.0,0.0,-6.0,2020-01-08 09:38:30.035001,298.65,298.68,0
2020-01-08 09:38:31,N,AAPL,298.65,4.0,298.68,3.0,3.0,1.0,2020-01-08 09:38:31.771542,298.65,298.69,0
2020-01-08 09:38:33,N,AAPL,298.65,1.0,298.69,2.0,-4.0,-1.0,2020-01-08 09:38:33.220173,298.65,298.7,0
2020-01-08 09:38:34,N,AAPL,298.65,1.0,298.7,2.0,0.0,0.0,2020-01-08 09:38:34.380316,298.62,298.67,0
2020-01-08 09:38:35,N,AAPL,298.62,1.0,298.67,1.0,-3.0,0.0,2020-01-08 09:38:35.018791,298.62,298.66,0
2020-01-08 09:38:36,N,AAPL,298.62,3.0,298.66,2.0,2.0,1.0,2020-01-08 09:38:36.120561,298.62,298.65,0
2020-01-08 09:38:37,N,AAPL,298.62,1.0,298.65,2.0,0.0,0.0,2020-01-08 09:38:37.330499,298.62,298.66,0
2020-01-08 09:38:38,N,AAPL,298.62,2.0,298.66,1.0,0.0,0.0,2020-01-08 09:38:38.144715,298.61,298.64,0
2020-01-08 09:38:39,N,AAPL,298.61,2.0,298.64,4.0,0.0,3.0,2020-01-08 09:38:39.568229,298.61,298.65,0
2020-01-08 09:38:40,N,AAPL,298.61,2.0,298.65,3.0,0.0,0.0,2020-01-08 09:38:40.472316,298.61,298.64,0
2020-01-08 09:38:43,N,AAPL,298.61,2.0,298.64,4.0,0.0,1.0,2020-01-08 09:38:43.064530,298.61,298.64,0
2020-01-08 09:38:44,N,AAPL,298.61,1.0,298.64,4.0,-1.0,3.0,2020-01-08 09:38:44.118003,298.6,298.63,0
2020-01-08 09:38:46,N,AAPL,298.6,2.0,298.63,2.0,0.0,0.0,2020-01-08 09:38:46.130941,298.52,298.56,-1
2020-01-08 09:38:47,N,AAPL,298.52,3.0,298.56,4.0,2.0,2.0,2020-01-08 09:38:47.704952,298.48,298.51,-1
2020-01-08 09:38:48,N,AAPL,298.48,1.0,298.51,2.0,0.0,0.0,2020-01-08 09:38:48.188781,298.43,298.47,-1
2020-01-08 09:38:49,N,AAPL,298.43,1.0,298.47,4.0,0.0,1.0,2020-01-08 09:38:49.200198,298.42,298.45,0
2020-01-08 09:38:50,N,AAPL,298.42,1.0,298.45,1.0,0.0,-2.0,2020-01-08 09:38:50.523698,298.39,298.41,-1
2020-01-08 09:38:51,N,AAPL,298.39,2.0,298.41,1.0,1.0,0.0,2020-01-08 09:38:51.192944,298.35,298.39,0
2020-01-08 09:38:52,N,AAPL,298.35,2.0,298.39,1.0,-1.0,0.0,2020-01-08 09:38:52.017447,298.37,298.4,0
2020-01-08 09:38:53,N,AAPL,298.37,2.0,298.4,1.0,0.0,0.0,2020-01-08 09:38:53.691084,298.39,298.44,0
2020-01-08 09:38:54,N,AAPL,298.39,2.0,298.44,2.0,0.0,1.0,2020-01-08 09:38:54.291554,298.41,298.43,0
2020-01-08 09:38:55,N,AAPL,298.41,1.0,298.43,1.0,-1.0,0.0,2020-01-08 09:38:55.149068,298.39,298.42,0
2020-01-08 09:38:56,N,AAPL,298.39,3.0,298.42,4.0,2.0,3.0,2020-01-08 09:38:56.319721,298.42,298.43,0
2020-01-08 09:38:59,N,AAPL,298.42,4.0,298.43,2.0,1.0,0.0,2020-01-08 09:38:59.748643,298.47,298.51,1
2020-01-08 09:39:00,N,AAPL,298.47,2.0,298.51,1.0,0.0,-1.0,2020-01-08 09:39:00.441692,298.45,298.49,0
2020-01-08 09:39:01,N,AAPL,298.45,2.0,298.49,6.0,0.0,5.0,2020-01-08 09:39:01.225569,298.44,298.49,0
2020-01-08 09:39:02,N,AAPL,298.44,1.0,298.49,3.0,-4.0,1.0,2020-01-08 09:39:02.018983,298.42,298.43,-1
2020-01-08 09:39:03,N,AAPL,298.42,2.0,298.43,1.0,-1.0,-2.0,2020-01-08 09:39:03.173706,298.37,298.44,0
2020-01-08 09:39:05,N,AAPL,298.37,2.0,298.44,2.0,1.0,0.0,2020-01-08 09:39:05.018167,298.33,298.36,-1
2020-01-08 09:39:06,N,AAPL,298.33,1.0,298.36,1.0,0.0,-1.0,2020-01-08 09:39:06.324419,298.31,298.36,0
2020-01-08 09:39:07,N,AAPL,298.31,3.0,298.36,2.0,2.0,0.0,2020-01-08 09:39:07.565358,298.31,298.35,0
2020-01-08 09:39:08,N,AAPL,298.31,2.0,298.35,1.0,0.0,0.0,2020-01-08 09:39:08.001342,298.31,298.37,0
2020-01-08 09:39:09,N,AAPL,298.31,2.0,298.37,1.0,-1.0,0.0,2020-01-08 09:39:09.005385,298.3,298.34,0
2020-01-08 09:39:10,N,AAPL,298.3,1.0,298.34,1.0,0.0,0.0,2020-01-08 09:39:10.096412,298.3,298.34,0
2020-01-08 09:39:11,N,AAPL,298.3,1.0,298.34,1.0,-1.0,-1.0,2020-01-08 09:39:11.073980,298.31,298.35,0
2020-01-08 09:39:12,N,AAPL,298.31,2.0,298.35,1.0,1.0,0.0,2020-01-08 09:39:12.521082,298.28,298.31,0
2020-01-08 09:39:15,N,AAPL,298.28,2.0,298.31,6.0,0.0,4.0,2020-01-08 09:39:15.114345,298.23,298.27,-1
2020-01-08 09:39:16,N,AAPL,298.23,2.0,298.27,1.0,1.0,0.0,2020-01-08 09:39:16.002424,298.25,298.29,0
2020-01-08 09:39:17,N,AAPL,298.25,1.0,298.29,1.0,-2.0,-1.0,2020-01-08 09:39:17.400447,298.26,298.31,0
2020-01-08 09:39:18,N,AAPL,298.26,2.0,298.31,1.0,1.0,0.0,2020-01-08 09:39:18.095642,298.3,298.33,0
2020-01-08 09:39:19,N,AAPL,298.3,2.0,298.33,2.0,0.0,1.0,2020-01-08 09:39:19.249426,298.27,298.32,0
2020-01-08 09:39:20,N,AAPL,298.27,1.0,298.32,2.0,-1.0,0.0,2020-01-08 09:39:20.005400,298.26,298.3,0
2020-01-08 09:39:21,N,AAPL,298.26,3.0,298.3,1.0,2.0,-1.0,2020-01-08 09:39:21.260600,298.27,298.33,0
2020-01-08 09:39:22,N,AAPL,298.27,2.0,298.33,1.0,0.0,-1.0,2020-01-08 09:39:22.051832,298.3,298.32,0
2020-01-08 09:39:23,N,AAPL,298.3,2.0,298.32,4.0,-3.0,3.0,2020-01-08 09:39:23.027251,298.32,298.37,0
2020-01-08 09:39:24,N,AAPL,298.32,2.0,298.37,2.0,0.0,0.0,2020-01-08 09:39:24.560691,298.3,298.32,0
2020-01-08 09:39:25,N,AAPL,298.3,1.0,298.32,2.0,-1.0,1.0,2020-01-08 09:39:25.255006,298.31,298.34,0
2020-01-08 09:39:26,N,AAPL,298.31,8.0,298.34,2.0,1.0,-2.0,2020-01-08 09:39:26.536847,298.34,298.39,0
2020-01-08 09:39:27,N,AAPL,298.34,7.0,298.39,1.0,0.0,-1.0,2020-01-08 09:39:27.067340,298.34,298.38,0
2020-01-08 09:39:28,N,AAPL,298.34,7.0,298.38,2.0,0.0,1.0,2020-01-08 09:39:28.061259,298.38,298.43,0
2020-01-08 09:39:29,N,AAPL,298.38,7.0,298.43,2.0,2.0,0.0,2020-01-08 09:39:29.027008,298.43,298.47,0
2020-01-08 09:39:30,N,AAPL,298.43,7.0,298.47,2.0,0.0,1.0,2020-01-08 09:39:30.885914,298.44,298.47,0
2020-01-08 09:39:31,N,AAPL,298.44,2.0,298.47,1.0,-5.0,-1.0,2020-01-08 09:39:31.651845,298.4,298.45,0
2020-01-08 09:39:33,N,AAPL,298.4,2.0,298.45,1.0,1.0,0.0,2020-01-08 09:39:33.321181,298.45,298.49,0
2020-01-08 09:39:34,N,AAPL,298.45,1.0,298.49,1.0,-2.0,-1.0,2020-01-08 09:39:34.370336,298.43,298.44,-1
2020-01-08 09:39:35,N,AAPL,298.43,1.0,298.44,4.0,0.0,2.0,2020-01-08 09:39:35.700507,298.44,298.48,0
2020-01-08 09:39:36,N,AAPL,298.44,2.0,298.48,2.0,1.0,0.0,2020-01-08 09:39:36.282127,298.43,298.44,0
2020-01-08 09:39:37,N,AAPL,298.43,1.0,298.44,4.0,-1.0,2.0,2020-01-08 09:39:37.244495,298.45,298.49,1
2020-01-08 09:39:38,N,AAPL,298.45,4.0,298.49,4.0,3.0,0.0,2020-01-08 09:39:38.786494,298.41,298.44,-1
2020-01-08 09:39:39,N,AAPL,298.41,1.0,298.44,4.0,0.0,3.0,2020-01-08 09:39:39.250306,298.42,298.46,0
2020-01-08 09:39:40,N,AAPL,298.42,2.0,298.46,3.0,0.0,2.0,2020-01-08 09:39:40.022311,298.41,298.45,0
2020-01-08 09:39:41,N,AAPL,298.41,1.0,298.45,2.0,-1.0,1.0,2020-01-08 09:39:41.761837,298.41,298.45,0
2020-01-08 09:39:42,N,AAPL,298.41,1.0,298.45,2.0,0.0,0.0,2020-01-08 09:39:42.364574,298.32,298.36,-1
2020-01-08 09:39:43,N,AAPL,298.32,11.0,298.36,1.0,6.0,0.0,2020-01-08 09:39:43.177264,298.28,298.33,0
2020-01-08 09:39:44,N,AAPL,298.28,1.0,298.33,2.0,0.0,0.0,2020-01-08 09:39:44.124602,298.28,298.34,0
2020-01-08 09:39:45,N,AAPL,298.28,1.0,298.34,3.0,-1.0,2.0,2020-01-08 09:39:45.582177,298.29,298.33,0
2020-01-08 09:39:46,N,AAPL,298.29,3.0,298.33,1.0,1.0,-1.0,2020-01-08 09:39:46.018605,298.25,298.28,-1
2020-01-08 09:39:47,N,AAPL,298.25,1.0,298.28,1.0,-1.0,-1.0,2020-01-08 09:39:47.207316,298.23,298.25,0
2020-01-08 09:39:48,N,AAPL,298.23,1.0,298.25,1.0,-1.0,-1.0,2020-01-08 09:39:48.014353,298.23,298.26,0
2020-01-08 09:39:49,N,AAPL,298.23,2.0,298.26,1.0,0.0,0.0,2020-01-08 09:39:49.307454,298.22,298.25,0
2020-01-08 09:39:51,N,AAPL,298.22,1.0,298.25,4.0,-1.0,3.0,2020-01-08 09:39:51.763193,298.2,298.24,0
2020-01-08 09:39:52,N,AAPL,298.2,2.0,298.24,1.0,1.0,-3.0,2020-01-08 09:39:52.298377,298.19,298.22,0
2020-01-08 09:39:53,N,AAPL,298.19,3.0,298.22,2.0,1.0,-8.0,2020-01-08 09:39:53.267092,298.17,298.23,0
2020-01-08 09:39:54,N,AAPL,298.17,2.0,298.23,3.0,0.0,1.0,2020-01-08 09:39:54.776413,298.19,298.22,0
2020-01-08 09:39:55,N,AAPL,298.19,2.0,298.22,1.0,0.0,0.0,2020-01-08 09:39:55.268513,298.16,298.18,-1
2020-01-08 09:39:56,N,AAPL,298.16,2.0,298.18,4.0,1.0,2.0,2020-01-08 09:39:56.869858,298.14,298.16,0
2020-01-08 09:39:57,N,AAPL,298.14,1.0,298.16,3.0,-1.0,-1.0,2020-01-08 09:39:57.315247,298.1,298.14,0
2020-01-08 09:39:58,N,AAPL,298.1,3.0,298.14,4.0,-5.0,0.0,2020-01-08 09:39:58.197115,298.09,298.11,0
2020-01-08 09:39:59,N,AAPL,298.09,2.0,298.11,1.0,-1.0,-2.0,2020-01-08 09:39:59.270190,298.06,298.08,-1
2020-01-08 09:40:00,N,AAPL,298.06,6.0,298.08,4.0,4.0,1.0,2020-01-08 09:40:00.195369,298.01,298.05,-1
2020-01-08 09:40:01,N,AAPL,298.01,2.0,298.05,1.0,1.0,0.0,2020-01-08 09:40:01.091320,298.01,298.07,0
2020-01-08 09:40:02,N,AAPL,298.01,2.0,298.07,1.0,1.0,0.0,2020-01-08 09:40:02.389822,298.05,298.09,0
2020-01-08 09:40:03,N,AAPL,298.05,4.0,298.09,2.0,-1.0,0.0,2020-01-08 09:40:03.029679,298.04,298.1,0
2020-01-08 09:40:04,N,AAPL,298.04,2.0,298.1,1.0,0.0,-1.0,2020-01-08 09:40:04.070327,298.04,298.08,0
2020-01-08 09:40:05,N,AAPL,298.04,1.0,298.08,1.0,-1.0,0.0,2020-01-08 09:40:05.034896,298.04,298.11,0
2020-01-08 09:40:06,N,AAPL,298.04,1.0,298.11,3.0,0.0,2.0,2020-01-08 09:40:06.032534,298.07,298.13,0
2020-01-08 09:40:07,N,AAPL,298.07,1.0,298.13,1.0,-1.0,0.0,2020-01-08 09:40:07.004349,298.04,298.1,0
2020-01-08 09:40:08,N,AAPL,298.04,1.0,298.1,2.0,-1.0,1.0,2020-01-08 09:40:08.497003,298.04,298.09,0
2020-01-08 09:40:09,N,AAPL,298.04,1.0,298.09,4.0,0.0,2.0,2020-01-08 09:40:09.803046,298.03,298.06,0
2020-01-08 09:40:10,N,AAPL,298.03,2.0,298.06,2.0,1.0,1.0,2020-01-08 09:40:10.136246,298.03,298.05,0
2020-01-08 09:40:12,N,AAPL,298.03,4.0,298.05,1.0,3.0,0.0,2020-01-08 09:40:12.343084,297.99,298.01,-1
2020-01-08 09:40:13,N,AAPL,297.99,1.0,298.01,4.0,-12.0,2.0,2020-01-08 09:40:13.000877,297.99,298.02,0
2020-01-08 09:40:14,N,AAPL,297.99,2.0,298.02,1.0,0.0,0.0,2020-01-08 09:40:14.861808,297.98,298.04,0
2020-01-08 09:40:15,N,AAPL,297.98,4.0,298.04,3.0,2.0,2.0,2020-01-08 09:40:15.781244,297.98,297.99,0
2020-01-08 09:40:16,N,AAPL,297.98,1.0,297.99,4.0,-4.0,1.0,2020-01-08 09:40:16.083370,297.97,297.98,0
2020-01-08 09:40:18,N,AAPL,297.97,4.0,297.98,2.0,3.0,0.0,2020-01-08 09:40:18.289626,297.98,297.99,0
2020-01-08 09:40:19,N,AAPL,297.98,1.0,297.99,4.0,-3.0,2.0,2020-01-08 09:40:19.662343,297.98,297.99,0
2020-01-08 09:40:20,N,AAPL,297.98,1.0,297.99,3.0,0.0,2.0,2020-01-08 09:40:20.044668,297.91,297.96,-1
2020-01-08 09:40:21,N,AAPL,297.91,2.0,297.96,1.0,0.0,-2.0,2020-01-08 09:40:21.938467,297.9,297.95,0
2020-01-08 09:40:22,N,AAPL,297.9,9.0,297.95,4.0,7.0,3.0,2020-01-08 09:40:22.297138,297.9,297.91,0
2020-01-08 09:40:23,N,AAPL,297.9,1.0,297.91,4.0,-8.0,3.0,2020-01-08 09:40:23.107036,297.93,297.98,1
2020-01-08 09:40:24,N,AAPL,297.93,3.0,297.98,4.0,1.0,3.0,2020-01-08 09:40:24.044796,297.94,297.98,0
2020-01-08 09:40:25,N,AAPL,297.94,2.0,297.98,3.0,0.0,2.0,2020-01-08 09:40:25.230694,297.94,297.98,0
2020-01-08 09:40:26,N,AAPL,297.94,3.0,297.98,4.0,2.0,0.0,2020-01-08 09:40:26.043303,297.97,298.03,0
2020-01-08 09:40:27,N,AAPL,297.97,4.0,298.03,3.0,3.0,-1.0,2020-01-08 09:40:27.202480,297.99,298.02,0
2020-01-08 09:40:28,N,AAPL,297.99,2.0,298.02,2.0,-2.0,-1.0,2020-01-08 09:40:28.215058,298.06,298.09,1
2020-01-08 09:40:29,N,AAPL,298.06,1.0,298.09,2.0,-1.0,0.0,2020-01-08 09:40:29.263994,298.07,298.1,0
2020-01-08 09:40:31,N,AAPL,298.07,1.0,298.1,4.0,0.0,3.0,2020-01-08 09:40:31.961908,298.07,298.1,0
2020-01-08 09:40:32,N,AAPL,298.07,1.0,298.1,3.0,0.0,-1.0,2020-01-08 09:40:32.054230,298.04,298.06,-1
2020-01-08 09:40:33,N,AAPL,298.04,1.0,298.06,2.0,-1.0,0.0,2020-01-08 09:40:33.822227,298.03,298.05,0
2020-01-08 09:40:34,N,AAPL,298.03,2.0,298.05,4.0,1.0,3.0,2020-01-08 09:40:34.203542,298.04,298.08,0
2020-01-08 09:40:35,N,AAPL,298.04,1.0,298.08,2.0,-1.0,0.0,2020-01-08 09:40:35.919373,298.03,298.08,0
2020-01-08 09:40:37,N,AAPL,298.03,2.0,298.08,3.0,1.0,1.0,2020-01-08 09:40:37.496080,298.03,298.07,0
2020-01-08 09:40:38,N,AAPL,298.03,2.0,298.07,2.0,0.0,-1.0,2020-01-08 09:40:38.621728,298.08,298.09,1
2020-01-08 09:40:39,N,AAPL,298.08,1.0,298.09,1.0,-1.0,-1.0,2020-01-08 09:40:39.290253,298.06,298.1,0
2020-01-08 09:40:40,N,AAPL,298.06,2.0,298.1,2.0,0.0,1.0,2020-01-08 09:40:40.321207,298.08,298.1,0
2020-01-08 09:40:41,N,AAPL,298.08,1.0,298.1,3.0,-1.0,1.0,2020-01-08 09:40:41.072603,298.07,298.09,0
2020-01-08 09:40:43,N,AAPL,298.07,1.0,298.09,1.0,0.0,-1.0,2020-01-08 09:40:43.154061,298.09,298.11,0
2020-01-08 09:40:44,N,AAPL,298.09,2.0,298.11,1.0,1.0,0.0,2020-01-08 09:40:44.346686,298.13,298.14,1
2020-01-08 09:40:45,N,AAPL,298.13,1.0,298.14,2.0,-1.0,0.0,2020-01-08 09:40:45.554198,298.19,298.23,1
2020-01-08 09:40:46,N,AAPL,298.19,3.0,298.23,4.0,1.0,2.0,2020-01-08 09:40:46.404768,298.15,298.19,0
2020-01-08 09:40:47,N,AAPL,298.15,2.0,298.19,1.0,1.0,-1.0,2020-01-08 09:40:47.572595,298.14,298.19,0
2020-01-08 09:40:48,N,AAPL,298.14,1.0,298.19,4.0,0.0,3.0,2020-01-08 09:40:48.294758,298.14,298.19,0
2020-01-08 09:40:49,N,AAPL,298.14,1.0,298.19,2.0,0.0,0.0,2020-01-08 09:40:49.782246,298.08,298.11,-1
2020-01-08 09:40:51,N,AAPL,298.08,1.0,298.11,4.0,0.0,2.0,2020-01-08 09:40:51.554443,298.15,298.19,1
2020-01-08 09:40:52,N,AAPL,298.15,4.0,298.19,3.0,0.0,1.0,2020-01-08 09:40:52.436857,298.15,298.19,0
2020-01-08 09:40:53,N,AAPL,298.15,4.0,298.19,2.0,0.0,-1.0,2020-01-08 09:40:53.373246,298.18,298.2,0
2020-01-08 09:40:54,N,AAPL,298.18,5.0,298.2,2.0,1.0,0.0,2020-01-08 09:40:54.704624,298.26,298.29,1
2020-01-08 09:40:56,N,AAPL,298.26,1.0,298.29,2.0,-1.0,0.0,2020-01-08 09:40:56.529400,298.34,298.38,1
2020-01-08 09:40:59,N,AAPL,298.34,3.0,298.38,1.0,-2.0,0.0,2020-01-08 09:40:59.184777,298.37,298.43,0
2020-01-08 09:41:00,N,AAPL,298.37,4.0,298.43,4.0,1.0,2.0,2020-01-08 09:41:00.035340,298.32,298.35,-1
2020-01-08 09:41:01,N,AAPL,298.32,4.0,298.35,4.0,0.0,2.0,2020-01-08 09:41:01.084508,298.37,298.39,1
2020-01-08 09:41:02,N,AAPL,298.37,1.0,298.39,1.0,-3.0,0.0,2020-01-08 09:41:02.360233,298.39,298.43,0
2020-01-08 09:41:03,N,AAPL,298.39,2.0,298.43,1.0,1.0,-3.0,2020-01-08 09:41:03.002834,298.39,298.44,0
2020-01-08 09:41:04,N,AAPL,298.39,3.0,298.44,1.0,1.0,-1.0,2020-01-08 09:41:04.480091,298.41,298.45,0
2020-01-08 09:41:05,N,AAPL,298.41,2.0,298.45,3.0,0.0,1.0,2020-01-08 09:41:05.051831,298.42,298.46,0
2020-01-08 09:41:06,N,AAPL,298.42,2.0,298.46,2.0,0.0,-2.0,2020-01-08 09:41:06.282020,298.45,298.49,0
2020-01-08 09:41:07,N,AAPL,298.45,1.0,298.49,2.0,0.0,1.0,2020-01-08 09:41:07.090638,298.48,298.52,0
2020-01-08 09:41:08,N,AAPL,298.48,2.0,298.52,1.0,-2.0,-1.0,2020-01-08 09:41:08.171863,298.5,298.54,0
2020-01-08 09:41:09,N,AAPL,298.5,1.0,298.54,1.0,0.0,0.0,2020-01-08 09:41:09.332105,298.53,298.56,0
2020-01-08 09:41:10,N,AAPL,298.53,4.0,298.56,2.0,1.0,1.0,2020-01-08 09:41:10.043193,298.49,298.52,-1
2020-01-08 09:41:11,N,AAPL,298.49,4.0,298.52,4.0,2.0,0.0,2020-01-08 09:41:11.002822,298.5,298.54,0
2020-01-08 09:41:12,N,AAPL,298.5,1.0,298.54,2.0,-1.0,1.0,2020-01-08 09:41:12.008840,298.45,298.5,0
2020-01-08 09:41:13,N,AAPL,298.45,2.0,298.5,2.0,1.0,-1.0,2020-01-08 09:41:13.469966,298.45,298.48,0
2020-01-08 09:41:14,N,AAPL,298.45,2.0,298.48,4.0,0.0,2.0,2020-01-08 09:41:14.989088,298.42,298.46,0
2020-01-08 09:41:15,N,AAPL,298.42,1.0,298.46,3.0,-1.0,1.0,2020-01-08 09:41:15.015273,298.42,298.45,0
2020-01-08 09:41:17,N,AAPL,298.42,2.0,298.45,2.0,-1.0,-2.0,2020-01-08 09:41:17.679695,298.42,298.45,0
2020-01-08 09:41:19,N,AAPL,298.42,2.0,298.45,2.0,0.0,0.0,2020-01-08 09:41:19.037590,298.41,298.42,0
2020-01-08 09:41:20,N,AAPL,298.41,2.0,298.42,2.0,0.0,0.0,2020-01-08 09:41:20.765837,298.31,298.35,-1
2020-01-08 09:41:21,N,AAPL,298.31,2.0,298.35,1.0,1.0,-5.0,2020-01-08 09:41:21.253187,298.31,298.33,0
2020-01-08 09:41:22,N,AAPL,298.31,1.0,298.33,1.0,-1.0,0.0,2020-01-08 09:41:22.215376,298.28,298.32,0
2020-01-08 09:41:23,N,AAPL,298.28,1.0,298.32,1.0,-1.0,-4.0,2020-01-08 09:41:23.057384,298.37,298.41,1
2020-01-08 09:41:25,N,AAPL,298.37,1.0,298.41,4.0,-2.0,3.0,2020-01-08 09:41:25.034046,298.33,298.37,0
2020-01-08 09:41:26,N,AAPL,298.33,1.0,298.37,1.0,-2.0,0.0,2020-01-08 09:41:26.104516,298.25,298.3,-1
2020-01-08 09:41:27,N,AAPL,298.25,2.0,298.3,1.0,1.0,0.0,2020-01-08 09:41:27.152900,298.26,298.31,0
2020-01-08 09:41:29,N,AAPL,298.26,3.0,298.31,2.0,2.0,1.0,2020-01-08 09:41:29.101308,298.3,298.34,0
2020-01-08 09:41:30,N,AAPL,298.3,2.0,298.34,2.0,1.0,0.0,2020-01-08 09:41:30.087322,298.35,298.39,1
2020-01-08 09:41:31,N,AAPL,298.35,5.0,298.39,1.0,2.0,-1.0,2020-01-08 09:41:31.204542,298.34,298.38,0
2020-01-08 09:41:32,N,AAPL,298.34,2.0,298.38,2.0,-1.0,-2.0,2020-01-08 09:41:32.294241,298.37,298.41,0
2020-01-08 09:41:33,N,AAPL,298.37,4.0,298.41,1.0,2.0,-2.0,2020-01-08 09:41:33.031081,298.4,298.43,0
2020-01-08 09:41:34,N,AAPL,298.4,1.0,298.43,2.0,-1.0,-1.0,2020-01-08 09:41:34.115620,298.43,298.48,0
2020-01-08 09:41:35,N,AAPL,298.43,4.0,298.48,2.0,1.0,-1.0,2020-01-08 09:41:35.014746,298.43,298.48,0
2020-01-08 09:41:36,N,AAPL,298.43,2.0,298.48,1.0,1.0,-2.0,2020-01-08 09:41:36.401865,298.43,298.47,0
2020-01-08 09:41:37,N,AAPL,298.43,2.0,298.47,4.0,0.0,3.0,2020-01-08 09:41:37.265238,298.42,298.44,0
2020-01-08 09:41:40,N,AAPL,298.42,2.0,298.44,2.0,0.0,1.0,2020-01-08 09:41:40.227877,298.4,298.4,-1
2020-01-08 09:41:42,N,AAPL,298.4,2.0,298.4,1.0,1.0,0.0,2020-01-08 09:41:42.961057,298.36,298.38,-1
2020-01-08 09:41:43,N,AAPL,298.36,3.0,298.38,3.0,-2.0,2.0,2020-01-08 09:41:43.324238,298.33,298.36,0
2020-01-08 09:41:44,N,AAPL,298.33,4.0,298.36,1.0,2.0,0.0,2020-01-08 09:41:44.843723,298.33,298.38,0
2020-01-08 09:41:45,N,AAPL,298.33,4.0,298.38,4.0,2.0,3.0,2020-01-08 09:41:45.052321,298.35,298.38,0
2020-01-08 09:41:46,N,AAPL,298.35,1.0,298.38,1.0,-1.0,0.0,2020-01-08 09:41:46.379434,298.34,298.37,0
2020-01-08 09:41:49,N,AAPL,298.34,2.0,298.37,2.0,1.0,-2.0,2020-01-08 09:41:49.216697,298.34,298.38,0
2020-01-08 09:41:50,N,AAPL,298.34,4.0,298.38,1.0,3.0,-4.0,2020-01-08 09:41:50.607776,298.36,298.4,0
2020-01-08 09:41:51,N,AAPL,298.36,3.0,298.4,1.0,0.0,-2.0,2020-01-08 09:41:51.095282,298.35,298.39,0
2020-01-08 09:41:52,N,AAPL,298.35,4.0,298.39,1.0,3.0,0.0,2020-01-08 09:41:52.017577,298.4,298.44,1
2020-01-08 09:41:53,N,AAPL,298.4,1.0,298.44,1.0,0.0,-1.0,2020-01-08 09:41:53.110003,298.4,298.44,0
2020-01-08 09:41:54,N,AAPL,298.4,4.0,298.44,2.0,3.0,1.0,2020-01-08 09:41:54.111336,298.4,298.43,0
2020-01-08 09:41:56,N,AAPL,298.4,2.0,298.43,1.0,1.0,-1.0,2020-01-08 09:41:56.547028,298.43,298.45,0
2020-01-08 09:41:58,N,AAPL,298.43,4.0,298.45,1.0,2.0,0.0,2020-01-08 09:41:58.513489,298.42,298.45,0
2020-01-08 09:41:59,N,AAPL,298.42,2.0,298.45,4.0,-2.0,3.0,2020-01-08 09:41:59.119367,298.44,298.45,0
2020-01-08 09:42:00,N,AAPL,298.44,1.0,298.45,4.0,-2.0,1.0,2020-01-08 09:42:00.679223,298.42,298.45,0
2020-01-08 09:42:01,N,AAPL,298.42,2.0,298.45,2.0,1.0,1.0,2020-01-08 09:42:01.736662,298.41,298.45,0
2020-01-08 09:42:02,N,AAPL,298.41,3.0,298.45,2.0,0.0,0.0,2020-01-08 09:42:02.190564,298.39,298.42,0
2020-01-08 09:42:03,N,AAPL,298.39,1.0,298.42,4.0,0.0,3.0,2020-01-08 09:42:03.002942,298.37,298.4,0
2020-01-08 09:42:04,N,AAPL,298.37,1.0,298.4,2.0,0.0,1.0,2020-01-08 09:42:04.253887,298.31,298.36,-1
2020-01-08 09:42:05,N,AAPL,298.31,3.0,298.36,6.0,0.0,2.0,2020-01-08 09:42:05.129888,298.36,298.39,0
2020-01-08 09:42:06,N,AAPL,298.36,1.0,298.39,1.0,-1.0,-1.0,2020-01-08 09:42:06.598194,298.39,298.43,0
2020-01-08 09:42:08,N,AAPL,298.39,3.0,298.43,1.0,1.0,-2.0,2020-01-08 09:42:08.052022,298.41,298.46,0
2020-01-08 09:42:09,N,AAPL,298.41,4.0,298.46,10.0,1.0,9.0,2020-01-08 09:42:09.638276,298.41,298.45,0
2020-01-08 09:42:11,N,AAPL,298.41,4.0,298.45,3.0,0.0,-7.0,2020-01-08 09:42:11.545902,298.41,298.44,0
2020-01-08 09:42:12,N,AAPL,298.41,4.0,298.44,1.0,1.0,-2.0,2020-01-08 09:42:12.379376,298.48,298.49,1
2020-01-08 09:42:13,N,AAPL,298.48,2.0,298.49,4.0,-3.0,3.0,2020-01-08 09:42:13.338734,298.47,298.5,0
2020-01-08 09:42:16,N,AAPL,298.47,2.0,298.5,11.0,0.0,7.0,2020-01-08 09:42:16.970756,298.45,298.48,0
2020-01-08 09:42:17,N,AAPL,298.45,2.0,298.48,1.0,-3.0,-10.0,2020-01-08 09:42:17.364037,298.5,298.53,1
2020-01-08 09:42:18,N,AAPL,298.5,4.0,298.53,2.0,1.0,1.0,2020-01-08 09:42:18.103168,298.52,298.55,0
2020-01-08 09:42:19,N,AAPL,298.52,4.0,298.55,2.0,0.0,0.0,2020-01-08 09:42:19.910862,298.56,298.6,1
2020-01-08 09:42:20,N,AAPL,298.56,4.0,298.6,7.0,3.0,1.0,2020-01-08 09:42:20.613661,298.55,298.6,0
2020-01-08 09:42:21,N,AAPL,298.55,4.0,298.6,8.0,2.0,6.0,2020-01-08 09:42:21.526871,298.51,298.55,0
2020-01-08 09:42:25,N,AAPL,298.51,2.0,298.55,3.0,-1.0,2.0,2020-01-08 09:42:25.039934,298.56,298.59,1
2020-01-08 09:42:26,N,AAPL,298.56,4.0,298.59,2.0,3.0,1.0,2020-01-08 09:42:26.289923,298.55,298.58,0
2020-01-08 09:42:28,N,AAPL,298.55,2.0,298.58,1.0,-2.0,-1.0,2020-01-08 09:42:28.024178,298.57,298.59,0
2020-01-08 09:42:30,N,AAPL,298.57,1.0,298.59,1.0,-1.0,0.0,2020-01-08 09:42:30.740572,298.53,298.56,-1
2020-01-08 09:42:32,N,AAPL,298.53,3.0,298.56,3.0,-1.0,-1.0,2020-01-08 09:42:32.070890,298.52,298.56,0
2020-01-08 09:42:34,N,AAPL,298.52,4.0,298.56,2.0,0.0,1.0,2020-01-08 09:42:34.277122,298.5,298.53,0
2020-01-08 09:42:35,N,AAPL,298.5,2.0,298.53,4.0,1.0,1.0,2020-01-08 09:42:35.173289,298.42,298.46,-1
2020-01-08 09:42:36,N,AAPL,298.42,3.0,298.46,1.0,1.0,-1.0,2020-01-08 09:42:36.026451,298.43,298.45,0
2020-01-08 09:42:37,N,AAPL,298.43,1.0,298.45,1.0,0.0,0.0,2020-01-08 09:42:37.321693,298.42,298.45,0
2020-01-08 09:42:38,N,AAPL,298.42,2.0,298.45,1.0,0.0,0.0,2020-01-08 09:42:38.782937,298.41,298.45,0
2020-01-08 09:42:39,N,AAPL,298.41,2.0,298.45,1.0,-1.0,-1.0,2020-01-08 09:42:39.115472,298.45,298.49,0
2020-01-08 09:42:40,N,AAPL,298.45,3.0,298.49,1.0,0.0,-1.0,2020-01-08 09:42:40.301322,298.49,298.53,0
2020-01-08 09:42:41,N,AAPL,298.49,4.0,298.53,2.0,1.0,0.0,2020-01-08 09:42:41.373816,298.49,298.53,0
2020-01-08 09:42:42,N,AAPL,298.49,2.0,298.53,2.0,-2.0,1.0,2020-01-08 09:42:42.016214,298.49,298.53,0
2020-01-08 09:42:43,N,AAPL,298.49,1.0,298.53,1.0,-1.0,-1.0,2020-01-08 09:42:43.417319,298.49,298.5,0
2020-01-08 09:42:45,N,AAPL,298.49,2.0,298.5,4.0,1.0,3.0,2020-01-08 09:42:45.496239,298.44,298.45,-1
2020-01-08 09:42:46,N,AAPL,298.44,1.0,298.45,4.0,0.0,1.0,2020-01-08 09:42:46.252253,298.39,298.42,-1
2020-01-08 09:42:47,N,AAPL,298.39,1.0,298.42,2.0,-1.0,1.0,2020-01-08 09:42:47.249707,298.37,298.41,0
2020-01-08 09:42:48,N,AAPL,298.37,1.0,298.41,1.0,-1.0,0.0,2020-01-08 09:42:48.093929,298.41,298.44,0
2020-01-08 09:42:49,N,AAPL,298.41,1.0,298.44,2.0,0.0,1.0,2020-01-08 09:42:49.205991,298.42,298.46,0
2020-01-08 09:42:50,N,AAPL,298.42,2.0,298.46,5.0,0.0,4.0,2020-01-08 09:42:50.035889,298.39,298.43,0
2020-01-08 09:42:51,N,AAPL,298.39,1.0,298.43,4.0,-1.0,1.0,2020-01-08 09:42:51.100124,298.39,298.42,0
2020-01-08 09:42:52,N,AAPL,298.39,4.0,298.42,1.0,2.0,-3.0,2020-01-08 09:42:52.103858,298.42,298.45,0
2020-01-08 09:42:53,N,AAPL,298.42,1.0,298.45,4.0,-3.0,3.0,2020-01-08 09:42:53.818615,298.43,298.47,0
2020-01-08 09:42:54,N,AAPL,298.43,3.0,298.47,2.0,2.0,0.0,2020-01-08 09:42:54.052039,298.44,298.48,0
2020-01-08 09:42:55,N,AAPL,298.44,1.0,298.48,1.0,0.0,0.0,2020-01-08 09:42:55.184393,298.43,298.48,0
2020-01-08 09:42:56,N,AAPL,298.43,2.0,298.48,3.0,1.0,1.0,2020-01-08 09:42:56.350506,298.47,298.51,0
2020-01-08 09:42:57,N,AAPL,298.47,3.0,298.51,1.0,2.0,0.0,2020-01-08 09:42:57.445762,298.51,298.54,0
2020-01-08 09:42:59,N,AAPL,298.51,1.0,298.54,2.0,0.0,0.0,2020-01-08 09:42:59.165600,298.5,298.53,0
2020-01-08 09:43:00,N,AAPL,298.5,1.0,298.53,3.0,0.0,2.0,2020-01-08 09:43:00.267337,298.54,298.56,1
2020-01-08 09:43:03,N,AAPL,298.54,1.0,298.56,2.0,0.0,-1.0,2020-01-08 09:43:03.599155,298.53,298.56,0
2020-01-08 09:43:04,N,AAPL,298.53,1.0,298.56,1.0,0.0,-1.0,2020-01-08 09:43:04.492524,298.52,298.53,0
2020-01-08 09:43:05,N,AAPL,298.52,2.0,298.53,3.0,1.0,2.0,2020-01-08 09:43:05.794981,298.5,298.53,0
2020-01-08 09:43:06,N,AAPL,298.5,2.0,298.53,1.0,1.0,0.0,2020-01-08 09:43:06.061848,298.49,298.54,0
2020-01-08 09:43:07,N,AAPL,298.49,2.0,298.54,2.0,0.0,1.0,2020-01-08 09:43:07.500773,298.49,298.52,0
2020-01-08 09:43:08,N,AAPL,298.49,2.0,298.52,4.0,0.0,2.0,2020-01-08 09:43:08.048162,298.42,298.47,-1
2020-01-08 09:43:09,N,AAPL,298.42,3.0,298.47,3.0,2.0,1.0,2020-01-08 09:43:09.914200,298.4,298.43,0
2020-01-08 09:43:10,N,AAPL,298.4,2.0,298.43,1.0,1.0,0.0,2020-01-08 09:43:10.001278,298.44,298.48,1
2020-01-08 09:43:11,N,AAPL,298.44,1.0,298.48,2.0,-1.0,-1.0,2020-01-08 09:43:11.201899,298.4,298.44,0
2020-01-08 09:43:12,N,AAPL,298.4,1.0,298.44,1.0,-1.0,0.0,2020-01-08 09:43:12.276165,298.37,298.4,0
2020-01-08 09:43:13,N,AAPL,298.37,2.0,298.4,1.0,0.0,0.0,2020-01-08 09:43:13.414272,298.39,298.43,0
2020-01-08 09:43:14,N,AAPL,298.39,2.0,298.43,1.0,0.0,0.0,2020-01-08 09:43:14.024873,298.4,298.44,0
2020-01-08 09:43:15,N,AAPL,298.4,2.0,298.44,1.0,1.0,-2.0,2020-01-08 09:43:15.260332,298.42,298.42,0
2020-01-08 09:43:21,N,AAPL,298.42,1.0,298.42,1.0,0.0,-3.0,2020-01-08 09:43:21.684859,298.36,298.39,-1
2020-01-08 09:43:22,N,AAPL,298.36,2.0,298.39,4.0,0.0,3.0,2020-01-08 09:43:22.505270,298.37,298.4,0
2020-01-08 09:43:23,N,AAPL,298.37,2.0,298.4,4.0,1.0,2.0,2020-01-08 09:43:23.309435,298.37,298.4,0
2020-01-08 09:43:27,N,AAPL,298.37,2.0,298.4,2.0,0.0,1.0,2020-01-08 09:43:27.260769,298.37,298.39,0
2020-01-08 09:43:31,N,AAPL,298.37,3.0,298.39,4.0,1.0,2.0,2020-01-08 09:43:31.307900,298.3,298.32,-1
2020-01-08 09:43:32,N,AAPL,298.3,1.0,298.32,4.0,-1.0,3.0,2020-01-08 09:43:32.238607,298.23,298.27,-1
2020-01-08 09:43:33,N,AAPL,298.23,3.0,298.27,1.0,1.0,-1.0,2020-01-08 09:43:33.225319,298.27,298.3,0
2020-01-08 09:43:34,N,AAPL,298.27,1.0,298.3,4.0,0.0,3.0,2020-01-08 09:43:34.090109,298.24,298.28,0
2020-01-08 09:43:35,N,AAPL,298.24,2.0,298.28,2.0,0.0,1.0,2020-01-08 09:43:35.697854,298.2,298.24,0
2020-01-08 09:43:36,N,AAPL,298.2,2.0,298.24,1.0,-2.0,0.0,2020-01-08 09:43:36.113224,298.23,298.28,0
2020-01-08 09:43:37,N,AAPL,298.23,2.0,298.28,1.0,1.0,-1.0,2020-01-08 09:43:37.015215,298.24,298.29,0
2020-01-08 09:43:38,N,AAPL,298.24,2.0,298.29,1.0,0.0,0.0,2020-01-08 09:43:38.081092,298.22,298.25,0
2020-01-08 09:43:39,N,AAPL,298.22,2.0,298.25,1.0,1.0,-2.0,2020-01-08 09:43:39.407691,298.2,298.25,0
2020-01-08 09:43:40,N,AAPL,298.2,2.0,298.25,3.0,0.0,1.0,2020-01-08 09:43:40.388108,298.26,298.28,1
2020-01-08 09:43:42,N,AAPL,298.26,1.0,298.28,1.0,-1.0,-2.0,2020-01-08 09:43:42.012507,298.23,298.27,0
2020-01-08 09:43:43,N,AAPL,298.23,2.0,298.27,4.0,0.0,3.0,2020-01-08 09:43:43.067844,298.24,298.28,0
2020-01-08 09:43:45,N,AAPL,298.24,2.0,298.28,4.0,0.0,3.0,2020-01-08 09:43:45.021177,298.26,298.29,0
2020-01-08 09:43:47,N,AAPL,298.26,1.0,298.29,2.0,-1.0,-1.0,2020-01-08 09:43:47.710692,298.25,298.29,0
2020-01-08 09:43:48,N,AAPL,298.25,4.0,298.29,2.0,3.0,0.0,2020-01-08 09:43:48.521626,298.29,298.32,0
2020-01-08 09:43:51,N,AAPL,298.29,4.0,298.32,3.0,0.0,1.0,2020-01-08 09:43:51.950757,298.3,298.35,0
2020-01-08 09:43:52,N,AAPL,298.3,4.0,298.35,2.0,0.0,-1.0,2020-01-08 09:43:52.071773,298.34,298.37,0
2020-01-08 09:43:54,N,AAPL,298.34,1.0,298.37,3.0,-1.0,0.0,2020-01-08 09:43:54.553597,298.35,298.39,0
2020-01-08 09:43:55,N,AAPL,298.35,4.0,298.39,2.0,3.0,-1.0,2020-01-08 09:43:55.850937,298.37,298.41,0
2020-01-08 09:43:56,N,AAPL,298.37,3.0,298.41,4.0,2.0,3.0,2020-01-08 09:43:56.428358,298.41,298.45,0
2020-01-08 09:43:57,N,AAPL,298.41,4.0,298.45,4.0,3.0,0.0,2020-01-08 09:43:57.657245,298.4,298.44,0
2020-01-08 09:43:58,N,AAPL,298.4,7.0,298.44,1.0,3.0,-3.0,2020-01-08 09:43:58.344085,298.4,298.44,0
2020-01-08 09:43:59,N,AAPL,298.4,7.0,298.44,2.0,1.0,1.0,2020-01-08 09:43:59.065786,298.4,298.41,0
2020-01-08 09:44:00,N,AAPL,298.4,5.0,298.41,4.0,2.0,-1.0,2020-01-08 09:44:00.626838,298.4,298.44,0
2020-01-08 09:44:01,N,AAPL,298.4,4.0,298.44,2.0,1.0,-2.0,2020-01-08 09:44:01.018278,298.41,298.44,0
2020-01-08 09:44:02,N,AAPL,298.41,1.0,298.44,4.0,-1.0,-1.0,2020-01-08 09:44:02.444564,298.44,298.46,0
2020-01-08 09:44:03,N,AAPL,298.44,1.0,298.46,2.0,0.0,1.0,2020-01-08 09:44:03.360630,298.47,298.5,1
2020-01-08 09:44:04,N,AAPL,298.47,4.0,298.5,4.0,3.0,3.0,2020-01-08 09:44:04.065703,298.48,298.5,0
2020-01-08 09:44:05,N,AAPL,298.48,2.0,298.5,1.0,-2.0,-1.0,2020-01-08 09:44:05.789913,298.45,298.49,0
2020-01-08 09:44:06,N,AAPL,298.45,2.0,298.49,2.0,0.0,1.0,2020-01-08 09:44:06.023887,298.48,298.52,0
2020-01-08 09:44:08,N,AAPL,298.48,1.0,298.52,4.0,0.0,2.0,2020-01-08 09:44:08.002918,298.5,298.54,0
2020-01-08 09:44:09,N,AAPL,298.5,1.0,298.54,4.0,0.0,2.0,2020-01-08 09:44:09.132181,298.52,298.55,0
2020-01-08 09:44:10,N,AAPL,298.52,4.0,298.55,1.0,2.0,-2.0,2020-01-08 09:44:10.945555,298.52,298.57,0
2020-01-08 09:44:11,N,AAPL,298.52,2.0,298.57,4.0,1.0,3.0,2020-01-08 09:44:11.009308,298.51,298.54,0
2020-01-08 09:44:12,N,AAPL,298.51,1.0,298.54,2.0,0.0,0.0,2020-01-08 09:44:12.200718,298.54,298.58,0
2020-01-08 09:44:14,N,AAPL,298.54,4.0,298.58,2.0,3.0,-1.0,2020-01-08 09:44:14.710816,298.54,298.56,0
2020-01-08 09:44:15,N,AAPL,298.54,4.0,298.56,1.0,3.0,-2.0,2020-01-08 09:44:15.458015,298.54,298.58,0
2020-01-08 09:44:16,N,AAPL,298.54,4.0,298.58,2.0,1.0,-1.0,2020-01-08 09:44:16.755854,298.55,298.59,0
2020-01-08 09:44:17,N,AAPL,298.55,3.0,298.59,2.0,-1.0,0.0,2020-01-08 09:44:17.053945,298.54,298.57,0
2020-01-08 09:44:18,N,AAPL,298.54,4.0,298.57,1.0,1.0,0.0,2020-01-08 09:44:18.162500,298.52,298.56,0
2020-01-08 09:44:19,N,AAPL,298.52,3.0,298.56,1.0,2.0,-1.0,2020-01-08 09:44:19.080026,298.51,298.55,0
2020-01-08 09:44:20,N,AAPL,298.51,1.0,298.55,2.0,0.0,-4.0,2020-01-08 09:44:20.128335,298.51,298.55,0
2020-01-08 09:44:21,N,AAPL,298.51,2.0,298.55,3.0,1.0,1.0,2020-01-08 09:44:21.529137,298.52,298.55,0
2020-01-08 09:44:23,N,AAPL,298.52,1.0,298.55,2.0,-1.0,0.0,2020-01-08 09:44:23.106551,298.53,298.55,0
2020-01-08 09:44:25,N,AAPL,298.53,4.0,298.55,2.0,2.0,0.0,2020-01-08 09:44:25.832811,298.55,298.58,0
2020-01-08 09:44:26,N,AAPL,298.55,1.0,298.58,2.0,-3.0,1.0,2020-01-08 09:44:26.140011,298.57,298.6,0
2020-01-08 09:44:27,N,AAPL,298.57,2.0,298.6,1.0,1.0,-1.0,2020-01-08 09:44:27.424884,298.58,298.62,0
2020-01-08 09:44:28,N,AAPL,298.58,4.0,298.62,2.0,2.0,1.0,2020-01-08 09:44:28.133348,298.61,298.64,0
2020-01-08 09:44:29,N,AAPL,298.61,4.0,298.64,1.0,3.0,0.0,2020-01-08 09:44:29.272811,298.6,298.63,0
2020-01-08 09:44:30,N,AAPL,298.6,3.0,298.63,1.0,1.0,-2.0,2020-01-08 09:44:30.426346,298.6,298.63,0
2020-01-08 09:44:32,N,AAPL,298.6,4.0,298.63,4.0,1.0,2.0,2020-01-08 09:44:32.133577,298.61,298.63,0
2020-01-08 09:44:34,N,AAPL,298.61,1.0,298.63,1.0,-1.0,-1.0,2020-01-08 09:44:34.880370,298.59,298.61,0
2020-01-08 09:44:36,N,AAPL,298.59,2.0,298.61,4.0,1.0,3.0,2020-01-08 09:44:36.018104,298.6,298.63,0
2020-01-08 09:44:37,N,AAPL,298.6,1.0,298.63,4.0,-2.0,3.0,2020-01-08 09:44:37.281004,298.65,298.69,1
2020-01-08 09:44:38,N,AAPL,298.65,3.0,298.69,2.0,0.0,-2.0,2020-01-08 09:44:38.265263,298.65,298.69,0
2020-01-08 09:44:39,N,AAPL,298.65,1.0,298.69,4.0,0.0,2.0,2020-01-08 09:44:39.160774,298.64,298.67,0
2020-01-08 09:44:40,N,AAPL,298.64,5.0,298.67,2.0,0.0,0.0,2020-01-08 09:44:40.050061,298.65,298.69,0
2020-01-08 09:44:41,N,AAPL,298.65,4.0,298.69,2.0,0.0,0.0,2020-01-08 09:44:41.128945,298.65,298.68,0
2020-01-08 09:44:43,N,AAPL,298.65,2.0,298.68,2.0,-3.0,1.0,2020-01-08 09:44:43.393740,298.65,298.69,0
2020-01-08 09:44:44,N,AAPL,298.65,3.0,298.69,1.0,1.0,-3.0,2020-01-08 09:44:44.319139,298.66,298.69,0
2020-01-08 09:44:45,N,AAPL,298.66,2.0,298.69,4.0,-3.0,3.0,2020-01-08 09:44:45.567456,298.69,298.71,0
2020-01-08 09:44:46,N,AAPL,298.69,2.0,298.71,2.0,0.0,1.0,2020-01-08 09:44:46.680630,298.67,298.71,0
2020-01-08 09:44:47,N,AAPL,298.67,2.0,298.71,2.0,-1.0,-12.0,2020-01-08 09:44:47.539243,298.67,298.71,0
2020-01-08 09:44:48,N,AAPL,298.67,2.0,298.71,3.0,-2.0,1.0,2020-01-08 09:44:48.578586,298.68,298.72,0
2020-01-08 09:44:49,N,AAPL,298.68,1.0,298.72,1.0,-2.0,0.0,2020-01-08 09:44:49.550752,298.68,298.72,0
2020-01-08 09:44:50,N,AAPL,298.68,2.0,298.72,14.0,0.0,-1.0,2020-01-08 09:44:50.159932,298.68,298.71,0
2020-01-08 09:44:52,N,AAPL,298.68,2.0,298.71,4.0,1.0,-10.0,2020-01-08 09:44:52.343879,298.66,298.69,0
2020-01-08 09:44:53,N,AAPL,298.66,4.0,298.69,1.0,1.0,-3.0,2020-01-08 09:44:53.361512,298.67,298.71,0
2020-01-08 09:44:54,N,AAPL,298.67,2.0,298.71,4.0,-2.0,3.0,2020-01-08 09:44:54.048210,298.67,298.71,0
2020-01-08 09:44:55,N,AAPL,298.67,1.0,298.71,3.0,0.0,2.0,2020-01-08 09:44:55.027537,298.67,298.71,0
2020-01-08 09:44:57,N,AAPL,298.67,2.0,298.71,4.0,0.0,3.0,2020-01-08 09:44:57.165882,298.67,298.71,0
2020-01-08 09:44:58,N,AAPL,298.67,2.0,298.71,2.0,1.0,0.0,2020-01-08 09:44:58.552150,298.67,298.71,0
2020-01-08 09:44:59,N,AAPL,298.67,3.0,298.71,2.0,2.0,0.0,2020-01-08 09:44:59.184485,298.68,298.71,0
2020-01-08 09:45:00,N,AAPL,298.68,3.0,298.71,2.0,0.0,1.0,2020-01-08 09:45:00.270703,298.65,298.66,-1
2020-01-08 09:45:02,N,AAPL,298.65,4.0,298.66,1.0,2.0,0.0,2020-01-08 09:45:02.068064,298.61,298.64,-1
2020-01-08 09:45:03,N,AAPL,298.61,2.0,298.64,2.0,0.0,1.0,2020-01-08 09:45:03.014091,298.57,298.62,0
2020-01-08 09:45:04,N,AAPL,298.57,2.0,298.62,2.0,1.0,1.0,2020-01-08 09:45:04.742998,298.59,298.62,0
2020-01-08 09:45:05,N,AAPL,298.59,1.0,298.62,2.0,-1.0,0.0,2020-01-08 09:45:05.803823,298.61,298.64,0
2020-01-08 09:45:06,N,AAPL,298.61,1.0,298.64,1.0,-2.0,0.0,2020-01-08 09:45:06.186002,298.61,298.64,0
2020-01-08 09:45:07,N,AAPL,298.61,2.0,298.64,1.0,0.0,0.0,2020-01-08 09:45:07.204882,298.61,298.63,0
2020-01-08 09:45:08,N,AAPL,298.61,1.0,298.63,4.0,0.0,2.0,2020-01-08 09:45:08.122754,298.59,298.63,0
2020-01-08 09:45:09,N,AAPL,298.59,2.0,298.63,2.0,0.0,0.0,2020-01-08 09:45:09.238724,298.52,298.56,-1
2020-01-08 09:45:10,N,AAPL,298.52,21.0,298.56,4.0,18.0,3.0,2020-01-08 09:45:10.631645,298.53,298.57,0
2020-01-08 09:45:12,N,AAPL,298.53,1.0,298.57,2.0,0.0,0.0,2020-01-08 09:45:12.209049,298.52,298.54,0
2020-01-08 09:45:14,N,AAPL,298.52,18.0,298.54,4.0,17.0,3.0,2020-01-08 09:45:14.436487,298.44,298.48,-1
2020-01-08 09:45:15,N,AAPL,298.44,3.0,298.48,2.0,-1.0,-2.0,2020-01-08 09:45:15.220936,298.45,298.5,0
2020-01-08 09:45:16,N,AAPL,298.45,3.0,298.5,3.0,0.0,0.0,2020-01-08 09:45:16.001419,298.45,298.49,0
2020-01-08 09:45:17,N,AAPL,298.45,3.0,298.49,2.0,0.0,1.0,2020-01-08 09:45:17.345367,298.42,298.45,0
2020-01-08 09:45:18,N,AAPL,298.42,1.0,298.45,2.0,-2.0,0.0,2020-01-08 09:45:18.217502,298.34,298.38,-1
2020-01-08 09:45:19,N,AAPL,298.34,2.0,298.38,3.0,1.0,1.0,2020-01-08 09:45:19.466959,298.32,298.36,0
2020-01-08 09:45:20,N,AAPL,298.32,4.0,298.36,4.0,0.0,1.0,2020-01-08 09:45:20.196742,298.31,298.33,0
2020-01-08 09:45:21,N,AAPL,298.31,5.0,298.33,4.0,1.0,2.0,2020-01-08 09:45:21.048617,298.32,298.35,0
2020-01-08 09:45:23,N,AAPL,298.32,1.0,298.35,1.0,0.0,-3.0,2020-01-08 09:45:23.223642,298.26,298.29,-1
2020-01-08 09:45:24,N,AAPL,298.26,2.0,298.29,1.0,0.0,0.0,2020-01-08 09:45:24.456303,298.3,298.31,1
2020-01-08 09:45:25,N,AAPL,298.3,2.0,298.31,1.0,-1.0,0.0,2020-01-08 09:45:25.377731,298.27,298.29,-1
2020-01-08 09:45:30,N,AAPL,298.27,2.0,298.29,1.0,1.0,-1.0,2020-01-08 09:45:30.148640,298.25,298.29,0
2020-01-08 09:45:31,N,AAPL,298.25,2.0,298.29,1.0,1.0,-3.0,2020-01-08 09:45:31.250954,298.25,298.29,0
2020-01-08 09:45:32,N,AAPL,298.25,2.0,298.29,2.0,0.0,1.0,2020-01-08 09:45:32.852821,298.26,298.29,0
2020-01-08 09:45:33,N,AAPL,298.26,2.0,298.29,2.0,0.0,0.0,2020-01-08 09:45:33.813799,298.26,298.29,0
2020-01-08 09:45:34,N,AAPL,298.26,4.0,298.29,1.0,1.0,0.0,2020-01-08 09:45:34.397488,298.25,298.27,0
2020-01-08 09:45:37,N,AAPL,298.25,3.0,298.27,4.0,1.0,0.0,2020-01-08 09:45:37.272432,298.26,298.29,0
2020-01-08 09:45:44,N,AAPL,298.26,2.0,298.29,2.0,-1.0,-2.0,2020-01-08 09:45:44.676440,298.28,298.32,0
2020-01-08 09:45:45,N,AAPL,298.28,2.0,298.32,1.0,0.0,-1.0,2020-01-08 09:45:45.021806,298.35,298.37,1
2020-01-08 09:45:46,N,AAPL,298.35,2.0,298.37,1.0,0.0,0.0,2020-01-08 09:45:46.403652,298.33,298.37,0
2020-01-08 09:45:47,N,AAPL,298.33,3.0,298.37,1.0,1.0,0.0,2020-01-08 09:45:47.255908,298.37,298.4,0
2020-01-08 09:45:49,N,AAPL,298.37,1.0,298.4,7.0,-3.0,5.0,2020-01-08 09:45:49.025598,298.35,298.38,0
2020-01-08 09:45:50,N,AAPL,298.35,5.0,298.38,2.0,0.0,0.0,2020-01-08 09:45:50.729300,298.38,298.4,0
2020-01-08 09:45:53,N,AAPL,298.38,2.0,298.4,2.0,-3.0,-1.0,2020-01-08 09:45:53.579714,298.33,298.35,-1
2020-01-08 09:45:57,N,AAPL,298.33,2.0,298.35,2.0,0.0,1.0,2020-01-08 09:45:57.131148,298.27,298.29,-1
2020-01-08 09:45:59,N,AAPL,298.27,4.0,298.29,1.0,3.0,-2.0,2020-01-08 09:45:59.457002,298.27,298.3,0
2020-01-08 09:46:00,N,AAPL,298.27,2.0,298.3,2.0,1.0,0.0,2020-01-08 09:46:00.087175,298.33,298.36,1
2020-01-08 09:46:01,N,AAPL,298.33,1.0,298.36,2.0,-1.0,-4.0,2020-01-08 09:46:01.261737,298.32,298.36,0
2020-01-08 09:46:02,N,AAPL,298.32,4.0,298.36,2.0,2.0,1.0,2020-01-08 09:46:02.486781,298.31,298.35,0
2020-01-08 09:46:03,N,AAPL,298.31,2.0,298.35,3.0,-1.0,0.0,2020-01-08 09:46:03.126326,298.31,298.34,0
2020-01-08 09:46:04,N,AAPL,298.31,3.0,298.34,1.0,2.0,-1.0,2020-01-08 09:46:04.582381,298.31,298.34,0
2020-01-08 09:46:05,N,AAPL,298.31,2.0,298.34,1.0,-2.0,-1.0,2020-01-08 09:46:05.852046,298.31,298.33,0
2020-01-08 09:46:06,N,AAPL,298.31,3.0,298.33,4.0,1.0,1.0,2020-01-08 09:46:06.897211,298.29,298.32,0
2020-01-08 09:46:07,N,AAPL,298.29,2.0,298.32,4.0,-1.0,1.0,2020-01-08 09:46:07.702507,298.29,298.32,0
2020-01-08 09:46:08,N,AAPL,298.29,1.0,298.32,4.0,0.0,3.0,2020-01-08 09:46:08.124473,298.22,298.24,-1
2020-01-08 09:46:09,N,AAPL,298.22,4.0,298.24,2.0,3.0,0.0,2020-01-08 09:46:09.455709,298.11,298.14,-1
2020-01-08 09:46:10,N,AAPL,298.11,1.0,298.14,4.0,0.0,2.0,2020-01-08 09:46:10.086776,298.1,298.14,0
2020-01-08 09:46:11,N,AAPL,298.1,4.0,298.14,2.0,2.0,1.0,2020-01-08 09:46:11.110597,298.13,298.17,0
2020-01-08 09:46:12,N,AAPL,298.13,2.0,298.17,5.0,-1.0,4.0,2020-01-08 09:46:12.140074,298.07,298.11,-1
2020-01-08 09:46:13,N,AAPL,298.07,1.0,298.11,2.0,-1.0,-1.0,2020-01-08 09:46:13.098244,298.04,298.08,0
2020-01-08 09:46:14,N,AAPL,298.04,2.0,298.08,1.0,1.0,-1.0,2020-01-08 09:46:14.311236,297.99,298.0,-1
2020-01-08 09:46:15,N,AAPL,297.99,2.0,298.0,3.0,1.0,1.0,2020-01-08 09:46:15.036545,298.02,298.05,1
2020-01-08 09:46:16,N,AAPL,298.02,4.0,298.05,1.0,1.0,0.0,2020-01-08 09:46:16.093641,298.0,298.04,0
2020-01-08 09:46:17,N,AAPL,298.0,4.0,298.04,1.0,2.0,-3.0,2020-01-08 09:46:17.373113,297.98,298.03,0
2020-01-08 09:46:18,N,AAPL,297.98,2.0,298.03,2.0,-2.0,1.0,2020-01-08 09:46:18.216018,297.93,297.96,-1
2020-01-08 09:46:20,N,AAPL,297.93,47.0,297.96,2.0,-5.0,0.0,2020-01-08 09:46:20.236476,297.91,297.92,-1
2020-01-08 09:46:22,N,AAPL,297.91,1.0,297.92,4.0,0.0,3.0,2020-01-08 09:46:22.404690,297.86,297.89,-1
2020-01-08 09:46:23,N,AAPL,297.86,1.0,297.89,5.0,0.0,4.0,2020-01-08 09:46:23.051422,297.93,297.96,1
2020-01-08 09:46:24,N,AAPL,297.93,1.0,297.96,3.0,-1.0,1.0,2020-01-08 09:46:24.050525,297.78,297.8,-1
2020-01-08 09:46:25,N,AAPL,297.78,2.0,297.8,3.0,-2.0,1.0,2020-01-08 09:46:25.641387,297.8,297.85,0
2020-01-08 09:46:28,N,AAPL,297.8,1.0,297.85,1.0,-2.0,-2.0,2020-01-08 09:46:28.008228,297.82,297.85,0
2020-01-08 09:46:29,N,AAPL,297.82,1.0,297.85,2.0,0.0,-2.0,2020-01-08 09:46:29.024254,297.85,297.88,0
2020-01-08 09:46:30,N,AAPL,297.85,1.0,297.88,1.0,0.0,-2.0,2020-01-08 09:46:30.047915,297.81,297.84,-1
2020-01-08 09:46:31,N,AAPL,297.81,2.0,297.84,1.0,1.0,0.0,2020-01-08 09:46:31.638037,297.81,297.86,0
2020-01-08 09:46:32,N,AAPL,297.81,1.0,297.86,1.0,0.0,-1.0,2020-01-08 09:46:32.406804,297.77,297.81,0
2020-01-08 09:46:36,N,AAPL,297.77,3.0,297.81,2.0,2.0,-3.0,2020-01-08 09:46:36.585861,297.77,297.81,0
2020-01-08 09:46:37,N,AAPL,297.77,5.0,297.81,2.0,2.0,0.0,2020-01-08 09:46:37.930917,297.77,297.82,0
2020-01-08 09:46:38,N,AAPL,297.77,5.0,297.82,5.0,0.0,3.0,2020-01-08 09:46:38.610449,297.81,297.83,0
2020-01-08 09:46:39,N,AAPL,297.81,1.0,297.83,3.0,-4.0,-2.0,2020-01-08 09:46:39.268112,297.77,297.8,-1
2020-01-08 09:46:40,N,AAPL,297.77,5.0,297.8,4.0,3.0,3.0,2020-01-08 09:46:40.352144,297.83,297.87,1
2020-01-08 09:46:42,N,AAPL,297.83,1.0,297.87,4.0,-1.0,3.0,2020-01-08 09:46:42.932653,297.83,297.86,0
2020-01-08 09:46:43,N,AAPL,297.83,1.0,297.86,4.0,0.0,1.0,2020-01-08 09:46:43.033249,297.87,297.91,1
2020-01-08 09:46:44,N,AAPL,297.87,2.0,297.91,1.0,0.0,-1.0,2020-01-08 09:46:44.007686,297.9,297.94,0
2020-01-08 09:46:45,N,AAPL,297.9,2.0,297.94,5.0,0.0,3.0,2020-01-08 09:46:45.199832,297.88,297.92,0
2020-01-08 09:46:46,N,AAPL,297.88,2.0,297.92,2.0,1.0,1.0,2020-01-08 09:46:46.026692,297.92,297.96,0
2020-01-08 09:46:49,N,AAPL,297.92,2.0,297.96,3.0,0.0,2.0,2020-01-08 09:46:49.577121,297.93,297.97,0
2020-01-08 09:46:51,N,AAPL,297.93,4.0,297.97,4.0,2.0,1.0,2020-01-08 09:46:51.454281,297.95,297.97,0
2020-01-08 09:46:52,N,AAPL,297.95,2.0,297.97,2.0,-2.0,1.0,2020-01-08 09:46:52.539978,297.88,297.9,-1
2020-01-08 09:46:53,N,AAPL,297.88,2.0,297.9,4.0,-3.0,3.0,2020-01-08 09:46:53.450798,297.9,297.93,0
2020-01-08 09:46:54,N,AAPL,297.9,4.0,297.93,1.0,2.0,0.0,2020-01-08 09:46:54.084665,297.92,297.94,0
2020-01-08 09:46:55,N,AAPL,297.92,6.0,297.94,2.0,1.0,0.0,2020-01-08 09:46:55.496286,297.92,297.95,0
2020-01-08 09:46:56,N,AAPL,297.92,5.0,297.95,2.0,-1.0,1.0,2020-01-08 09:46:56.147029,297.92,297.95,0
2020-01-08 09:46:57,N,AAPL,297.92,5.0,297.95,2.0,0.0,0.0,2020-01-08 09:46:57.228878,297.9,297.94,0
2020-01-08 09:46:58,N,AAPL,297.9,1.0,297.94,2.0,-3.0,0.0,2020-01-08 09:46:58.011390,297.87,297.9,0
2020-01-08 09:46:59,N,AAPL,297.87,2.0,297.9,2.0,1.0,1.0,2020-01-08 09:46:59.572442,297.87,297.9,0
2020-01-08 09:47:00,N,AAPL,297.87,2.0,297.9,4.0,0.0,3.0,2020-01-08 09:47:00.676401,297.89,297.91,0
2020-01-08 09:47:01,N,AAPL,297.89,1.0,297.91,2.0,-1.0,1.0,2020-01-08 09:47:01.022970,297.94,297.96,1
2020-01-08 09:47:02,N,AAPL,297.94,1.0,297.96,1.0,-1.0,0.0,2020-01-08 09:47:02.128449,297.94,297.97,0
2020-01-08 09:47:03,N,AAPL,297.94,4.0,297.97,2.0,3.0,0.0,2020-01-08 09:47:03.086048,297.88,297.92,-1
2020-01-08 09:47:04,N,AAPL,297.88,3.0,297.92,4.0,0.0,2.0,2020-01-08 09:47:04.341489,297.87,297.9,0
2020-01-08 09:47:05,N,AAPL,297.87,8.0,297.9,4.0,6.0,0.0,2020-01-08 09:47:05.652227,297.91,297.94,1
2020-01-08 09:47:09,N,AAPL,297.91,2.0,297.94,2.0,1.0,1.0,2020-01-08 09:47:09.495997,297.94,297.97,0
2020-01-08 09:47:10,N,AAPL,297.94,2.0,297.97,2.0,0.0,-1.0,2020-01-08 09:47:10.194117,297.97,298.0,0
2020-01-08 09:47:13,N,AAPL,297.97,2.0,298.0,3.0,0.0,1.0,2020-01-08 09:47:13.489003,298.01,298.04,1
2020-01-08 09:47:14,N,AAPL,298.01,2.0,298.04,1.0,0.0,-2.0,2020-01-08 09:47:14.487522,298.02,298.06,0
2020-01-08 09:47:15,N,AAPL,298.02,1.0,298.06,4.0,0.0,3.0,2020-01-08 09:47:15.525710,298.04,298.08,0
2020-01-08 09:47:16,N,AAPL,298.04,1.0,298.08,2.0,-1.0,-2.0,2020-01-08 09:47:16.065324,298.06,298.1,0
2020-01-08 09:47:17,N,AAPL,298.06,2.0,298.1,3.0,0.0,2.0,2020-01-08 09:47:17.391692,298.1,298.13,0
2020-01-08 09:47:18,N,AAPL,298.1,1.0,298.13,2.0,-1.0,-1.0,2020-01-08 09:47:18.587255,298.07,298.11,0
2020-01-08 09:47:19,N,AAPL,298.07,1.0,298.11,3.0,0.0,2.0,2020-01-08 09:47:19.586004,298.07,298.12,0
2020-01-08 09:47:20,N,AAPL,298.07,1.0,298.12,1.0,-1.0,0.0,2020-01-08 09:47:20.098649,298.11,298.16,0
2020-01-08 09:47:21,N,AAPL,298.11,1.0,298.16,2.0,0.0,0.0,2020-01-08 09:47:21.154120,298.17,298.21,1
2020-01-08 09:47:22,N,AAPL,298.17,2.0,298.21,2.0,1.0,0.0,2020-01-08 09:47:22.524260,298.19,298.23,0
2020-01-08 09:47:23,N,AAPL,298.19,1.0,298.23,3.0,0.0,2.0,2020-01-08 09:47:23.076493,298.19,298.21,0
2020-01-08 09:47:24,N,AAPL,298.19,2.0,298.21,1.0,1.0,-2.0,2020-01-08 09:47:24.176673,298.17,298.18,-1
2020-01-08 09:47:25,N,AAPL,298.17,2.0,298.18,1.0,0.0,0.0,2020-01-08 09:47:25.956882,298.14,298.17,0
2020-01-08 09:47:26,N,AAPL,298.14,2.0,298.17,2.0,-1.0,-2.0,2020-01-08 09:47:26.355445,298.19,298.2,1
2020-01-08 09:47:27,N,AAPL,298.19,1.0,298.2,1.0,-1.0,0.0,2020-01-08 09:47:27.311150,298.17,298.21,0
2020-01-08 09:47:28,N,AAPL,298.17,1.0,298.21,2.0,0.0,-1.0,2020-01-08 09:47:28.270272,298.17,298.18,0
2020-01-08 09:47:33,N,AAPL,298.17,2.0,298.18,4.0,0.0,3.0,2020-01-08 09:47:33.174720,298.15,298.17,0
2020-01-08 09:47:35,N,AAPL,298.15,1.0,298.17,4.0,-3.0,3.0,2020-01-08 09:47:35.784249,298.1,298.14,-1
2020-01-08 09:47:36,N,AAPL,298.1,3.0,298.14,3.0,2.0,1.0,2020-01-08 09:47:36.236585,298.12,298.15,0
2020-01-08 09:47:38,N,AAPL,298.12,1.0,298.15,1.0,-2.0,-2.0,2020-01-08 09:47:38.902727,298.15,298.16,0
2020-01-08 09:47:40,N,AAPL,298.15,1.0,298.16,2.0,0.0,1.0,2020-01-08 09:47:40.936211,298.17,298.2,1
2020-01-08 09:47:41,N,AAPL,298.17,1.0,298.2,2.0,0.0,0.0,2020-01-08 09:47:41.046234,298.25,298.28,1
2020-01-08 09:47:42,N,AAPL,298.25,1.0,298.28,3.0,0.0,2.0,2020-01-08 09:47:42.941381,298.23,298.26,0
2020-01-08 09:47:44,N,AAPL,298.23,1.0,298.26,4.0,-1.0,0.0,2020-01-08 09:47:44.955917,298.25,298.29,0
2020-01-08 09:47:45,N,AAPL,298.25,1.0,298.29,1.0,-1.0,0.0,2020-01-08 09:47:45.257083,298.22,298.25,0
2020-01-08 09:47:49,N,AAPL,298.22,2.0,298.25,4.0,1.0,3.0,2020-01-08 09:47:49.605515,298.22,298.26,0
2020-01-08 09:47:50,N,AAPL,298.22,2.0,298.26,4.0,0.0,0.0,2020-01-08 09:47:50.919131,298.23,298.27,0
2020-01-08 09:47:52,N,AAPL,298.23,1.0,298.27,4.0,-1.0,0.0,2020-01-08 09:47:52.081530,298.23,298.26,0
2020-01-08 09:47:53,N,AAPL,298.23,1.0,298.26,4.0,-1.0,1.0,2020-01-08 09:47:53.746975,298.27,298.28,1
2020-01-08 09:48:00,N,AAPL,298.27,3.0,298.28,2.0,2.0,1.0,2020-01-08 09:48:00.955787,298.3,298.31,1
2020-01-08 09:48:01,N,AAPL,298.3,3.0,298.31,1.0,0.0,-1.0,2020-01-08 09:48:01.032840,298.3,298.34,0
2020-01-08 09:48:02,N,AAPL,298.3,1.0,298.34,2.0,0.0,-2.0,2020-01-08 09:48:02.004209,298.25,298.28,-1
2020-01-08 09:48:10,N,AAPL,298.25,3.0,298.28,1.0,2.0,-1.0,2020-01-08 09:48:10.093406,298.27,298.31,0
2020-01-08 09:48:13,N,AAPL,298.27,1.0,298.31,2.0,-2.0,1.0,2020-01-08 09:48:13.435228,298.29,298.32,0
2020-01-08 09:48:14,N,AAPL,298.29,1.0,298.32,1.0,0.0,-1.0,2020-01-08 09:48:14.549423,298.28,298.31,0
2020-01-08 09:48:19,N,AAPL,298.28,4.0,298.31,4.0,3.0,3.0,2020-01-08 09:48:19.267427,298.3,298.32,0
2020-01-08 09:48:21,N,AAPL,298.3,1.0,298.32,2.0,-3.0,-1.0,2020-01-08 09:48:21.645008,298.32,298.36,0
2020-01-08 09:48:22,N,AAPL,298.32,2.0,298.36,2.0,1.0,0.0,2020-01-08 09:48:22.567419,298.38,298.42,1
2020-01-08 09:48:23,N,AAPL,298.38,1.0,298.42,1.0,-1.0,-1.0,2020-01-08 09:48:23.463398,298.37,298.41,0
2020-01-08 09:48:24,N,AAPL,298.37,1.0,298.41,1.0,0.0,-4.0,2020-01-08 09:48:24.007208,298.33,298.38,0
2020-01-08 09:48:25,N,AAPL,298.33,6.0,298.38,2.0,4.0,0.0,2020-01-08 09:48:25.199214,298.28,298.31,-1
2020-01-08 09:48:29,N,AAPL,298.28,1.0,298.31,1.0,-5.0,-1.0,2020-01-08 09:48:29.754606,298.28,298.33,0
2020-01-08 09:48:30,N,AAPL,298.28,3.0,298.33,1.0,2.0,0.0,2020-01-08 09:48:30.288389,298.28,298.33,0
2020-01-08 09:48:31,N,AAPL,298.28,3.0,298.33,1.0,1.0,-1.0,2020-01-08 09:48:31.040922,298.26,298.27,-1
2020-01-08 09:48:32,N,AAPL,298.26,4.0,298.27,4.0,0.0,0.0,2020-01-08 09:48:32.507332,298.24,298.25,-1
2020-01-08 09:48:44,N,AAPL,298.24,1.0,298.25,8.0,0.0,7.0,2020-01-08 09:48:44.549428,298.2,298.22,-1
2020-01-08 09:48:45,N,AAPL,298.2,4.0,298.22,4.0,3.0,3.0,2020-01-08 09:48:45.947465,298.23,298.26,1
2020-01-08 09:48:49,N,AAPL,298.23,1.0,298.26,4.0,-8.0,3.0,2020-01-08 09:48:49.369761,298.22,298.25,0
2020-01-08 09:48:50,N,AAPL,298.22,3.0,298.25,2.0,1.0,-6.0,2020-01-08 09:48:50.399506,298.23,298.27,0
2020-01-08 09:48:51,N,AAPL,298.23,1.0,298.27,2.0,-2.0,0.0,2020-01-08 09:48:51.082017,298.22,298.25,0
2020-01-08 09:48:57,N,AAPL,298.22,2.0,298.25,4.0,1.0,3.0,2020-01-08 09:48:57.265378,298.21,298.24,0
2020-01-08 09:48:58,N,AAPL,298.21,1.0,298.24,1.0,0.0,-3.0,2020-01-08 09:48:58.069496,298.21,298.26,0
2020-01-08 09:48:59,N,AAPL,298.21,1.0,298.26,3.0,0.0,1.0,2020-01-08 09:48:59.320642,298.16,298.2,-1
2020-01-08 09:49:01,N,AAPL,298.16,2.0,298.2,4.0,1.0,2.0,2020-01-08 09:49:01.548960,298.19,298.22,0
2020-01-08 09:49:02,N,AAPL,298.19,2.0,298.22,1.0,0.0,-3.0,2020-01-08 09:49:02.013345,298.18,298.22,0
2020-01-08 09:49:03,N,AAPL,298.18,1.0,298.22,1.0,0.0,-2.0,2020-01-08 09:49:03.742072,298.18,298.21,0
2020-01-08 09:49:04,N,AAPL,298.18,1.0,298.21,4.0,0.0,3.0,2020-01-08 09:49:04.139358,298.19,298.22,0
2020-01-08 09:49:05,N,AAPL,298.19,2.0,298.22,2.0,1.0,0.0,2020-01-08 09:49:05.450662,298.19,298.24,0
2020-01-08 09:49:06,N,AAPL,298.19,1.0,298.24,6.0,-1.0,5.0,2020-01-08 09:49:06.553916,298.2,298.23,0
2020-01-08 09:49:10,N,AAPL,298.2,1.0,298.23,4.0,0.0,-2.0,2020-01-08 09:49:10.244916,298.18,298.19,-1
2020-01-08 09:49:11,N,AAPL,298.18,1.0,298.19,1.0,0.0,0.0,2020-01-08 09:49:11.272433,298.23,298.25,1
2020-01-08 09:49:16,N,AAPL,298.23,2.0,298.25,2.0,1.0,-3.0,2020-01-08 09:49:16.294397,298.2,298.24,0
2020-01-08 09:49:17,N,AAPL,298.2,2.0,298.24,3.0,0.0,1.0,2020-01-08 09:49:17.953721,298.18,298.21,0
2020-01-08 09:49:25,N,AAPL,298.18,1.0,298.21,4.0,-1.0,1.0,2020-01-08 09:49:25.119826,298.19,298.22,0
2020-01-08 09:49:27,N,AAPL,298.19,1.0,298.22,3.0,-1.0,0.0,2020-01-08 09:49:27.890245,298.19,298.22,0
2020-01-08 09:49:28,N,AAPL,298.19,1.0,298.22,3.0,0.0,0.0,2020-01-08 09:49:28.409189,298.2,298.23,0
2020-01-08 09:49:29,N,AAPL,298.2,2.0,298.23,2.0,0.0,0.0,2020-01-08 09:49:29.215905,298.2,298.22,0
2020-01-08 09:49:33,N,AAPL,298.2,6.0,298.22,8.0,5.0,6.0,2020-01-08 09:49:33.461290,298.2,298.22,0
2020-01-08 09:49:36,N,AAPL,298.2,6.0,298.22,4.0,0.0,3.0,2020-01-08 09:49:36.113469,298.15,298.16,-1
2020-01-08 09:49:37,N,AAPL,298.15,1.0,298.16,4.0,-1.0,1.0,2020-01-08 09:49:37.218330,298.12,298.15,0
2020-01-08 09:49:39,N,AAPL,298.12,1.0,298.15,2.0,-1.0,-2.0,2020-01-08 09:49:39.153983,298.08,298.11,-1
2020-01-08 09:49:41,N,AAPL,298.08,3.0,298.11,1.0,2.0,-1.0,2020-01-08 09:49:41.638594,298.1,298.13,0
2020-01-08 09:49:42,N,AAPL,298.1,2.0,298.13,2.0,-1.0,1.0,2020-01-08 09:49:42.024156,298.12,298.14,0
2020-01-08 09:49:43,N,AAPL,298.12,2.0,298.14,4.0,0.0,2.0,2020-01-08 09:49:43.097808,298.12,298.15,0
2020-01-08 09:49:44,N,AAPL,298.12,2.0,298.15,4.0,0.0,2.0,2020-01-08 09:49:44.696058,298.13,298.16,0
2020-01-08 09:49:45,N,AAPL,298.13,1.0,298.16,2.0,-1.0,-1.0,2020-01-08 09:49:45.595930,298.15,298.18,0
2020-01-08 09:49:46,N,AAPL,298.15,1.0,298.18,6.0,0.0,4.0,2020-01-08 09:49:46.050360,298.14,298.17,0
2020-01-08 09:49:48,N,AAPL,298.14,3.0,298.17,3.0,1.0,2.0,2020-01-08 09:49:48.894345,298.08,298.12,-1
2020-01-08 09:49:51,N,AAPL,298.08,3.0,298.12,2.0,0.0,0.0,2020-01-08 09:49:51.217518,298.05,298.09,0
2020-01-08 09:49:52,N,AAPL,298.05,1.0,298.09,4.0,0.0,2.0,2020-01-08 09:49:52.420636,298.04,298.06,0
2020-01-08 09:49:55,N,AAPL,298.04,3.0,298.06,2.0,1.0,-2.0,2020-01-08 09:49:55.031663,298.03,298.06,0
2020-01-08 09:49:57,N,AAPL,298.03,2.0,298.06,1.0,1.0,0.0,2020-01-08 09:49:57.083664,298.06,298.07,0
2020-01-08 09:49:59,N,AAPL,298.06,2.0,298.07,2.0,0.0,1.0,2020-01-08 09:49:59.478149,298.09,298.12,1
2020-01-08 09:50:00,N,AAPL,298.09,1.0,298.12,2.0,-1.0,0.0,2020-01-08 09:50:00.214846,298.13,298.16,1
2020-01-08 09:50:03,N,AAPL,298.13,2.0,298.16,4.0,1.0,3.0,2020-01-08 09:50:03.488844,298.09,298.13,0
2020-01-08 09:50:04,N,AAPL,298.09,2.0,298.13,2.0,0.0,1.0,2020-01-08 09:50:04.412461,298.13,298.16,0
2020-01-08 09:50:05,N,AAPL,298.13,1.0,298.16,2.0,-2.0,0.0,2020-01-08 09:50:05.939822,298.14,298.16,0
2020-01-08 09:50:07,N,AAPL,298.14,1.0,298.16,4.0,0.0,3.0,2020-01-08 09:50:07.057150,298.09,298.12,-1
2020-01-08 09:50:09,N,AAPL,298.09,3.0,298.12,4.0,1.0,3.0,2020-01-08 09:50:09.000289,298.12,298.15,0
2020-01-08 09:50:12,N,AAPL,298.12,3.0,298.15,1.0,0.0,0.0,2020-01-08 09:50:12.495618,298.13,298.17,0
2020-01-08 09:50:13,N,AAPL,298.13,2.0,298.17,2.0,-1.0,-1.0,2020-01-08 09:50:13.773208,298.14,298.17,0
2020-01-08 09:50:14,N,AAPL,298.14,1.0,298.17,1.0,-1.0,0.0,2020-01-08 09:50:14.103993,298.14,298.18,0
2020-01-08 09:50:15,N,AAPL,298.14,2.0,298.18,6.0,1.0,5.0,2020-01-08 09:50:15.324811,298.15,298.18,0
2020-01-08 09:50:16,N,AAPL,298.15,4.0,298.18,4.0,2.0,-2.0,2020-01-08 09:50:16.629062,298.15,298.17,0
2020-01-08 09:50:18,N,AAPL,298.15,1.0,298.17,4.0,-1.0,-1.0,2020-01-08 09:50:18.721015,298.15,298.16,0
2020-01-08 09:50:19,N,AAPL,298.15,1.0,298.16,4.0,0.0,0.0,2020-01-08 09:50:19.106771,298.13,298.16,0
2020-01-08 09:50:20,N,AAPL,298.13,4.0,298.16,2.0,3.0,-2.0,2020-01-08 09:50:20.635272,298.13,298.16,0
2020-01-08 09:50:21,N,AAPL,298.13,1.0,298.16,2.0,0.0,0.0,2020-01-08 09:50:21.147280,298.14,298.16,0
2020-01-08 09:50:22,N,AAPL,298.14,1.0,298.16,3.0,0.0,2.0,2020-01-08 09:50:22.224254,298.14,298.17,0
2020-01-08 09:50:23,N,AAPL,298.14,1.0,298.17,2.0,0.0,1.0,2020-01-08 09:50:23.089017,298.15,298.17,0
2020-01-08 09:50:24,N,AAPL,298.15,4.0,298.17,2.0,3.0,0.0,2020-01-08 09:50:24.223911,298.14,298.16,0
2020-01-08 09:50:25,N,AAPL,298.14,2.0,298.16,6.0,0.0,-2.0,2020-01-08 09:50:25.431804,298.14,298.17,0
2020-01-08 09:50:26,N,AAPL,298.14,2.0,298.17,2.0,0.0,1.0,2020-01-08 09:50:26.013228,298.14,298.17,0
2020-01-08 09:50:27,N,AAPL,298.14,2.0,298.17,30.0,1.0,29.0,2020-01-08 09:50:27.077938,298.12,298.14,0
2020-01-08 09:50:28,N,AAPL,298.12,3.0,298.14,3.0,-1.0,-2.0,2020-01-08 09:50:28.118785,298.12,298.15,0
2020-01-08 09:50:29,N,AAPL,298.12,2.0,298.15,2.0,0.0,1.0,2020-01-08 09:50:29.121388,298.13,298.16,0
2020-01-08 09:50:32,N,AAPL,298.13,2.0,298.16,3.0,0.0,2.0,2020-01-08 09:50:32.593456,298.13,298.15,0
2020-01-08 09:50:33,N,AAPL,298.13,2.0,298.15,3.0,0.0,1.0,2020-01-08 09:50:33.881408,298.12,298.13,0
2020-01-08 09:50:34,N,AAPL,298.12,2.0,298.13,3.0,0.0,0.0,2020-01-08 09:50:34.399716,298.11,298.14,0
2020-01-08 09:50:35,N,AAPL,298.11,2.0,298.14,2.0,1.0,1.0,2020-01-08 09:50:35.003003,298.09,298.12,0
2020-01-08 09:50:36,N,AAPL,298.09,2.0,298.12,5.0,0.0,2.0,2020-01-08 09:50:36.290724,298.07,298.09,0
2020-01-08 09:50:37,N,AAPL,298.07,1.0,298.09,1.0,-1.0,-4.0,2020-01-08 09:50:37.134627,298.07,298.09,0
2020-01-08 09:50:38,N,AAPL,298.07,1.0,298.09,2.0,0.0,-1.0,2020-01-08 09:50:38.019879,298.08,298.12,0
2020-01-08 09:50:39,N,AAPL,298.08,3.0,298.12,2.0,2.0,1.0,2020-01-08 09:50:39.656843,298.08,298.12,0
2020-01-08 09:50:40,N,AAPL,298.08,2.0,298.12,1.0,-1.0,0.0,2020-01-08 09:50:40.019473,298.08,298.11,0
2020-01-08 09:50:41,N,AAPL,298.08,2.0,298.11,4.0,1.0,2.0,2020-01-08 09:50:41.048574,298.08,298.11,0
2020-01-08 09:50:42,N,AAPL,298.08,2.0,298.11,4.0,1.0,3.0,2020-01-08 09:50:42.283442,298.09,298.1,0
2020-01-08 09:50:43,N,AAPL,298.09,1.0,298.1,4.0,0.0,3.0,2020-01-08 09:50:43.740873,298.05,298.09,0
2020-01-08 09:50:44,N,AAPL,298.05,1.0,298.09,2.0,-1.0,-3.0,2020-01-08 09:50:44.327882,298.04,298.07,0
2020-01-08 09:50:45,N,AAPL,298.04,1.0,298.07,4.0,0.0,1.0,2020-01-08 09:50:45.105580,298.05,298.08,0
2020-01-08 09:50:46,N,AAPL,298.05,1.0,298.08,2.0,0.0,1.0,2020-01-08 09:50:46.037861,298.05,298.08,0
2020-01-08 09:50:47,N,AAPL,298.05,1.0,298.08,3.0,-1.0,2.0,2020-01-08 09:50:47.214844,298.05,298.08,0
2020-01-08 09:50:48,N,AAPL,298.05,1.0,298.08,3.0,0.0,2.0,2020-01-08 09:50:48.175849,298.07,298.08,0
2020-01-08 09:50:49,N,AAPL,298.07,1.0,298.08,6.0,0.0,5.0,2020-01-08 09:50:49.145152,298.06,298.08,0
2020-01-08 09:50:50,N,AAPL,298.06,4.0,298.08,1.0,2.0,-5.0,2020-01-08 09:50:50.274140,298.09,298.11,1
2020-01-08 09:50:51,N,AAPL,298.09,4.0,298.11,16.0,1.0,15.0,2020-01-08 09:50:51.428739,298.07,298.1,0
2020-01-08 09:50:53,N,AAPL,298.07,3.0,298.1,4.0,2.0,-12.0,2020-01-08 09:50:53.128712,298.08,298.11,0
2020-01-08 09:50:54,N,AAPL,298.08,4.0,298.11,16.0,1.0,0.0,2020-01-08 09:50:54.434476,298.09,298.12,0
2020-01-08 09:50:55,N,AAPL,298.09,4.0,298.12,1.0,1.0,-15.0,2020-01-08 09:50:55.450045,298.11,298.12,0
2020-01-08 09:50:56,N,AAPL,298.11,4.0,298.12,1.0,2.0,0.0,2020-01-08 09:50:56.246987,298.14,298.15,1
2020-01-08 09:50:59,N,AAPL,298.14,4.0,298.15,3.0,2.0,-2.0,2020-01-08 09:50:59.893188,298.16,298.17,1
2020-01-08 09:51:01,N,AAPL,298.16,3.0,298.17,21.0,-1.0,18.0,2020-01-08 09:51:01.210140,298.14,298.16,0
2020-01-08 09:51:07,N,AAPL,298.14,2.0,298.16,7.0,-1.0,-14.0,2020-01-08 09:51:07.746093,298.14,298.16,0
2020-01-08 09:51:08,N,AAPL,298.14,1.0,298.16,3.0,-1.0,0.0,2020-01-08 09:51:08.501050,298.14,298.17,0
2020-01-08 09:51:09,N,AAPL,298.14,1.0,298.17,18.0,-1.0,0.0,2020-01-08 09:51:09.016259,298.17,298.19,0
2020-01-08 09:51:10,N,AAPL,298.17,4.0,298.19,2.0,3.0,-16.0,2020-01-08 09:51:10.561932,298.16,298.18,0
2020-01-08 09:51:12,N,AAPL,298.16,1.0,298.18,4.0,0.0,-1.0,2020-01-08 09:51:12.115278,298.18,298.19,0
2020-01-08 09:51:13,N,AAPL,298.18,8.0,298.19,1.0,7.0,-3.0,2020-01-08 09:51:13.202246,298.16,298.2,0
2020-01-08 09:51:14,N,AAPL,298.16,3.0,298.2,2.0,1.0,-4.0,2020-01-08 09:51:14.463812,298.16,298.18,0
2020-01-08 09:51:15,N,AAPL,298.16,4.0,298.18,4.0,1.0,2.0,2020-01-08 09:51:15.367583,298.14,298.15,-1
2020-01-08 09:51:16,N,AAPL,298.14,9.0,298.15,4.0,7.0,0.0,2020-01-08 09:51:16.001220,298.14,298.17,0
2020-01-08 09:51:17,N,AAPL,298.14,9.0,298.17,1.0,0.0,-2.0,2020-01-08 09:51:17.034867,298.14,298.17,0
2020-01-08 09:51:18,N,AAPL,298.14,9.0,298.17,3.0,0.0,2.0,2020-01-08 09:51:18.352472,298.15,298.18,0
2020-01-08 09:51:20,N,AAPL,298.15,4.0,298.18,1.0,-5.0,-1.0,2020-01-08 09:51:20.193598,298.17,298.19,0
2020-01-08 09:51:21,N,AAPL,298.17,4.0,298.19,4.0,0.0,3.0,2020-01-08 09:51:21.430414,298.17,298.21,0
2020-01-08 09:51:22,N,AAPL,298.17,3.0,298.21,3.0,1.0,2.0,2020-01-08 09:51:22.797008,298.2,298.23,0
2020-01-08 09:51:23,N,AAPL,298.2,2.0,298.23,3.0,0.0,0.0,2020-01-08 09:51:23.001851,298.18,298.2,0
2020-01-08 09:51:24,N,AAPL,298.18,3.0,298.2,2.0,2.0,0.0,2020-01-08 09:51:24.908343,298.18,298.21,0
2020-01-08 09:51:25,N,AAPL,298.18,1.0,298.21,2.0,-3.0,-3.0,2020-01-08 09:51:25.045564,298.17,298.2,0
2020-01-08 09:51:26,N,AAPL,298.17,2.0,298.2,4.0,1.0,3.0,2020-01-08 09:51:26.390454,298.19,298.22,0
2020-01-08 09:51:27,N,AAPL,298.19,1.0,298.22,4.0,-2.0,3.0,2020-01-08 09:51:27.036620,298.19,298.22,0
2020-01-08 09:51:28,N,AAPL,298.19,6.0,298.22,3.0,4.0,1.0,2020-01-08 09:51:28.205644,298.19,298.21,0
2020-01-08 09:51:29,N,AAPL,298.19,1.0,298.21,1.0,0.0,-1.0,2020-01-08 09:51:29.281402,298.16,298.19,0
2020-01-08 09:51:31,N,AAPL,298.16,2.0,298.19,4.0,1.0,3.0,2020-01-08 09:51:31.424317,298.15,298.17,0
2020-01-08 09:51:32,N,AAPL,298.15,3.0,298.17,3.0,0.0,-1.0,2020-01-08 09:51:32.011092,298.13,298.14,-1
2020-01-08 09:51:34,N,AAPL,298.13,8.0,298.14,3.0,5.0,2.0,2020-01-08 09:51:34.504593,298.09,298.11,-1
2020-01-08 09:51:35,N,AAPL,298.09,1.0,298.11,4.0,-1.0,1.0,2020-01-08 09:51:35.577931,298.11,298.13,0
2020-01-08 09:51:36,N,AAPL,298.11,4.0,298.13,2.0,3.0,-1.0,2020-01-08 09:51:36.267694,298.13,298.16,0
2020-01-08 09:51:38,N,AAPL,298.13,4.0,298.16,2.0,0.0,0.0,2020-01-08 09:51:38.350998,298.14,298.17,0
2020-01-08 09:51:40,N,AAPL,298.14,2.0,298.17,2.0,1.0,0.0,2020-01-08 09:51:40.124655,298.16,298.19,0
2020-01-08 09:51:42,N,AAPL,298.16,1.0,298.19,5.0,0.0,0.0,2020-01-08 09:51:42.253308,298.18,298.21,0
2020-01-08 09:51:43,N,AAPL,298.18,1.0,298.21,1.0,-1.0,0.0,2020-01-08 09:51:43.334546,298.16,298.18,0
2020-01-08 09:51:44,N,AAPL,298.16,1.0,298.18,4.0,0.0,2.0,2020-01-08 09:51:44.910210,298.15,298.19,0
2020-01-08 09:51:45,N,AAPL,298.15,2.0,298.19,4.0,0.0,-3.0,2020-01-08 09:51:45.024063,298.11,298.15,0
