last_interval,Exchange,Symbol,Best_Bid_Price,FB0,Best_Offer_Price,FA0,FB2,FA2,p_time,Next_Best_Bid,Next_Best_Offer,outcome
2020-01-16 09:30:00,N,AAPL,313.51,4.0,313.8,1.0,0.0,0.0,2020-01-16 09:30:00.318530,313.62,313.7,0
2020-01-16 09:30:01,N,AAPL,313.62,1.0,313.7,2.0,-3.0,1.0,2020-01-16 09:30:01.211641,313.81,313.94,1
2020-01-16 09:30:04,N,AAPL,313.81,16.0,313.94,1.0,15.0,-1.0,2020-01-16 09:30:04.448392,313.99,314.01,1
2020-01-16 09:30:06,N,AAPL,313.99,1.0,314.01,1.0,-15.0,0.0,2020-01-16 09:30:06.204188,313.97,314.04,0
2020-01-16 09:30:07,N,AAPL,313.97,17.0,314.04,1.0,16.0,0.0,2020-01-16 09:30:07.885942,313.97,314.03,0
2020-01-16 09:30:08,N,AAPL,313.97,8.0,314.03,1.0,-9.0,0.0,2020-01-16 09:30:08.734371,313.97,314.06,0
2020-01-16 09:30:09,N,AAPL,313.97,13.0,314.06,1.0,0.0,0.0,2020-01-16 09:30:09.161811,314.13,314.2,1
2020-01-16 09:30:10,N,AAPL,314.13,1.0,314.2,3.0,-12.0,2.0,2020-01-16 09:30:10.953740,314.13,314.23,0
2020-01-16 09:30:12,N,AAPL,314.13,10.0,314.23,1.0,9.0,-2.0,2020-01-16 09:30:12.637086,313.82,313.87,-1
2020-01-16 09:30:24,N,AAPL,313.82,2.0,313.87,1.0,-8.0,0.0,2020-01-16 09:30:24.254085,313.91,314.0,1
2020-01-16 09:30:26,N,AAPL,313.91,11.0,314.0,1.0,9.0,0.0,2020-01-16 09:30:26.989917,314.02,314.05,1
2020-01-16 09:30:30,N,AAPL,314.02,1.0,314.05,4.0,-10.0,3.0,2020-01-16 09:30:30.274789,314.02,314.08,0
2020-01-16 09:30:31,N,AAPL,314.02,2.0,314.08,6.0,1.0,0.0,2020-01-16 09:30:31.144342,313.97,314.03,0
2020-01-16 09:30:32,N,AAPL,313.97,2.0,314.03,4.0,-7.0,3.0,2020-01-16 09:30:32.409143,314.0,314.06,0
2020-01-16 09:30:33,N,AAPL,314.0,1.0,314.06,6.0,0.0,2.0,2020-01-16 09:30:33.281694,314.0,314.04,0
2020-01-16 09:30:34,N,AAPL,314.0,1.0,314.04,4.0,-3.0,0.0,2020-01-16 09:30:34.153473,314.03,314.08,0
2020-01-16 09:30:35,N,AAPL,314.03,3.0,314.08,7.0,2.0,5.0,2020-01-16 09:30:35.171760,314.02,314.07,0
2020-01-16 09:30:36,N,AAPL,314.02,1.0,314.07,4.0,0.0,0.0,2020-01-16 09:30:36.466380,313.96,314.01,-1
2020-01-16 09:30:37,N,AAPL,313.96,1.0,314.01,4.0,-6.0,2.0,2020-01-16 09:30:37.011255,313.94,313.99,0
2020-01-16 09:30:38,N,AAPL,313.94,3.0,313.99,2.0,-3.0,-2.0,2020-01-16 09:30:38.647750,313.96,314.03,0
2020-01-16 09:30:39,N,AAPL,313.96,4.0,314.03,4.0,3.0,2.0,2020-01-16 09:30:39.088032,313.92,313.97,0
2020-01-16 09:30:40,N,AAPL,313.92,1.0,313.97,4.0,-3.0,-1.0,2020-01-16 09:30:40.207033,313.9,313.98,0
2020-01-16 09:30:41,N,AAPL,313.9,2.0,313.98,4.0,1.0,0.0,2020-01-16 09:30:41.243006,313.88,313.93,0
2020-01-16 09:30:43,N,AAPL,313.88,2.0,313.93,4.0,1.0,1.0,2020-01-16 09:30:43.458732,313.87,313.94,0
2020-01-16 09:30:44,N,AAPL,313.87,1.0,313.94,2.0,-3.0,0.0,2020-01-16 09:30:44.051671,313.91,313.97,0
2020-01-16 09:30:46,N,AAPL,313.91,2.0,313.97,3.0,0.0,-4.0,2020-01-16 09:30:46.097492,313.9,313.94,0
2020-01-16 09:30:47,N,AAPL,313.9,3.0,313.94,2.0,2.0,-3.0,2020-01-16 09:30:47.486052,313.86,313.91,0
2020-01-16 09:30:48,N,AAPL,313.86,3.0,313.91,4.0,2.0,0.0,2020-01-16 09:30:48.493266,313.83,313.9,0
2020-01-16 09:30:49,N,AAPL,313.83,3.0,313.9,2.0,1.0,0.0,2020-01-16 09:30:49.021507,313.84,313.9,0
2020-01-16 09:30:50,N,AAPL,313.84,4.0,313.9,1.0,3.0,-2.0,2020-01-16 09:30:50.531845,313.86,313.91,0
2020-01-16 09:30:51,N,AAPL,313.86,4.0,313.91,1.0,2.0,0.0,2020-01-16 09:30:51.126341,313.84,313.91,0
2020-01-16 09:30:52,N,AAPL,313.84,4.0,313.91,5.0,0.0,0.0,2020-01-16 09:30:52.042652,313.72,313.75,-1
2020-01-16 09:30:53,N,AAPL,313.72,1.0,313.75,2.0,-1.0,-2.0,2020-01-16 09:30:53.046162,313.79,313.84,1
2020-01-16 09:30:54,N,AAPL,313.79,1.0,313.84,4.0,-1.0,2.0,2020-01-16 09:30:54.530215,313.76,313.84,0
2020-01-16 09:30:55,N,AAPL,313.76,1.0,313.84,2.0,0.0,-2.0,2020-01-16 09:30:55.038325,313.73,313.81,0
2020-01-16 09:30:56,N,AAPL,313.73,2.0,313.81,2.0,1.0,-2.0,2020-01-16 09:30:56.411662,313.71,313.8,0
2020-01-16 09:30:57,N,AAPL,313.71,2.0,313.8,2.0,0.0,0.0,2020-01-16 09:30:57.145675,313.71,313.79,0
2020-01-16 09:30:58,N,AAPL,313.71,4.0,313.79,2.0,3.0,-2.0,2020-01-16 09:30:58.437079,313.7,313.78,0
2020-01-16 09:30:59,N,AAPL,313.7,11.0,313.78,1.0,0.0,-4.0,2020-01-16 09:30:59.079689,313.73,313.8,0
2020-01-16 09:31:00,N,AAPL,313.73,1.0,313.8,3.0,0.0,-1.0,2020-01-16 09:31:00.008638,313.69,313.71,-1
2020-01-16 09:31:01,N,AAPL,313.69,2.0,313.71,3.0,-8.0,1.0,2020-01-16 09:31:01.028244,313.6,313.66,-1
2020-01-16 09:31:02,N,AAPL,313.6,1.0,313.66,1.0,0.0,-1.0,2020-01-16 09:31:02.018816,313.7,313.74,1
2020-01-16 09:31:03,N,AAPL,313.7,2.0,313.74,2.0,1.0,1.0,2020-01-16 09:31:03.629244,313.72,313.77,0
2020-01-16 09:31:05,N,AAPL,313.72,1.0,313.77,3.0,0.0,1.0,2020-01-16 09:31:05.095412,313.71,313.77,0
2020-01-16 09:31:06,N,AAPL,313.71,1.0,313.77,3.0,0.0,0.0,2020-01-16 09:31:06.073556,313.67,313.76,0
2020-01-16 09:31:07,N,AAPL,313.67,4.0,313.76,2.0,2.0,-2.0,2020-01-16 09:31:07.042848,313.72,313.77,0
2020-01-16 09:31:08,N,AAPL,313.72,1.0,313.77,1.0,0.0,-3.0,2020-01-16 09:31:08.308174,313.78,313.82,1
2020-01-16 09:31:09,N,AAPL,313.78,2.0,313.82,1.0,0.0,-6.0,2020-01-16 09:31:09.065480,313.78,313.85,0
2020-01-16 09:31:10,N,AAPL,313.78,6.0,313.85,2.0,4.0,-2.0,2020-01-16 09:31:10.092241,313.88,313.92,1
2020-01-16 09:31:11,N,AAPL,313.88,2.0,313.92,1.0,0.0,-1.0,2020-01-16 09:31:11.073459,313.86,313.95,0
2020-01-16 09:31:12,N,AAPL,313.86,1.0,313.95,4.0,-1.0,2.0,2020-01-16 09:31:12.230962,313.91,313.98,0
2020-01-16 09:31:13,N,AAPL,313.91,2.0,313.98,2.0,-2.0,0.0,2020-01-16 09:31:13.013285,313.95,314.0,0
2020-01-16 09:31:14,N,AAPL,313.95,2.0,314.0,3.0,1.0,1.0,2020-01-16 09:31:14.151048,314.03,314.06,1
2020-01-16 09:31:15,N,AAPL,314.03,2.0,314.06,1.0,0.0,-8.0,2020-01-16 09:31:15.028697,314.05,314.12,0
2020-01-16 09:31:16,N,AAPL,314.05,17.0,314.12,2.0,13.0,0.0,2020-01-16 09:31:16.279490,314.02,314.08,0
2020-01-16 09:31:17,N,AAPL,314.02,2.0,314.08,3.0,1.0,-2.0,2020-01-16 09:31:17.030357,313.91,313.95,-1
2020-01-16 09:31:19,N,AAPL,313.91,2.0,313.95,2.0,0.0,1.0,2020-01-16 09:31:19.135646,313.96,314.02,1
2020-01-16 09:31:20,N,AAPL,313.96,2.0,314.02,1.0,1.0,-3.0,2020-01-16 09:31:20.138519,313.97,314.03,0
2020-01-16 09:31:21,N,AAPL,313.97,1.0,314.03,4.0,0.0,0.0,2020-01-16 09:31:21.017192,313.91,313.99,0
2020-01-16 09:31:22,N,AAPL,313.91,4.0,313.99,4.0,3.0,0.0,2020-01-16 09:31:22.043676,313.84,313.92,0
2020-01-16 09:31:23,N,AAPL,313.84,2.0,313.92,1.0,1.0,0.0,2020-01-16 09:31:23.011585,313.87,313.93,0
2020-01-16 09:31:25,N,AAPL,313.87,2.0,313.93,2.0,-2.0,0.0,2020-01-16 09:31:25.590350,313.85,313.94,0
2020-01-16 09:31:26,N,AAPL,313.85,2.0,313.94,1.0,0.0,-3.0,2020-01-16 09:31:26.072063,313.87,313.93,0
2020-01-16 09:31:27,N,AAPL,313.87,1.0,313.93,3.0,-3.0,1.0,2020-01-16 09:31:27.137853,313.89,313.96,0
2020-01-16 09:31:28,N,AAPL,313.89,2.0,313.96,4.0,0.0,2.0,2020-01-16 09:31:28.451817,313.87,313.93,0
2020-01-16 09:31:29,N,AAPL,313.87,1.0,313.93,1.0,0.0,-1.0,2020-01-16 09:31:29.214506,313.95,313.99,1
2020-01-16 09:31:31,N,AAPL,313.95,2.0,313.99,2.0,0.0,0.0,2020-01-16 09:31:31.012769,313.91,313.95,0
2020-01-16 09:31:32,N,AAPL,313.91,4.0,313.95,2.0,2.0,0.0,2020-01-16 09:31:32.447967,313.9,313.97,0
2020-01-16 09:31:33,N,AAPL,313.9,7.0,313.97,2.0,6.0,0.0,2020-01-16 09:31:33.044105,313.83,313.88,-1
2020-01-16 09:31:34,N,AAPL,313.83,2.0,313.88,1.0,0.0,0.0,2020-01-16 09:31:34.068052,313.81,313.87,0
2020-01-16 09:31:35,N,AAPL,313.81,2.0,313.87,4.0,1.0,2.0,2020-01-16 09:31:35.023733,313.81,313.85,0
2020-01-16 09:31:37,N,AAPL,313.81,4.0,313.85,4.0,2.0,2.0,2020-01-16 09:31:37.776391,313.85,313.92,0
2020-01-16 09:31:38,N,AAPL,313.85,1.0,313.92,10.0,-1.0,8.0,2020-01-16 09:31:38.229676,313.82,313.9,0
2020-01-16 09:31:39,N,AAPL,313.82,6.0,313.9,1.0,4.0,-9.0,2020-01-16 09:31:39.006700,313.85,313.9,0
2020-01-16 09:31:40,N,AAPL,313.85,4.0,313.9,1.0,2.0,-1.0,2020-01-16 09:31:40.224476,313.89,313.95,0
2020-01-16 09:31:42,N,AAPL,313.89,1.0,313.95,1.0,-1.0,-6.0,2020-01-16 09:31:42.687615,313.9,313.97,0
2020-01-16 09:31:43,N,AAPL,313.9,2.0,313.97,2.0,1.0,1.0,2020-01-16 09:31:43.192759,313.94,313.98,0
2020-01-16 09:31:45,N,AAPL,313.94,1.0,313.98,2.0,0.0,1.0,2020-01-16 09:31:45.675159,313.92,313.96,0
2020-01-16 09:31:47,N,AAPL,313.92,2.0,313.96,2.0,0.0,-3.0,2020-01-16 09:31:47.853858,313.87,313.93,0
2020-01-16 09:31:48,N,AAPL,313.87,1.0,313.93,2.0,0.0,-2.0,2020-01-16 09:31:48.058454,313.9,313.95,0
2020-01-16 09:31:49,N,AAPL,313.9,2.0,313.95,2.0,0.0,0.0,2020-01-16 09:31:49.006258,313.87,313.94,0
2020-01-16 09:31:50,N,AAPL,313.87,1.0,313.94,2.0,-3.0,-2.0,2020-01-16 09:31:50.120280,313.91,313.93,0
2020-01-16 09:31:52,N,AAPL,313.91,2.0,313.93,1.0,-4.0,-1.0,2020-01-16 09:31:52.496268,313.89,313.96,0
2020-01-16 09:31:53,N,AAPL,313.89,2.0,313.96,2.0,0.0,0.0,2020-01-16 09:31:53.344416,313.87,313.96,0
2020-01-16 09:31:54,N,AAPL,313.87,2.0,313.96,1.0,0.0,0.0,2020-01-16 09:31:54.131021,313.92,313.98,0
2020-01-16 09:31:55,N,AAPL,313.92,1.0,313.98,1.0,0.0,-1.0,2020-01-16 09:31:55.568098,313.91,313.96,0
2020-01-16 09:31:56,N,AAPL,313.91,3.0,313.96,1.0,2.0,0.0,2020-01-16 09:31:56.696643,313.92,313.96,0
2020-01-16 09:31:57,N,AAPL,313.92,5.0,313.96,1.0,0.0,0.0,2020-01-16 09:31:57.453903,313.98,314.0,1
2020-01-16 09:31:58,N,AAPL,313.98,1.0,314.0,6.0,0.0,2.0,2020-01-16 09:31:58.024572,313.87,313.93,-1
2020-01-16 09:31:59,N,AAPL,313.87,6.0,313.93,1.0,-2.0,0.0,2020-01-16 09:31:59.050622,313.89,313.95,0
2020-01-16 09:32:00,N,AAPL,313.89,2.0,313.95,2.0,-4.0,1.0,2020-01-16 09:32:00.838871,313.88,313.94,0
2020-01-16 09:32:01,N,AAPL,313.88,4.0,313.94,1.0,0.0,-3.0,2020-01-16 09:32:01.011937,313.75,313.81,-1
2020-01-16 09:32:02,N,AAPL,313.75,6.0,313.81,10.0,0.0,9.0,2020-01-16 09:32:02.071855,313.82,313.85,1
2020-01-16 09:32:03,N,AAPL,313.82,1.0,313.85,2.0,-5.0,-9.0,2020-01-16 09:32:03.736276,313.82,313.89,0
2020-01-16 09:32:04,N,AAPL,313.82,2.0,313.89,1.0,1.0,-1.0,2020-01-16 09:32:04.204581,313.83,313.88,0
2020-01-16 09:32:05,N,AAPL,313.83,2.0,313.88,1.0,0.0,0.0,2020-01-16 09:32:05.112791,313.89,313.91,1
2020-01-16 09:32:08,N,AAPL,313.89,1.0,313.91,2.0,0.0,0.0,2020-01-16 09:32:08.883582,313.95,313.99,1
2020-01-16 09:32:09,N,AAPL,313.95,2.0,313.99,1.0,1.0,-1.0,2020-01-16 09:32:09.173608,313.89,313.96,0
2020-01-16 09:32:10,N,AAPL,313.89,11.0,313.96,2.0,9.0,0.0,2020-01-16 09:32:10.038098,313.97,314.0,1
2020-01-16 09:32:11,N,AAPL,313.97,2.0,314.0,4.0,-2.0,3.0,2020-01-16 09:32:11.399903,313.95,314.0,0
2020-01-16 09:32:12,N,AAPL,313.95,1.0,314.0,3.0,-3.0,2.0,2020-01-16 09:32:12.001636,313.95,314.0,0
2020-01-16 09:32:13,N,AAPL,313.95,2.0,314.0,4.0,1.0,1.0,2020-01-16 09:32:13.296216,314.06,314.12,1
2020-01-16 09:32:14,N,AAPL,314.06,2.0,314.12,1.0,1.0,-1.0,2020-01-16 09:32:14.002861,314.09,314.16,0
2020-01-16 09:32:15,N,AAPL,314.09,6.0,314.16,1.0,0.0,0.0,2020-01-16 09:32:15.243600,314.13,314.18,0
2020-01-16 09:32:16,N,AAPL,314.13,2.0,314.18,1.0,1.0,0.0,2020-01-16 09:32:16.829245,314.16,314.2,0
2020-01-16 09:32:17,N,AAPL,314.16,1.0,314.2,1.0,-3.0,-11.0,2020-01-16 09:32:17.019073,314.22,314.24,1
2020-01-16 09:32:19,N,AAPL,314.22,4.0,314.24,1.0,3.0,0.0,2020-01-16 09:32:19.006804,314.14,314.19,-1
2020-01-16 09:32:20,N,AAPL,314.14,2.0,314.19,5.0,0.0,0.0,2020-01-16 09:32:20.018430,314.17,314.2,0
2020-01-16 09:32:21,N,AAPL,314.17,4.0,314.2,4.0,2.0,-1.0,2020-01-16 09:32:21.280029,314.19,314.24,0
2020-01-16 09:32:22,N,AAPL,314.19,2.0,314.24,2.0,0.0,-2.0,2020-01-16 09:32:22.154469,314.26,314.28,1
2020-01-16 09:32:24,N,AAPL,314.26,2.0,314.28,4.0,-2.0,2.0,2020-01-16 09:32:24.180321,314.23,314.29,0
2020-01-16 09:32:25,N,AAPL,314.23,4.0,314.29,6.0,3.0,2.0,2020-01-16 09:32:25.572738,314.18,314.21,-1
2020-01-16 09:32:26,N,AAPL,314.18,1.0,314.21,2.0,-1.0,-4.0,2020-01-16 09:32:26.464161,314.21,314.25,0
2020-01-16 09:32:27,N,AAPL,314.21,4.0,314.25,5.0,2.0,0.0,2020-01-16 09:32:27.009430,314.21,314.24,0
2020-01-16 09:32:28,N,AAPL,314.21,4.0,314.24,2.0,2.0,0.0,2020-01-16 09:32:28.114266,314.23,314.27,0
2020-01-16 09:32:29,N,AAPL,314.23,2.0,314.27,1.0,-2.0,0.0,2020-01-16 09:32:29.003689,314.22,314.29,0
2020-01-16 09:32:30,N,AAPL,314.22,2.0,314.29,10.0,1.0,0.0,2020-01-16 09:32:30.225270,314.29,314.33,0
2020-01-16 09:32:32,N,AAPL,314.29,1.0,314.33,6.0,-2.0,5.0,2020-01-16 09:32:32.081854,314.43,314.5,1
2020-01-16 09:32:33,N,AAPL,314.43,1.0,314.5,2.0,-1.0,0.0,2020-01-16 09:32:33.081936,314.42,314.45,0
2020-01-16 09:32:34,N,AAPL,314.42,1.0,314.45,1.0,-4.0,-2.0,2020-01-16 09:32:34.022782,314.38,314.44,0
2020-01-16 09:32:35,N,AAPL,314.38,2.0,314.44,1.0,-1.0,0.0,2020-01-16 09:32:35.553588,314.32,314.35,-1
2020-01-16 09:32:36,N,AAPL,314.32,2.0,314.35,1.0,1.0,-1.0,2020-01-16 09:32:36.307496,314.35,314.4,0
2020-01-16 09:32:37,N,AAPL,314.35,4.0,314.4,1.0,2.0,-1.0,2020-01-16 09:32:37.415492,314.34,314.4,0
2020-01-16 09:32:38,N,AAPL,314.34,1.0,314.4,3.0,-1.0,2.0,2020-01-16 09:32:38.378659,314.3,314.39,0
2020-01-16 09:32:39,N,AAPL,314.3,4.0,314.39,2.0,-1.0,0.0,2020-01-16 09:32:39.106697,314.31,314.37,0
2020-01-16 09:32:40,N,AAPL,314.31,1.0,314.37,3.0,0.0,1.0,2020-01-16 09:32:40.059393,314.22,314.29,-1
2020-01-16 09:32:41,N,AAPL,314.22,1.0,314.29,1.0,0.0,-2.0,2020-01-16 09:32:41.234234,314.29,314.36,0
2020-01-16 09:32:42,N,AAPL,314.29,2.0,314.36,3.0,1.0,2.0,2020-01-16 09:32:42.080109,314.26,314.35,0
2020-01-16 09:32:43,N,AAPL,314.26,3.0,314.35,1.0,2.0,0.0,2020-01-16 09:32:43.055058,314.21,314.27,0
2020-01-16 09:32:44,N,AAPL,314.21,1.0,314.27,1.0,-1.0,0.0,2020-01-16 09:32:44.503388,314.2,314.27,0
2020-01-16 09:32:45,N,AAPL,314.2,6.0,314.27,3.0,5.0,2.0,2020-01-16 09:32:45.124867,314.27,314.34,0
2020-01-16 09:32:46,N,AAPL,314.27,4.0,314.34,2.0,2.0,-1.0,2020-01-16 09:32:46.033758,314.27,314.36,0
2020-01-16 09:32:47,N,AAPL,314.27,4.0,314.36,2.0,-1.0,0.0,2020-01-16 09:32:47.305604,314.36,314.37,0
2020-01-16 09:32:49,N,AAPL,314.36,1.0,314.37,1.0,-3.0,-1.0,2020-01-16 09:32:49.401777,314.32,314.4,0
2020-01-16 09:32:50,N,AAPL,314.32,4.0,314.4,3.0,3.0,0.0,2020-01-16 09:32:50.086556,314.29,314.38,0
2020-01-16 09:32:51,N,AAPL,314.29,7.0,314.38,1.0,-24.0,-2.0,2020-01-16 09:32:51.264926,314.31,314.38,0
2020-01-16 09:32:52,N,AAPL,314.31,1.0,314.38,1.0,0.0,0.0,2020-01-16 09:32:52.710923,314.31,314.37,0
2020-01-16 09:32:54,N,AAPL,314.31,2.0,314.37,4.0,1.0,3.0,2020-01-16 09:32:54.413335,314.32,314.36,0
2020-01-16 09:32:55,N,AAPL,314.32,2.0,314.36,1.0,0.0,-1.0,2020-01-16 09:32:55.029767,314.41,314.47,1
2020-01-16 09:32:56,N,AAPL,314.41,2.0,314.47,2.0,0.0,0.0,2020-01-16 09:32:56.042382,314.39,314.46,0
2020-01-16 09:32:57,N,AAPL,314.39,4.0,314.46,1.0,0.0,0.0,2020-01-16 09:32:57.017752,314.43,314.47,0
2020-01-16 09:33:00,N,AAPL,314.43,5.0,314.47,1.0,1.0,0.0,2020-01-16 09:33:00.074900,314.5,314.51,1
2020-01-16 09:33:02,N,AAPL,314.5,2.0,314.51,1.0,1.0,-3.0,2020-01-16 09:33:02.645289,314.45,314.5,0
2020-01-16 09:33:03,N,AAPL,314.45,2.0,314.5,1.0,1.0,-1.0,2020-01-16 09:33:03.165451,314.49,314.5,0
2020-01-16 09:33:05,N,AAPL,314.49,4.0,314.5,1.0,3.0,0.0,2020-01-16 09:33:05.269136,314.46,314.5,0
2020-01-16 09:33:06,N,AAPL,314.46,8.0,314.5,1.0,0.0,0.0,2020-01-16 09:33:06.053854,314.48,314.51,0
2020-01-16 09:33:07,N,AAPL,314.48,4.0,314.51,1.0,3.0,0.0,2020-01-16 09:33:07.153763,314.5,314.54,0
2020-01-16 09:33:08,N,AAPL,314.5,4.0,314.54,4.0,0.0,0.0,2020-01-16 09:33:08.206896,314.63,314.68,1
2020-01-16 09:33:09,N,AAPL,314.63,4.0,314.68,3.0,2.0,-1.0,2020-01-16 09:33:09.013018,314.67,314.7,0
2020-01-16 09:33:10,N,AAPL,314.67,1.0,314.7,2.0,-2.0,1.0,2020-01-16 09:33:10.397813,314.68,314.73,0
2020-01-16 09:33:11,N,AAPL,314.68,1.0,314.73,3.0,-1.0,2.0,2020-01-16 09:33:11.304964,314.75,314.78,1
2020-01-16 09:33:12,N,AAPL,314.75,2.0,314.78,2.0,1.0,-5.0,2020-01-16 09:33:12.735973,314.77,314.82,0
2020-01-16 09:33:13,N,AAPL,314.77,2.0,314.82,62.0,1.0,58.0,2020-01-16 09:33:13.780351,314.79,314.83,0
2020-01-16 09:33:14,N,AAPL,314.79,2.0,314.83,1.0,0.0,-61.0,2020-01-16 09:33:14.235633,314.8,314.85,0
2020-01-16 09:33:15,N,AAPL,314.8,2.0,314.85,7.0,0.0,1.0,2020-01-16 09:33:15.118356,314.83,314.89,0
2020-01-16 09:33:16,N,AAPL,314.83,4.0,314.89,2.0,3.0,0.0,2020-01-16 09:33:16.183273,314.81,314.85,0
2020-01-16 09:33:17,N,AAPL,314.81,2.0,314.85,2.0,-8.0,0.0,2020-01-16 09:33:17.559700,314.78,314.84,0
2020-01-16 09:33:18,N,AAPL,314.78,3.0,314.84,1.0,2.0,0.0,2020-01-16 09:33:18.039428,314.82,314.88,0
2020-01-16 09:33:19,N,AAPL,314.82,5.0,314.88,4.0,4.0,3.0,2020-01-16 09:33:19.228389,314.87,314.9,0
2020-01-16 09:33:20,N,AAPL,314.87,2.0,314.9,2.0,-3.0,0.0,2020-01-16 09:33:20.328265,314.87,314.92,0
2020-01-16 09:33:21,N,AAPL,314.87,1.0,314.92,1.0,-1.0,0.0,2020-01-16 09:33:21.484034,314.91,314.95,0
2020-01-16 09:33:22,N,AAPL,314.91,2.0,314.95,4.0,1.0,1.0,2020-01-16 09:33:22.565823,314.85,314.89,-1
2020-01-16 09:33:23,N,AAPL,314.85,2.0,314.89,2.0,-5.0,1.0,2020-01-16 09:33:23.834964,314.84,314.9,0
2020-01-16 09:33:24,N,AAPL,314.84,4.0,314.9,1.0,3.0,-1.0,2020-01-16 09:33:24.014159,314.74,314.79,-1
2020-01-16 09:33:25,N,AAPL,314.74,1.0,314.79,1.0,0.0,-1.0,2020-01-16 09:33:25.048154,314.84,314.88,1
2020-01-16 09:33:26,N,AAPL,314.84,1.0,314.88,1.0,-1.0,0.0,2020-01-16 09:33:26.986306,314.8,314.87,0
2020-01-16 09:33:27,N,AAPL,314.8,2.0,314.87,1.0,1.0,0.0,2020-01-16 09:33:27.262072,314.8,314.87,0
2020-01-16 09:33:28,N,AAPL,314.8,4.0,314.87,1.0,2.0,0.0,2020-01-16 09:33:28.004726,314.79,314.87,0
2020-01-16 09:33:29,N,AAPL,314.79,2.0,314.87,1.0,0.0,-1.0,2020-01-16 09:33:29.050928,314.83,314.87,0
2020-01-16 09:33:30,N,AAPL,314.83,2.0,314.87,2.0,0.0,0.0,2020-01-16 09:33:30.184882,314.86,314.91,0
2020-01-16 09:33:31,N,AAPL,314.86,3.0,314.91,2.0,1.0,1.0,2020-01-16 09:33:31.075310,314.82,314.86,0
2020-01-16 09:33:32,N,AAPL,314.82,1.0,314.86,2.0,-1.0,-2.0,2020-01-16 09:33:32.145306,314.68,314.74,-1
2020-01-16 09:33:33,N,AAPL,314.68,2.0,314.74,1.0,1.0,0.0,2020-01-16 09:33:33.010389,314.74,314.81,0
2020-01-16 09:33:34,N,AAPL,314.74,3.0,314.81,2.0,-1.0,0.0,2020-01-16 09:33:34.143389,314.83,314.9,1
2020-01-16 09:33:35,N,AAPL,314.83,3.0,314.9,2.0,-1.0,1.0,2020-01-16 09:33:35.046014,314.78,314.85,0
2020-01-16 09:33:36,N,AAPL,314.78,1.0,314.85,1.0,-1.0,0.0,2020-01-16 09:33:36.335282,314.81,314.85,0
2020-01-16 09:33:37,N,AAPL,314.81,2.0,314.85,1.0,1.0,0.0,2020-01-16 09:33:37.274803,314.82,314.85,0
2020-01-16 09:33:38,N,AAPL,314.82,1.0,314.85,1.0,-3.0,0.0,2020-01-16 09:33:38.235562,314.83,314.9,0
2020-01-16 09:33:39,N,AAPL,314.83,1.0,314.9,4.0,0.0,2.0,2020-01-16 09:33:39.099284,314.81,314.85,0
2020-01-16 09:33:40,N,AAPL,314.81,1.0,314.85,1.0,-2.0,-1.0,2020-01-16 09:33:40.075260,314.78,314.84,0
2020-01-16 09:33:41,N,AAPL,314.78,4.0,314.84,4.0,-2.0,3.0,2020-01-16 09:33:41.470190,314.75,314.81,0
2020-01-16 09:33:42,N,AAPL,314.75,8.0,314.81,4.0,6.0,2.0,2020-01-16 09:33:42.108308,314.77,314.81,0
2020-01-16 09:33:43,N,AAPL,314.77,4.0,314.81,1.0,2.0,-1.0,2020-01-16 09:33:43.164282,314.69,314.73,-1
2020-01-16 09:33:45,N,AAPL,314.69,2.0,314.73,2.0,0.0,-3.0,2020-01-16 09:33:45.535625,314.64,314.69,0
2020-01-16 09:33:46,N,AAPL,314.64,2.0,314.69,4.0,0.0,3.0,2020-01-16 09:33:46.160382,314.68,314.74,0
2020-01-16 09:33:47,N,AAPL,314.68,4.0,314.74,2.0,0.0,0.0,2020-01-16 09:33:47.064771,314.66,314.73,0
2020-01-16 09:33:49,N,AAPL,314.66,1.0,314.73,2.0,0.0,0.0,2020-01-16 09:33:49.097257,314.66,314.73,0
2020-01-16 09:33:50,N,AAPL,314.66,3.0,314.73,1.0,1.0,0.0,2020-01-16 09:33:50.380691,314.66,314.73,0
2020-01-16 09:33:51,N,AAPL,314.66,5.0,314.73,1.0,0.0,-1.0,2020-01-16 09:33:51.009451,314.67,314.72,0
2020-01-16 09:33:52,N,AAPL,314.67,2.0,314.72,2.0,-3.0,-2.0,2020-01-16 09:33:52.305472,314.74,314.77,1
2020-01-16 09:33:53,N,AAPL,314.74,1.0,314.77,1.0,0.0,0.0,2020-01-16 09:33:53.915209,314.76,314.8,0
2020-01-16 09:33:54,N,AAPL,314.76,4.0,314.8,3.0,2.0,2.0,2020-01-16 09:33:54.033091,314.8,314.83,0
2020-01-16 09:33:55,N,AAPL,314.8,2.0,314.83,1.0,-1.0,0.0,2020-01-16 09:33:55.219073,314.79,314.83,0
2020-01-16 09:33:56,N,AAPL,314.79,1.0,314.83,1.0,-3.0,-1.0,2020-01-16 09:33:56.741796,314.71,314.78,-1
2020-01-16 09:33:57,N,AAPL,314.71,2.0,314.78,2.0,1.0,0.0,2020-01-16 09:33:57.195788,314.73,314.79,0
2020-01-16 09:33:58,N,AAPL,314.73,2.0,314.79,2.0,1.0,1.0,2020-01-16 09:33:58.324594,314.7,314.79,0
2020-01-16 09:33:59,N,AAPL,314.7,3.0,314.79,2.0,1.0,0.0,2020-01-16 09:33:59.205806,314.73,314.79,0
2020-01-16 09:34:00,N,AAPL,314.73,1.0,314.79,2.0,-3.0,0.0,2020-01-16 09:34:00.212451,314.77,314.82,0
2020-01-16 09:34:01,N,AAPL,314.77,4.0,314.82,1.0,0.0,0.0,2020-01-16 09:34:01.565583,314.79,314.85,0
2020-01-16 09:34:02,N,AAPL,314.79,4.0,314.85,3.0,2.0,2.0,2020-01-16 09:34:02.393693,314.82,314.87,0
2020-01-16 09:34:03,N,AAPL,314.82,4.0,314.87,2.0,2.0,-1.0,2020-01-16 09:34:03.034492,314.77,314.83,0
2020-01-16 09:34:04,N,AAPL,314.77,4.0,314.83,1.0,-2.0,-1.0,2020-01-16 09:34:04.245726,314.81,314.87,0
2020-01-16 09:34:05,N,AAPL,314.81,1.0,314.87,1.0,-3.0,-1.0,2020-01-16 09:34:05.927404,314.81,314.87,0
2020-01-16 09:34:06,N,AAPL,314.81,3.0,314.87,1.0,2.0,0.0,2020-01-16 09:34:06.269886,314.84,314.88,0
2020-01-16 09:34:07,N,AAPL,314.84,2.0,314.88,1.0,0.0,0.0,2020-01-16 09:34:07.279712,314.81,314.86,0
2020-01-16 09:34:09,N,AAPL,314.81,2.0,314.86,1.0,0.0,0.0,2020-01-16 09:34:09.156836,314.77,314.81,0
2020-01-16 09:34:10,N,AAPL,314.77,1.0,314.81,2.0,-3.0,-2.0,2020-01-16 09:34:10.022774,314.75,314.82,0
2020-01-16 09:34:11,N,AAPL,314.75,2.0,314.82,10.0,0.0,9.0,2020-01-16 09:34:11.011531,314.73,314.8,0
2020-01-16 09:34:12,N,AAPL,314.73,2.0,314.8,31.0,-2.0,0.0,2020-01-16 09:34:12.009430,314.73,314.76,0
2020-01-16 09:34:13,N,AAPL,314.73,1.0,314.76,2.0,0.0,0.0,2020-01-16 09:34:13.059911,314.73,314.8,0
2020-01-16 09:34:14,N,AAPL,314.73,2.0,314.8,30.0,-2.0,0.0,2020-01-16 09:34:14.473982,314.78,314.82,0
2020-01-16 09:34:16,N,AAPL,314.78,4.0,314.82,2.0,3.0,1.0,2020-01-16 09:34:16.252907,314.75,314.81,0
2020-01-16 09:34:17,N,AAPL,314.75,2.0,314.81,1.0,1.0,-3.0,2020-01-16 09:34:17.350491,314.73,314.77,0
2020-01-16 09:34:18,N,AAPL,314.73,2.0,314.77,2.0,-5.0,1.0,2020-01-16 09:34:18.530955,314.73,314.77,0
2020-01-16 09:34:20,N,AAPL,314.73,2.0,314.77,1.0,0.0,-1.0,2020-01-16 09:34:20.031888,314.75,314.82,0
2020-01-16 09:34:21,N,AAPL,314.75,2.0,314.82,2.0,-1.0,1.0,2020-01-16 09:34:21.097495,314.75,314.82,0
2020-01-16 09:34:22,N,AAPL,314.75,2.0,314.82,4.0,-2.0,-1.0,2020-01-16 09:34:22.093504,314.71,314.74,-1
2020-01-16 09:34:24,N,AAPL,314.71,2.0,314.74,3.0,-2.0,2.0,2020-01-16 09:34:24.034757,314.57,314.63,-1
2020-01-16 09:34:25,N,AAPL,314.57,2.0,314.63,4.0,1.0,3.0,2020-01-16 09:34:25.255697,314.62,314.67,0
2020-01-16 09:34:26,N,AAPL,314.62,4.0,314.67,1.0,2.0,-1.0,2020-01-16 09:34:26.025687,314.62,314.68,0
2020-01-16 09:34:27,N,AAPL,314.62,4.0,314.68,1.0,2.0,-1.0,2020-01-16 09:34:27.154464,314.67,314.71,0
2020-01-16 09:34:28,N,AAPL,314.67,4.0,314.71,2.0,2.0,1.0,2020-01-16 09:34:28.678837,314.65,314.71,0
2020-01-16 09:34:29,N,AAPL,314.65,2.0,314.71,1.0,1.0,0.0,2020-01-16 09:34:29.550003,314.65,314.71,0
2020-01-16 09:34:30,N,AAPL,314.65,2.0,314.71,1.0,1.0,0.0,2020-01-16 09:34:30.747405,314.64,314.7,0
2020-01-16 09:34:31,N,AAPL,314.64,2.0,314.7,2.0,1.0,1.0,2020-01-16 09:34:31.192998,314.66,314.71,0
2020-01-16 09:34:32,N,AAPL,314.66,4.0,314.71,1.0,2.0,0.0,2020-01-16 09:34:32.924170,314.65,314.71,0
2020-01-16 09:34:33,N,AAPL,314.65,2.0,314.71,1.0,-2.0,0.0,2020-01-16 09:34:33.133251,314.61,314.65,0
2020-01-16 09:34:34,N,AAPL,314.61,1.0,314.65,2.0,-1.0,1.0,2020-01-16 09:34:34.516927,314.59,314.65,0
2020-01-16 09:34:35,N,AAPL,314.59,5.0,314.65,2.0,4.0,1.0,2020-01-16 09:34:35.014837,314.59,314.66,0
2020-01-16 09:34:36,N,AAPL,314.59,3.0,314.66,4.0,2.0,0.0,2020-01-16 09:34:36.318864,314.59,314.66,0
2020-01-16 09:34:37,N,AAPL,314.59,6.0,314.66,2.0,5.0,-2.0,2020-01-16 09:34:37.135909,314.57,314.62,0
2020-01-16 09:34:38,N,AAPL,314.57,2.0,314.62,2.0,0.0,1.0,2020-01-16 09:34:38.260952,314.59,314.65,0
2020-01-16 09:34:39,N,AAPL,314.59,2.0,314.65,3.0,0.0,1.0,2020-01-16 09:34:39.677291,314.58,314.64,0
2020-01-16 09:34:40,N,AAPL,314.58,2.0,314.64,1.0,0.0,0.0,2020-01-16 09:34:40.181647,314.59,314.62,0
2020-01-16 09:34:41,N,AAPL,314.59,1.0,314.62,3.0,-1.0,1.0,2020-01-16 09:34:41.685557,314.59,314.63,0
2020-01-16 09:34:43,N,AAPL,314.59,1.0,314.63,1.0,-3.0,0.0,2020-01-16 09:34:43.082929,314.57,314.63,0
2020-01-16 09:34:45,N,AAPL,314.57,4.0,314.63,2.0,2.0,1.0,2020-01-16 09:34:45.816245,314.64,314.65,1
2020-01-16 09:34:46,N,AAPL,314.64,4.0,314.65,1.0,0.0,-1.0,2020-01-16 09:34:46.307335,314.65,314.65,0
2020-01-16 09:34:47,N,AAPL,314.65,4.0,314.65,1.0,0.0,0.0,2020-01-16 09:34:47.417821,314.64,314.65,0
2020-01-16 09:34:48,N,AAPL,314.64,4.0,314.65,1.0,2.0,0.0,2020-01-16 09:34:48.050634,314.55,314.62,-1
2020-01-16 09:34:49,N,AAPL,314.55,5.0,314.62,1.0,2.0,-1.0,2020-01-16 09:34:49.162290,314.59,314.64,0
2020-01-16 09:34:50,N,AAPL,314.59,4.0,314.64,1.0,0.0,0.0,2020-01-16 09:34:50.083293,314.62,314.64,0
2020-01-16 09:34:53,N,AAPL,314.62,4.0,314.64,3.0,2.0,1.0,2020-01-16 09:34:53.483028,314.63,314.68,0
2020-01-16 09:34:54,N,AAPL,314.63,2.0,314.68,2.0,-2.0,-1.0,2020-01-16 09:34:54.972600,314.65,314.69,0
2020-01-16 09:34:55,N,AAPL,314.65,1.0,314.69,2.0,-3.0,0.0,2020-01-16 09:34:55.027232,314.69,314.71,0
2020-01-16 09:34:56,N,AAPL,314.69,4.0,314.71,2.0,3.0,1.0,2020-01-16 09:34:56.249825,314.72,314.78,1
2020-01-16 09:34:57,N,AAPL,314.72,4.0,314.78,2.0,2.0,1.0,2020-01-16 09:34:57.029801,314.72,314.76,0
2020-01-16 09:34:58,N,AAPL,314.72,2.0,314.76,2.0,0.0,0.0,2020-01-16 09:34:58.549938,314.7,314.76,0
2020-01-16 09:34:59,N,AAPL,314.7,4.0,314.76,2.0,2.0,0.0,2020-01-16 09:34:59.120910,314.75,314.77,0
2020-01-16 09:35:00,N,AAPL,314.75,1.0,314.77,7.0,0.0,-2.0,2020-01-16 09:35:00.988840,314.76,314.79,0
2020-01-16 09:35:01,N,AAPL,314.76,2.0,314.79,1.0,1.0,-6.0,2020-01-16 09:35:01.003192,314.79,314.82,0
2020-01-16 09:35:03,N,AAPL,314.79,4.0,314.82,3.0,-1.0,1.0,2020-01-16 09:35:03.192132,314.79,314.84,0
2020-01-16 09:35:04,N,AAPL,314.79,4.0,314.84,5.0,1.0,0.0,2020-01-16 09:35:04.293242,314.75,314.79,0
2020-01-16 09:35:05,N,AAPL,314.75,2.0,314.79,1.0,-2.0,-4.0,2020-01-16 09:35:05.892682,314.75,314.82,0
2020-01-16 09:35:06,N,AAPL,314.75,4.0,314.82,3.0,2.0,2.0,2020-01-16 09:35:06.263195,314.75,314.82,0
2020-01-16 09:35:07,N,AAPL,314.75,5.0,314.82,2.0,3.0,-2.0,2020-01-16 09:35:07.003407,314.66,314.72,-1
2020-01-16 09:35:08,N,AAPL,314.66,4.0,314.72,1.0,0.0,-1.0,2020-01-16 09:35:08.027961,314.66,314.72,0
2020-01-16 09:35:09,N,AAPL,314.66,3.0,314.72,1.0,2.0,-1.0,2020-01-16 09:35:09.027347,314.66,314.71,0
2020-01-16 09:35:10,N,AAPL,314.66,3.0,314.71,4.0,0.0,2.0,2020-01-16 09:35:10.012799,314.61,314.68,0
2020-01-16 09:35:11,N,AAPL,314.61,5.0,314.68,1.0,1.0,0.0,2020-01-16 09:35:11.024121,314.61,314.68,0
2020-01-16 09:35:12,N,AAPL,314.61,8.0,314.68,2.0,7.0,0.0,2020-01-16 09:35:12.000463,314.62,314.67,0
2020-01-16 09:35:13,N,AAPL,314.62,1.0,314.67,1.0,0.0,0.0,2020-01-16 09:35:13.850921,314.63,314.67,0
2020-01-16 09:35:14,N,AAPL,314.63,1.0,314.67,1.0,0.0,0.0,2020-01-16 09:35:14.067929,314.63,314.67,0
2020-01-16 09:35:15,N,AAPL,314.63,2.0,314.67,1.0,1.0,0.0,2020-01-16 09:35:15.459215,314.64,314.68,0
2020-01-16 09:35:17,N,AAPL,314.64,2.0,314.68,1.0,0.0,0.0,2020-01-16 09:35:17.290029,314.64,314.68,0
2020-01-16 09:35:18,N,AAPL,314.64,4.0,314.68,1.0,2.0,0.0,2020-01-16 09:35:18.242516,314.65,314.68,0
2020-01-16 09:35:19,N,AAPL,314.65,4.0,314.68,2.0,0.0,1.0,2020-01-16 09:35:19.625122,314.65,314.7,0
2020-01-16 09:35:21,N,AAPL,314.65,4.0,314.7,2.0,2.0,1.0,2020-01-16 09:35:21.797248,314.65,314.7,0
2020-01-16 09:35:22,N,AAPL,314.65,2.0,314.7,2.0,-2.0,0.0,2020-01-16 09:35:22.401985,314.66,314.73,0
2020-01-16 09:35:23,N,AAPL,314.66,2.0,314.73,1.0,-2.0,-3.0,2020-01-16 09:35:23.225368,314.66,314.72,0
2020-01-16 09:35:24,N,AAPL,314.66,3.0,314.72,2.0,0.0,0.0,2020-01-16 09:35:24.097314,314.66,314.69,0
2020-01-16 09:35:25,N,AAPL,314.66,2.0,314.69,2.0,0.0,1.0,2020-01-16 09:35:25.575244,314.71,314.74,1
2020-01-16 09:35:27,N,AAPL,314.71,4.0,314.74,2.0,1.0,1.0,2020-01-16 09:35:27.056025,314.71,314.76,0
2020-01-16 09:35:28,N,AAPL,314.71,1.0,314.76,2.0,0.0,0.0,2020-01-16 09:35:28.081455,314.74,314.78,0
2020-01-16 09:35:30,N,AAPL,314.74,2.0,314.78,2.0,1.0,1.0,2020-01-16 09:35:30.874863,314.75,314.78,0
2020-01-16 09:35:31,N,AAPL,314.75,6.0,314.78,1.0,4.0,-3.0,2020-01-16 09:35:31.012944,314.74,314.79,0
2020-01-16 09:35:32,N,AAPL,314.74,4.0,314.79,4.0,2.0,3.0,2020-01-16 09:35:32.225728,314.75,314.8,0
2020-01-16 09:35:33,N,AAPL,314.75,2.0,314.8,12.0,0.0,5.0,2020-01-16 09:35:33.248149,314.78,314.82,0
2020-01-16 09:35:35,N,AAPL,314.78,2.0,314.82,4.0,0.0,-8.0,2020-01-16 09:35:35.060057,314.76,314.82,0
2020-01-16 09:35:36,N,AAPL,314.76,1.0,314.82,2.0,0.0,0.0,2020-01-16 09:35:36.080083,314.75,314.78,0
2020-01-16 09:35:40,N,AAPL,314.75,2.0,314.78,1.0,-4.0,-16.0,2020-01-16 09:35:40.870649,314.75,314.78,0
2020-01-16 09:35:41,N,AAPL,314.75,2.0,314.78,1.0,0.0,0.0,2020-01-16 09:35:41.041890,314.77,314.79,0
2020-01-16 09:35:42,N,AAPL,314.77,4.0,314.79,1.0,2.0,0.0,2020-01-16 09:35:42.172084,314.76,314.77,0
2020-01-16 09:35:45,N,AAPL,314.76,2.0,314.77,4.0,0.0,3.0,2020-01-16 09:35:45.243195,314.71,314.76,0
2020-01-16 09:35:46,N,AAPL,314.71,5.0,314.76,4.0,3.0,3.0,2020-01-16 09:35:46.017529,314.65,314.72,0
2020-01-16 09:35:47,N,AAPL,314.65,9.0,314.72,1.0,8.0,-3.0,2020-01-16 09:35:47.363062,314.66,314.72,0
2020-01-16 09:35:48,N,AAPL,314.66,1.0,314.72,1.0,0.0,-1.0,2020-01-16 09:35:48.363939,314.65,314.67,0
2020-01-16 09:35:49,N,AAPL,314.65,1.0,314.67,4.0,0.0,3.0,2020-01-16 09:35:49.783924,314.61,314.64,-1
2020-01-16 09:35:50,N,AAPL,314.61,2.0,314.64,3.0,1.0,-1.0,2020-01-16 09:35:50.003972,314.52,314.56,-1
2020-01-16 09:35:52,N,AAPL,314.52,2.0,314.56,1.0,-2.0,0.0,2020-01-16 09:35:52.046505,314.52,314.57,0
2020-01-16 09:35:53,N,AAPL,314.52,2.0,314.57,1.0,0.0,0.0,2020-01-16 09:35:53.035765,314.55,314.58,0
2020-01-16 09:35:54,N,AAPL,314.55,4.0,314.58,2.0,2.0,1.0,2020-01-16 09:35:54.994056,314.56,314.59,0
2020-01-16 09:35:55,N,AAPL,314.56,1.0,314.59,1.0,0.0,-1.0,2020-01-16 09:35:55.014722,314.56,314.6,0
2020-01-16 09:35:56,N,AAPL,314.56,2.0,314.6,1.0,1.0,0.0,2020-01-16 09:35:56.638911,314.58,314.62,0
2020-01-16 09:35:57,N,AAPL,314.58,2.0,314.62,1.0,0.0,0.0,2020-01-16 09:35:57.217924,314.61,314.63,0
2020-01-16 09:36:00,N,AAPL,314.61,2.0,314.63,2.0,-2.0,1.0,2020-01-16 09:36:00.272680,314.59,314.64,0
2020-01-16 09:36:01,N,AAPL,314.59,4.0,314.64,2.0,2.0,1.0,2020-01-16 09:36:01.108911,314.54,314.58,-1
2020-01-16 09:36:02,N,AAPL,314.54,2.0,314.58,4.0,-1.0,2.0,2020-01-16 09:36:02.043504,314.55,314.6,0
2020-01-16 09:36:03,N,AAPL,314.55,1.0,314.6,2.0,-3.0,0.0,2020-01-16 09:36:03.112993,314.53,314.58,0
2020-01-16 09:36:04,N,AAPL,314.53,2.0,314.58,4.0,0.0,3.0,2020-01-16 09:36:04.266441,314.58,314.62,0
2020-01-16 09:36:05,N,AAPL,314.58,4.0,314.62,1.0,3.0,-3.0,2020-01-16 09:36:05.321007,314.61,314.66,0
2020-01-16 09:36:06,N,AAPL,314.61,4.0,314.66,2.0,2.0,1.0,2020-01-16 09:36:06.538870,314.65,314.68,0
2020-01-16 09:36:07,N,AAPL,314.65,2.0,314.68,4.0,-2.0,2.0,2020-01-16 09:36:07.006430,314.68,314.72,0
2020-01-16 09:36:08,N,AAPL,314.68,4.0,314.72,2.0,2.0,-1.0,2020-01-16 09:36:08.621946,314.67,314.72,0
2020-01-16 09:36:09,N,AAPL,314.67,1.0,314.72,9.0,-2.0,6.0,2020-01-16 09:36:09.151342,314.66,314.69,0
2020-01-16 09:36:10,N,AAPL,314.66,2.0,314.69,4.0,1.0,3.0,2020-01-16 09:36:10.068123,314.57,314.63,-1
2020-01-16 09:36:11,N,AAPL,314.57,4.0,314.63,2.0,0.0,0.0,2020-01-16 09:36:11.173762,314.57,314.63,0
2020-01-16 09:36:12,N,AAPL,314.57,2.0,314.63,2.0,0.0,1.0,2020-01-16 09:36:12.246411,314.57,314.61,0
2020-01-16 09:36:13,N,AAPL,314.57,1.0,314.61,3.0,0.0,-1.0,2020-01-16 09:36:13.001431,314.59,314.64,0
2020-01-16 09:36:14,N,AAPL,314.59,2.0,314.64,2.0,-3.0,0.0,2020-01-16 09:36:14.072168,314.59,314.65,0
2020-01-16 09:36:15,N,AAPL,314.59,2.0,314.65,3.0,0.0,0.0,2020-01-16 09:36:15.050408,314.59,314.61,0
2020-01-16 09:36:16,N,AAPL,314.59,1.0,314.61,2.0,-1.0,-1.0,2020-01-16 09:36:16.038969,314.55,314.61,0
2020-01-16 09:36:17,N,AAPL,314.55,2.0,314.61,1.0,-2.0,0.0,2020-01-16 09:36:17.772883,314.55,314.61,0
2020-01-16 09:36:18,N,AAPL,314.55,2.0,314.61,2.0,1.0,1.0,2020-01-16 09:36:18.444295,314.54,314.59,0
2020-01-16 09:36:20,N,AAPL,314.54,1.0,314.59,2.0,0.0,-2.0,2020-01-16 09:36:20.314951,314.56,314.61,0
2020-01-16 09:36:21,N,AAPL,314.56,1.0,314.61,1.0,0.0,-1.0,2020-01-16 09:36:21.273468,314.55,314.61,0
2020-01-16 09:36:22,N,AAPL,314.55,2.0,314.61,1.0,0.0,0.0,2020-01-16 09:36:22.077494,314.54,314.6,0
2020-01-16 09:36:23,N,AAPL,314.54,2.0,314.6,4.0,-2.0,2.0,2020-01-16 09:36:23.042959,314.52,314.56,0
2020-01-16 09:36:24,N,AAPL,314.52,2.0,314.56,1.0,-2.0,0.0,2020-01-16 09:36:24.035493,314.49,314.51,-1
2020-01-16 09:36:25,N,AAPL,314.49,1.0,314.51,2.0,-7.0,1.0,2020-01-16 09:36:25.107784,314.44,314.49,0
2020-01-16 09:36:26,N,AAPL,314.44,30.0,314.49,1.0,20.0,-3.0,2020-01-16 09:36:26.015923,314.46,314.5,0
2020-01-16 09:36:27,N,AAPL,314.46,6.0,314.5,2.0,-24.0,0.0,2020-01-16 09:36:27.739458,314.44,314.48,0
2020-01-16 09:36:28,N,AAPL,314.44,30.0,314.48,4.0,24.0,2.0,2020-01-16 09:36:28.003703,314.36,314.43,-1
2020-01-16 09:36:29,N,AAPL,314.36,2.0,314.43,2.0,0.0,0.0,2020-01-16 09:36:29.070735,314.41,314.46,0
2020-01-16 09:36:30,N,AAPL,314.41,2.0,314.46,2.0,0.0,0.0,2020-01-16 09:36:30.957750,314.41,314.47,0
2020-01-16 09:36:31,N,AAPL,314.41,4.0,314.47,1.0,2.0,0.0,2020-01-16 09:36:31.000461,314.39,314.43,0
2020-01-16 09:36:32,N,AAPL,314.39,2.0,314.43,2.0,1.0,-2.0,2020-01-16 09:36:32.478413,314.43,314.5,0
2020-01-16 09:36:33,N,AAPL,314.43,2.0,314.5,2.0,-3.0,-3.0,2020-01-16 09:36:33.086639,314.4,314.44,0
2020-01-16 09:36:34,N,AAPL,314.4,2.0,314.44,4.0,-2.0,3.0,2020-01-16 09:36:34.510437,314.38,314.41,0
2020-01-16 09:36:36,N,AAPL,314.38,1.0,314.41,2.0,0.0,-1.0,2020-01-16 09:36:36.252608,314.37,314.4,0
2020-01-16 09:36:37,N,AAPL,314.37,1.0,314.4,1.0,-7.0,0.0,2020-01-16 09:36:37.274252,314.34,314.36,-1
2020-01-16 09:36:38,N,AAPL,314.34,4.0,314.36,1.0,-1.0,-3.0,2020-01-16 09:36:38.045204,314.36,314.41,0
2020-01-16 09:36:39,N,AAPL,314.36,1.0,314.41,2.0,-1.0,-8.0,2020-01-16 09:36:39.662455,314.41,314.44,0
2020-01-16 09:36:40,N,AAPL,314.41,2.0,314.44,2.0,0.0,1.0,2020-01-16 09:36:40.126306,314.41,314.46,0
2020-01-16 09:36:41,N,AAPL,314.41,2.0,314.46,2.0,1.0,1.0,2020-01-16 09:36:41.003357,314.4,314.43,0
2020-01-16 09:36:43,N,AAPL,314.4,1.0,314.43,1.0,0.0,-1.0,2020-01-16 09:36:43.987048,314.4,314.43,0
2020-01-16 09:36:44,N,AAPL,314.4,1.0,314.43,1.0,-1.0,0.0,2020-01-16 09:36:44.004160,314.41,314.43,0
2020-01-16 09:36:45,N,AAPL,314.41,1.0,314.43,1.0,0.0,0.0,2020-01-16 09:36:45.359067,314.42,314.46,0
2020-01-16 09:36:47,N,AAPL,314.42,4.0,314.46,2.0,3.0,1.0,2020-01-16 09:36:47.083285,314.51,314.55,1
2020-01-16 09:36:48,N,AAPL,314.51,4.0,314.55,1.0,2.0,-2.0,2020-01-16 09:36:48.118644,314.54,314.58,0
2020-01-16 09:36:50,N,AAPL,314.54,4.0,314.58,2.0,3.0,1.0,2020-01-16 09:36:50.292694,314.52,314.56,0
2020-01-16 09:36:51,N,AAPL,314.52,3.0,314.56,2.0,-1.0,0.0,2020-01-16 09:36:51.073962,314.53,314.58,0
2020-01-16 09:36:52,N,AAPL,314.53,2.0,314.58,1.0,-1.0,-1.0,2020-01-16 09:36:52.030536,314.59,314.64,1
2020-01-16 09:36:53,N,AAPL,314.59,1.0,314.64,7.0,-1.0,4.0,2020-01-16 09:36:53.317911,314.6,314.61,0
2020-01-16 09:36:55,N,AAPL,314.6,4.0,314.61,2.0,3.0,-5.0,2020-01-16 09:36:55.012063,314.59,314.62,0
2020-01-16 09:36:57,N,AAPL,314.59,3.0,314.62,2.0,0.0,0.0,2020-01-16 09:36:57.309157,314.46,314.52,-1
2020-01-16 09:36:58,N,AAPL,314.46,3.0,314.52,2.0,-1.0,0.0,2020-01-16 09:36:58.064942,314.46,314.51,0
2020-01-16 09:36:59,N,AAPL,314.46,1.0,314.51,4.0,-3.0,0.0,2020-01-16 09:36:59.001437,314.52,314.57,1
2020-01-16 09:37:00,N,AAPL,314.52,4.0,314.57,1.0,2.0,0.0,2020-01-16 09:37:00.001393,314.53,314.58,0
2020-01-16 09:37:02,N,AAPL,314.53,1.0,314.58,1.0,-3.0,0.0,2020-01-16 09:37:02.297416,314.52,314.57,0
2020-01-16 09:37:03,N,AAPL,314.52,3.0,314.57,4.0,2.0,3.0,2020-01-16 09:37:03.904204,314.53,314.57,0
2020-01-16 09:37:04,N,AAPL,314.53,2.0,314.57,1.0,-1.0,-1.0,2020-01-16 09:37:04.868590,314.5,314.54,0
2020-01-16 09:37:05,N,AAPL,314.5,3.0,314.54,4.0,1.0,3.0,2020-01-16 09:37:05.104963,314.47,314.51,0
2020-01-16 09:37:06,N,AAPL,314.47,1.0,314.51,2.0,0.0,0.0,2020-01-16 09:37:06.722827,314.47,314.51,0
2020-01-16 09:37:07,N,AAPL,314.47,1.0,314.51,1.0,0.0,-1.0,2020-01-16 09:37:07.535707,314.49,314.56,0
2020-01-16 09:37:08,N,AAPL,314.49,3.0,314.56,2.0,2.0,0.0,2020-01-16 09:37:08.590151,314.51,314.56,0
2020-01-16 09:37:09,N,AAPL,314.51,2.0,314.56,2.0,-3.0,0.0,2020-01-16 09:37:09.002569,314.5,314.54,0
2020-01-16 09:37:10,N,AAPL,314.5,3.0,314.54,2.0,0.0,0.0,2020-01-16 09:37:10.251649,314.53,314.58,0
2020-01-16 09:37:11,N,AAPL,314.53,2.0,314.58,4.0,0.0,3.0,2020-01-16 09:37:11.047217,314.53,314.58,0
2020-01-16 09:37:12,N,AAPL,314.53,2.0,314.58,1.0,0.0,-1.0,2020-01-16 09:37:12.414248,314.55,314.58,0
2020-01-16 09:37:13,N,AAPL,314.55,4.0,314.58,2.0,3.0,1.0,2020-01-16 09:37:13.457210,314.55,314.59,0
2020-01-16 09:37:14,N,AAPL,314.55,3.0,314.59,2.0,1.0,0.0,2020-01-16 09:37:14.116039,314.53,314.57,0
2020-01-16 09:37:15,N,AAPL,314.53,3.0,314.57,1.0,1.0,0.0,2020-01-16 09:37:15.083845,314.54,314.58,0
2020-01-16 09:37:16,N,AAPL,314.54,3.0,314.58,1.0,2.0,-1.0,2020-01-16 09:37:16.254150,314.55,314.59,0
2020-01-16 09:37:17,N,AAPL,314.55,1.0,314.59,4.0,-2.0,3.0,2020-01-16 09:37:17.241199,314.55,314.59,0
2020-01-16 09:37:18,N,AAPL,314.55,3.0,314.59,1.0,2.0,-1.0,2020-01-16 09:37:18.447659,314.54,314.58,0
2020-01-16 09:37:19,N,AAPL,314.54,3.0,314.58,1.0,1.0,0.0,2020-01-16 09:37:19.438121,314.59,314.63,1
2020-01-16 09:37:21,N,AAPL,314.59,4.0,314.63,12.0,1.0,11.0,2020-01-16 09:37:21.386608,314.55,314.58,-1
2020-01-16 09:37:22,N,AAPL,314.55,2.0,314.58,4.0,1.0,2.0,2020-01-16 09:37:22.179405,314.6,314.62,1
2020-01-16 09:37:23,N,AAPL,314.6,8.0,314.62,2.0,6.0,0.0,2020-01-16 09:37:23.411183,314.6,314.62,0
2020-01-16 09:37:24,N,AAPL,314.6,1.0,314.62,2.0,-3.0,0.0,2020-01-16 09:37:24.579535,314.6,314.64,0
2020-01-16 09:37:25,N,AAPL,314.6,1.0,314.64,7.0,0.0,5.0,2020-01-16 09:37:25.283595,314.6,314.62,0
2020-01-16 09:37:26,N,AAPL,314.6,1.0,314.62,1.0,-1.0,-4.0,2020-01-16 09:37:26.012185,314.58,314.6,0
2020-01-16 09:37:29,N,AAPL,314.58,2.0,314.6,2.0,1.0,1.0,2020-01-16 09:37:29.939234,314.5,314.54,-1
2020-01-16 09:37:30,N,AAPL,314.5,2.0,314.54,4.0,0.0,3.0,2020-01-16 09:37:30.019633,314.55,314.61,1
2020-01-16 09:37:31,N,AAPL,314.55,2.0,314.61,1.0,1.0,-1.0,2020-01-16 09:37:31.012719,314.57,314.62,0
2020-01-16 09:37:32,N,AAPL,314.57,2.0,314.62,2.0,0.0,1.0,2020-01-16 09:37:32.357039,314.59,314.62,0
2020-01-16 09:37:33,N,AAPL,314.59,1.0,314.62,2.0,-1.0,0.0,2020-01-16 09:37:33.338517,314.59,314.61,0
2020-01-16 09:37:35,N,AAPL,314.59,1.0,314.61,4.0,0.0,3.0,2020-01-16 09:37:35.341657,314.55,314.58,-1
2020-01-16 09:37:36,N,AAPL,314.55,2.0,314.58,4.0,0.0,-1.0,2020-01-16 09:37:36.005563,314.56,314.58,0
2020-01-16 09:37:37,N,AAPL,314.56,1.0,314.58,1.0,-1.0,-2.0,2020-01-16 09:37:37.818967,314.53,314.56,0
2020-01-16 09:37:38,N,AAPL,314.53,1.0,314.56,5.0,0.0,4.0,2020-01-16 09:37:38.007084,314.45,314.49,-1
2020-01-16 09:37:39,N,AAPL,314.45,1.0,314.49,4.0,-1.0,2.0,2020-01-16 09:37:39.656950,314.46,314.5,0
2020-01-16 09:37:40,N,AAPL,314.46,1.0,314.5,4.0,0.0,0.0,2020-01-16 09:37:40.266898,314.45,314.49,0
2020-01-16 09:37:42,N,AAPL,314.45,2.0,314.49,1.0,1.0,0.0,2020-01-16 09:37:42.067901,314.45,314.48,0
2020-01-16 09:37:43,N,AAPL,314.45,1.0,314.48,4.0,-1.0,3.0,2020-01-16 09:37:43.291391,314.43,314.46,0
2020-01-16 09:37:44,N,AAPL,314.43,2.0,314.46,5.0,1.0,3.0,2020-01-16 09:37:44.093441,314.39,314.41,-1
2020-01-16 09:37:46,N,AAPL,314.39,8.0,314.41,4.0,6.0,3.0,2020-01-16 09:37:46.702584,314.38,314.41,0
2020-01-16 09:37:47,N,AAPL,314.38,1.0,314.41,2.0,-7.0,-2.0,2020-01-16 09:37:47.285032,314.39,314.41,0
2020-01-16 09:37:48,N,AAPL,314.39,1.0,314.41,1.0,0.0,-1.0,2020-01-16 09:37:48.423239,314.43,314.45,1
2020-01-16 09:37:49,N,AAPL,314.43,1.0,314.45,1.0,-1.0,-1.0,2020-01-16 09:37:49.132038,314.47,314.51,1
2020-01-16 09:37:51,N,AAPL,314.47,2.0,314.51,1.0,1.0,-1.0,2020-01-16 09:37:51.048109,314.41,314.46,-1
2020-01-16 09:37:53,N,AAPL,314.41,2.0,314.46,4.0,0.0,2.0,2020-01-16 09:37:53.210163,314.45,314.47,0
2020-01-16 09:37:54,N,AAPL,314.45,1.0,314.47,1.0,-1.0,-1.0,2020-01-16 09:37:54.107760,314.41,314.45,0
2020-01-16 09:37:55,N,AAPL,314.41,1.0,314.45,4.0,0.0,3.0,2020-01-16 09:37:55.468136,314.37,314.42,0
2020-01-16 09:37:56,N,AAPL,314.37,2.0,314.42,1.0,0.0,0.0,2020-01-16 09:37:56.616299,314.39,314.42,0
2020-01-16 09:37:57,N,AAPL,314.39,2.0,314.42,4.0,0.0,3.0,2020-01-16 09:37:57.851835,314.41,314.45,0
2020-01-16 09:37:58,N,AAPL,314.41,4.0,314.45,2.0,2.0,1.0,2020-01-16 09:37:58.854353,314.46,314.5,1
2020-01-16 09:38:00,N,AAPL,314.46,2.0,314.5,2.0,-2.0,1.0,2020-01-16 09:38:00.059701,314.55,314.58,1
2020-01-16 09:38:01,N,AAPL,314.55,2.0,314.58,1.0,0.0,-1.0,2020-01-16 09:38:01.077156,314.57,314.59,0
2020-01-16 09:38:02,N,AAPL,314.57,1.0,314.59,1.0,-1.0,-1.0,2020-01-16 09:38:02.413965,314.59,314.61,0
2020-01-16 09:38:03,N,AAPL,314.59,4.0,314.61,2.0,3.0,1.0,2020-01-16 09:38:03.696663,314.58,314.59,0
2020-01-16 09:38:04,N,AAPL,314.58,1.0,314.59,1.0,0.0,0.0,2020-01-16 09:38:04.498163,314.57,314.6,0
2020-01-16 09:38:05,N,AAPL,314.57,3.0,314.6,1.0,1.0,0.0,2020-01-16 09:38:05.075240,314.63,314.66,1
2020-01-16 09:38:06,N,AAPL,314.63,4.0,314.66,2.0,3.0,-2.0,2020-01-16 09:38:06.012343,314.69,314.72,1
2020-01-16 09:38:07,N,AAPL,314.69,2.0,314.72,2.0,0.0,0.0,2020-01-16 09:38:07.213049,314.71,314.74,0
2020-01-16 09:38:08,N,AAPL,314.71,5.0,314.74,2.0,3.0,0.0,2020-01-16 09:38:08.345788,314.73,314.76,0
2020-01-16 09:38:11,N,AAPL,314.73,1.0,314.76,1.0,0.0,-21.0,2020-01-16 09:38:11.318015,314.73,314.76,0
2020-01-16 09:38:12,N,AAPL,314.73,2.0,314.76,1.0,-2.0,0.0,2020-01-16 09:38:12.094363,314.75,314.76,0
2020-01-16 09:38:13,N,AAPL,314.75,1.0,314.76,1.0,-4.0,-1.0,2020-01-16 09:38:13.234399,314.75,314.78,0
2020-01-16 09:38:15,N,AAPL,314.75,2.0,314.78,2.0,1.0,1.0,2020-01-16 09:38:15.525116,314.77,314.78,0
2020-01-16 09:38:16,N,AAPL,314.77,1.0,314.78,6.0,-1.0,5.0,2020-01-16 09:38:16.947299,314.75,314.78,0
2020-01-16 09:38:17,N,AAPL,314.75,5.0,314.78,1.0,4.0,0.0,2020-01-16 09:38:17.059017,314.67,314.7,-1
2020-01-16 09:38:18,N,AAPL,314.67,1.0,314.7,2.0,-1.0,0.0,2020-01-16 09:38:18.306882,314.63,314.68,0
2020-01-16 09:38:19,N,AAPL,314.63,2.0,314.68,2.0,0.0,0.0,2020-01-16 09:38:19.475316,314.61,314.66,0
2020-01-16 09:38:20,N,AAPL,314.61,1.0,314.66,2.0,0.0,0.0,2020-01-16 09:38:20.458013,314.63,314.69,0
2020-01-16 09:38:23,N,AAPL,314.63,5.0,314.69,2.0,4.0,0.0,2020-01-16 09:38:23.833659,314.7,314.73,1
2020-01-16 09:38:24,N,AAPL,314.7,3.0,314.73,5.0,1.0,3.0,2020-01-16 09:38:24.094998,314.69,314.74,0
2020-01-16 09:38:25,N,AAPL,314.69,2.0,314.74,5.0,-1.0,-5.0,2020-01-16 09:38:25.131417,314.74,314.79,0
2020-01-16 09:38:26,N,AAPL,314.74,2.0,314.79,3.0,0.0,1.0,2020-01-16 09:38:26.242958,314.73,314.78,0
2020-01-16 09:38:27,N,AAPL,314.73,1.0,314.78,2.0,0.0,1.0,2020-01-16 09:38:27.067154,314.75,314.78,0
2020-01-16 09:38:29,N,AAPL,314.75,4.0,314.78,3.0,2.0,2.0,2020-01-16 09:38:29.114151,314.63,314.68,-1
2020-01-16 09:38:30,N,AAPL,314.63,1.0,314.68,2.0,-3.0,0.0,2020-01-16 09:38:30.662887,314.67,314.74,0
2020-01-16 09:38:31,N,AAPL,314.67,1.0,314.74,2.0,0.0,0.0,2020-01-16 09:38:31.668698,314.66,314.7,0
2020-01-16 09:38:32,N,AAPL,314.66,1.0,314.7,5.0,0.0,4.0,2020-01-16 09:38:32.221269,314.66,314.71,0
2020-01-16 09:38:35,N,AAPL,314.66,3.0,314.71,5.0,2.0,1.0,2020-01-16 09:38:35.178662,314.67,314.71,0
2020-01-16 09:38:36,N,AAPL,314.67,3.0,314.71,1.0,0.0,-2.0,2020-01-16 09:38:36.145130,314.7,314.74,0
2020-01-16 09:38:39,N,AAPL,314.7,2.0,314.74,2.0,0.0,1.0,2020-01-16 09:38:39.660442,314.68,314.7,0
2020-01-16 09:38:40,N,AAPL,314.68,4.0,314.7,1.0,2.0,-1.0,2020-01-16 09:38:40.681893,314.68,314.72,0
2020-01-16 09:38:42,N,AAPL,314.68,4.0,314.72,2.0,0.0,0.0,2020-01-16 09:38:42.278828,314.73,314.77,1
2020-01-16 09:38:43,N,AAPL,314.73,2.0,314.77,2.0,0.0,-17.0,2020-01-16 09:38:43.487230,314.75,314.77,0
2020-01-16 09:38:44,N,AAPL,314.75,1.0,314.77,4.0,0.0,3.0,2020-01-16 09:38:44.479219,314.75,314.79,0
2020-01-16 09:38:45,N,AAPL,314.75,1.0,314.79,4.0,0.0,-1.0,2020-01-16 09:38:45.031414,314.79,314.8,0
2020-01-16 09:38:46,N,AAPL,314.79,1.0,314.8,15.0,0.0,-1.0,2020-01-16 09:38:46.112673,314.78,314.82,0
2020-01-16 09:38:47,N,AAPL,314.78,2.0,314.82,2.0,-2.0,0.0,2020-01-16 09:38:47.166416,314.82,314.85,0
2020-01-16 09:38:52,N,AAPL,314.82,2.0,314.85,7.0,1.0,5.0,2020-01-16 09:38:52.195676,314.84,314.88,0
2020-01-16 09:38:53,N,AAPL,314.84,4.0,314.88,13.0,2.0,11.0,2020-01-16 09:38:53.156743,314.82,314.85,0
2020-01-16 09:38:54,N,AAPL,314.82,1.0,314.85,2.0,0.0,0.0,2020-01-16 09:38:54.210452,314.72,314.75,-1
2020-01-16 09:38:55,N,AAPL,314.72,1.0,314.75,1.0,0.0,-1.0,2020-01-16 09:38:55.115317,314.72,314.76,0
2020-01-16 09:38:56,N,AAPL,314.72,1.0,314.76,3.0,0.0,2.0,2020-01-16 09:38:56.458764,314.73,314.78,0
2020-01-16 09:38:57,N,AAPL,314.73,4.0,314.78,1.0,3.0,0.0,2020-01-16 09:38:57.279735,314.76,314.82,0
2020-01-16 09:38:58,N,AAPL,314.76,9.0,314.82,2.0,8.0,1.0,2020-01-16 09:38:58.069581,314.73,314.77,0
2020-01-16 09:38:59,N,AAPL,314.73,2.0,314.77,4.0,0.0,1.0,2020-01-16 09:38:59.913347,314.7,314.73,0
2020-01-16 09:39:00,N,AAPL,314.7,2.0,314.73,1.0,1.0,-1.0,2020-01-16 09:39:00.020210,314.71,314.76,0
2020-01-16 09:39:01,N,AAPL,314.71,2.0,314.76,2.0,1.0,0.0,2020-01-16 09:39:01.146359,314.71,314.74,0
2020-01-16 09:39:02,N,AAPL,314.71,1.0,314.74,4.0,-1.0,0.0,2020-01-16 09:39:02.217374,314.71,314.75,0
2020-01-16 09:39:03,N,AAPL,314.71,2.0,314.75,1.0,1.0,0.0,2020-01-16 09:39:03.439427,314.68,314.71,0
2020-01-16 09:39:05,N,AAPL,314.68,1.0,314.71,4.0,-1.0,3.0,2020-01-16 09:39:05.607601,314.68,314.71,0
2020-01-16 09:39:06,N,AAPL,314.68,1.0,314.71,2.0,-2.0,0.0,2020-01-16 09:39:06.483992,314.69,314.7,0
2020-01-16 09:39:07,N,AAPL,314.69,1.0,314.7,1.0,0.0,-1.0,2020-01-16 09:39:07.156567,314.67,314.72,0
2020-01-16 09:39:08,N,AAPL,314.67,2.0,314.72,3.0,1.0,-49.0,2020-01-16 09:39:08.041771,314.69,314.73,0
2020-01-16 09:39:09,N,AAPL,314.69,2.0,314.73,53.0,1.0,52.0,2020-01-16 09:39:09.088897,314.66,314.72,0
2020-01-16 09:39:10,N,AAPL,314.66,2.0,314.72,4.0,1.0,3.0,2020-01-16 09:39:10.057084,314.7,314.72,0
2020-01-16 09:39:11,N,AAPL,314.7,1.0,314.72,4.0,-3.0,-47.0,2020-01-16 09:39:11.440892,314.67,314.71,0
2020-01-16 09:39:12,N,AAPL,314.67,2.0,314.71,4.0,0.0,2.0,2020-01-16 09:39:12.415214,314.69,314.72,0
2020-01-16 09:39:13,N,AAPL,314.69,1.0,314.72,4.0,-1.0,3.0,2020-01-16 09:39:13.691004,314.7,314.73,0
2020-01-16 09:39:14,N,AAPL,314.7,4.0,314.73,44.0,3.0,-2.0,2020-01-16 09:39:14.934308,314.73,314.74,0
2020-01-16 09:39:15,N,AAPL,314.73,7.0,314.74,2.0,5.0,-42.0,2020-01-16 09:39:15.936105,314.76,314.8,1
2020-01-16 09:39:16,N,AAPL,314.76,1.0,314.8,5.0,-3.0,4.0,2020-01-16 09:39:16.574011,314.79,314.82,0
2020-01-16 09:39:18,N,AAPL,314.79,2.0,314.82,5.0,0.0,3.0,2020-01-16 09:39:18.453906,314.76,314.78,-1
2020-01-16 09:39:19,N,AAPL,314.76,1.0,314.78,5.0,-1.0,4.0,2020-01-16 09:39:19.000157,314.7,314.75,-1
2020-01-16 09:39:20,N,AAPL,314.7,2.0,314.75,1.0,0.0,0.0,2020-01-16 09:39:20.045593,314.72,314.74,0
2020-01-16 09:39:21,N,AAPL,314.72,1.0,314.74,1.0,0.0,0.0,2020-01-16 09:39:21.070829,314.71,314.75,0
2020-01-16 09:39:22,N,AAPL,314.71,2.0,314.75,1.0,1.0,0.0,2020-01-16 09:39:22.054524,314.72,314.75,0
2020-01-16 09:39:24,N,AAPL,314.72,4.0,314.75,1.0,2.0,0.0,2020-01-16 09:39:24.194217,314.71,314.74,0
2020-01-16 09:39:25,N,AAPL,314.71,1.0,314.74,4.0,-2.0,3.0,2020-01-16 09:39:25.464061,314.67,314.71,0
2020-01-16 09:39:26,N,AAPL,314.67,2.0,314.71,4.0,1.0,3.0,2020-01-16 09:39:26.339502,314.66,314.71,0
2020-01-16 09:39:27,N,AAPL,314.66,1.0,314.71,1.0,-1.0,0.0,2020-01-16 09:39:27.220066,314.68,314.74,0
2020-01-16 09:39:28,N,AAPL,314.68,3.0,314.74,3.0,0.0,1.0,2020-01-16 09:39:28.142705,314.74,314.79,0
2020-01-16 09:39:29,N,AAPL,314.74,2.0,314.79,2.0,0.0,1.0,2020-01-16 09:39:29.218035,314.71,314.76,0
2020-01-16 09:39:30,N,AAPL,314.71,2.0,314.76,1.0,0.0,-3.0,2020-01-16 09:39:30.004990,314.74,314.77,0
2020-01-16 09:39:31,N,AAPL,314.74,4.0,314.77,2.0,2.0,0.0,2020-01-16 09:39:31.498309,314.74,314.79,0
2020-01-16 09:39:32,N,AAPL,314.74,4.0,314.79,2.0,2.0,0.0,2020-01-16 09:39:32.068048,314.77,314.81,0
2020-01-16 09:39:33,N,AAPL,314.77,2.0,314.81,2.0,-3.0,0.0,2020-01-16 09:39:33.103427,314.77,314.8,0
2020-01-16 09:39:35,N,AAPL,314.77,4.0,314.8,1.0,1.0,-1.0,2020-01-16 09:39:35.711141,314.74,314.78,0
2020-01-16 09:39:36,N,AAPL,314.74,2.0,314.78,3.0,-2.0,1.0,2020-01-16 09:39:36.180562,314.75,314.77,0
2020-01-16 09:39:38,N,AAPL,314.75,1.0,314.77,2.0,-2.0,0.0,2020-01-16 09:39:38.080852,314.78,314.8,1
2020-01-16 09:39:39,N,AAPL,314.78,1.0,314.8,11.0,0.0,-11.0,2020-01-16 09:39:39.125203,314.79,314.81,0
2020-01-16 09:39:41,N,AAPL,314.79,2.0,314.81,1.0,1.0,-10.0,2020-01-16 09:39:41.602943,314.8,314.82,0
2020-01-16 09:39:42,N,AAPL,314.8,5.0,314.82,1.0,3.0,0.0,2020-01-16 09:39:42.393103,314.79,314.82,0
2020-01-16 09:39:43,N,AAPL,314.79,4.0,314.82,4.0,1.0,-1.0,2020-01-16 09:39:43.294803,314.79,314.83,0
2020-01-16 09:39:44,N,AAPL,314.79,2.0,314.83,5.0,0.0,3.0,2020-01-16 09:39:44.317727,314.8,314.83,0
2020-01-16 09:39:45,N,AAPL,314.8,3.0,314.83,2.0,1.0,1.0,2020-01-16 09:39:45.124922,314.81,314.84,0
2020-01-16 09:39:47,N,AAPL,314.81,4.0,314.84,5.0,-2.0,2.0,2020-01-16 09:39:47.774020,314.81,314.83,0
2020-01-16 09:39:49,N,AAPL,314.81,4.0,314.83,5.0,0.0,3.0,2020-01-16 09:39:49.115934,314.8,314.83,0
2020-01-16 09:39:51,N,AAPL,314.8,3.0,314.83,5.0,2.0,3.0,2020-01-16 09:39:51.271079,314.74,314.78,-1
2020-01-16 09:39:52,N,AAPL,314.74,1.0,314.78,2.0,-1.0,0.0,2020-01-16 09:39:52.091312,314.75,314.79,0
2020-01-16 09:39:53,N,AAPL,314.75,2.0,314.79,1.0,-2.0,0.0,2020-01-16 09:39:53.263235,314.74,314.79,0
2020-01-16 09:39:54,N,AAPL,314.74,3.0,314.79,4.0,0.0,2.0,2020-01-16 09:39:54.833962,314.75,314.78,0
2020-01-16 09:39:55,N,AAPL,314.75,1.0,314.78,2.0,-2.0,-2.0,2020-01-16 09:39:55.575041,314.75,314.78,0
2020-01-16 09:39:56,N,AAPL,314.75,1.0,314.78,2.0,0.0,0.0,2020-01-16 09:39:56.896719,314.75,314.79,0
2020-01-16 09:39:58,N,AAPL,314.75,5.0,314.79,3.0,4.0,1.0,2020-01-16 09:39:58.337841,314.77,314.81,0
2020-01-16 09:39:59,N,AAPL,314.77,4.0,314.81,1.0,-1.0,-2.0,2020-01-16 09:39:59.824202,314.78,314.82,0
2020-01-16 09:40:00,N,AAPL,314.78,2.0,314.82,1.0,-2.0,0.0,2020-01-16 09:40:00.048270,314.84,314.86,1
2020-01-16 09:40:01,N,AAPL,314.84,2.0,314.86,3.0,0.0,2.0,2020-01-16 09:40:01.169073,314.83,314.86,0
2020-01-16 09:40:02,N,AAPL,314.83,2.0,314.86,3.0,0.0,0.0,2020-01-16 09:40:02.942232,314.86,314.88,0
2020-01-16 09:40:03,N,AAPL,314.86,5.0,314.88,9.0,3.0,6.0,2020-01-16 09:40:03.999985,314.87,314.88,0
2020-01-16 09:40:04,N,AAPL,314.87,4.0,314.88,9.0,-1.0,0.0,2020-01-16 09:40:04.000198,314.92,314.94,1
2020-01-16 09:40:05,N,AAPL,314.92,4.0,314.94,2.0,0.0,1.0,2020-01-16 09:40:05.290587,314.92,314.96,0
2020-01-16 09:40:06,N,AAPL,314.92,2.0,314.96,3.0,0.0,1.0,2020-01-16 09:40:06.322073,314.92,314.95,0
2020-01-16 09:40:07,N,AAPL,314.92,1.0,314.95,4.0,-3.0,-2.0,2020-01-16 09:40:07.075787,314.98,314.99,1
2020-01-16 09:40:08,N,AAPL,314.98,4.0,314.99,1.0,2.0,-1.0,2020-01-16 09:40:08.861491,314.96,314.98,0
2020-01-16 09:40:09,N,AAPL,314.96,4.0,314.98,3.0,0.0,-59.0,2020-01-16 09:40:09.717041,314.9,314.95,-1
2020-01-16 09:40:10,N,AAPL,314.9,3.0,314.95,2.0,-2.0,-1.0,2020-01-16 09:40:10.015058,314.93,314.99,0
2020-01-16 09:40:11,N,AAPL,314.93,4.0,314.99,5.0,2.0,1.0,2020-01-16 09:40:11.008161,314.93,314.99,0
2020-01-16 09:40:12,N,AAPL,314.93,4.0,314.99,2.0,2.0,0.0,2020-01-16 09:40:12.184606,314.94,314.97,0
2020-01-16 09:40:13,N,AAPL,314.94,1.0,314.97,2.0,-4.0,-2.0,2020-01-16 09:40:13.421416,314.96,315.0,0
2020-01-16 09:40:14,N,AAPL,314.96,2.0,315.0,51.0,-2.0,-3.0,2020-01-16 09:40:14.540781,314.97,315.0,0
2020-01-16 09:40:15,N,AAPL,314.97,2.0,315.0,53.0,1.0,2.0,2020-01-16 09:40:15.448014,314.99,315.01,0
2020-01-16 09:40:16,N,AAPL,314.99,6.0,315.01,2.0,4.0,-51.0,2020-01-16 09:40:16.369949,314.99,315.0,0
2020-01-16 09:40:17,N,AAPL,314.99,1.0,315.0,6.0,-1.0,-25.0,2020-01-16 09:40:17.007113,314.96,314.98,-1
2020-01-16 09:40:18,N,AAPL,314.96,2.0,314.98,4.0,0.0,-2.0,2020-01-16 09:40:18.746227,314.97,314.99,0
2020-01-16 09:40:19,N,AAPL,314.97,1.0,314.99,1.0,0.0,-3.0,2020-01-16 09:40:19.285154,314.95,314.98,0
2020-01-16 09:40:20,N,AAPL,314.95,1.0,314.98,4.0,-1.0,2.0,2020-01-16 09:40:20.018980,315.06,315.08,1
2020-01-16 09:40:23,N,AAPL,315.06,2.0,315.08,1.0,0.0,-1.0,2020-01-16 09:40:23.742462,315.03,315.06,0
2020-01-16 09:40:24,N,AAPL,315.03,2.0,315.06,4.0,0.0,3.0,2020-01-16 09:40:24.230081,315.04,315.08,0
2020-01-16 09:40:26,N,AAPL,315.04,1.0,315.08,4.0,-5.0,1.0,2020-01-16 09:40:26.266291,315.04,315.09,0
2020-01-16 09:40:27,N,AAPL,315.04,2.0,315.09,4.0,1.0,2.0,2020-01-16 09:40:27.529347,315.03,315.06,0
2020-01-16 09:40:28,N,AAPL,315.03,1.0,315.06,2.0,-1.0,-2.0,2020-01-16 09:40:28.323522,315.02,315.06,0
2020-01-16 09:40:29,N,AAPL,315.02,1.0,315.06,2.0,0.0,1.0,2020-01-16 09:40:29.257367,315.05,315.07,0
2020-01-16 09:40:32,N,AAPL,315.05,3.0,315.07,1.0,2.0,0.0,2020-01-16 09:40:32.264127,315.04,315.08,0
2020-01-16 09:40:33,N,AAPL,315.04,2.0,315.08,1.0,-2.0,-1.0,2020-01-16 09:40:33.105470,315.01,315.06,0
2020-01-16 09:40:34,N,AAPL,315.01,5.0,315.06,2.0,3.0,0.0,2020-01-16 09:40:34.765207,315.03,315.09,0
2020-01-16 09:40:35,N,AAPL,315.03,4.0,315.09,2.0,-1.0,0.0,2020-01-16 09:40:35.183708,315.04,315.08,0
2020-01-16 09:40:36,N,AAPL,315.04,2.0,315.08,2.0,0.0,0.0,2020-01-16 09:40:36.443973,315.07,315.09,0
2020-01-16 09:40:37,N,AAPL,315.07,2.0,315.09,1.0,0.0,-1.0,2020-01-16 09:40:37.180036,315.05,315.06,-1
2020-01-16 09:40:38,N,AAPL,315.05,2.0,315.06,1.0,0.0,0.0,2020-01-16 09:40:38.775663,315.03,315.06,0
2020-01-16 09:40:39,N,AAPL,315.03,1.0,315.06,2.0,-3.0,0.0,2020-01-16 09:40:39.706522,315.03,315.08,0
2020-01-16 09:40:40,N,AAPL,315.03,2.0,315.08,2.0,1.0,0.0,2020-01-16 09:40:40.002335,315.0,315.04,0
2020-01-16 09:40:41,N,AAPL,315.0,4.0,315.04,3.0,0.0,1.0,2020-01-16 09:40:41.241089,314.93,314.98,-1
2020-01-16 09:40:42,N,AAPL,314.93,2.0,314.98,2.0,1.0,0.0,2020-01-16 09:40:42.963423,314.94,314.98,0
2020-01-16 09:40:43,N,AAPL,314.94,1.0,314.98,1.0,0.0,-1.0,2020-01-16 09:40:43.010228,314.9,314.94,0
2020-01-16 09:40:44,N,AAPL,314.9,2.0,314.94,2.0,-7.0,0.0,2020-01-16 09:40:44.159494,314.86,314.9,0
2020-01-16 09:40:45,N,AAPL,314.86,1.0,314.9,2.0,0.0,0.0,2020-01-16 09:40:45.012170,314.86,314.9,0
2020-01-16 09:40:46,N,AAPL,314.86,2.0,314.9,5.0,-2.0,4.0,2020-01-16 09:40:46.106795,314.85,314.89,0
2020-01-16 09:40:48,N,AAPL,314.85,4.0,314.89,1.0,1.0,-1.0,2020-01-16 09:40:48.088054,314.92,314.95,1
2020-01-16 09:40:49,N,AAPL,314.92,4.0,314.95,3.0,-4.0,1.0,2020-01-16 09:40:49.073593,314.94,314.99,0
2020-01-16 09:40:50,N,AAPL,314.94,4.0,314.99,3.0,2.0,0.0,2020-01-16 09:40:50.093814,314.94,314.98,0
2020-01-16 09:40:51,N,AAPL,314.94,4.0,314.98,1.0,0.0,0.0,2020-01-16 09:40:51.116629,314.95,314.99,0
2020-01-16 09:40:52,N,AAPL,314.95,4.0,314.99,1.0,3.0,-1.0,2020-01-16 09:40:52.486573,314.95,314.99,0
2020-01-16 09:40:53,N,AAPL,314.95,2.0,314.99,2.0,0.0,0.0,2020-01-16 09:40:53.294933,314.96,315.0,0
2020-01-16 09:40:54,N,AAPL,314.96,2.0,315.0,1.0,-2.0,0.0,2020-01-16 09:40:54.020632,314.97,315.0,0
2020-01-16 09:40:55,N,AAPL,314.97,3.0,315.0,1.0,-1.0,0.0,2020-01-16 09:40:55.430281,314.98,315.01,0
2020-01-16 09:40:56,N,AAPL,314.98,4.0,315.01,1.0,2.0,0.0,2020-01-16 09:40:56.169993,315.0,315.04,0
2020-01-16 09:40:57,N,AAPL,315.0,2.0,315.04,2.0,1.0,1.0,2020-01-16 09:40:57.454839,315.0,315.04,0
2020-01-16 09:40:58,N,AAPL,315.0,3.0,315.04,2.0,1.0,0.0,2020-01-16 09:40:58.469920,314.99,315.01,0
2020-01-16 09:40:59,N,AAPL,314.99,2.0,315.01,4.0,-1.0,2.0,2020-01-16 09:40:59.279112,315.0,315.04,0
2020-01-16 09:41:00,N,AAPL,315.0,2.0,315.04,2.0,0.0,0.0,2020-01-16 09:41:00.000561,315.03,315.07,0
2020-01-16 09:41:01,N,AAPL,315.03,4.0,315.07,2.0,3.0,0.0,2020-01-16 09:41:01.016472,315.02,315.05,0
2020-01-16 09:41:02,N,AAPL,315.02,4.0,315.05,1.0,2.0,-2.0,2020-01-16 09:41:02.148203,315.03,315.06,0
2020-01-16 09:41:04,N,AAPL,315.03,2.0,315.06,1.0,-2.0,0.0,2020-01-16 09:41:04.090251,315.04,315.06,0
2020-01-16 09:41:05,N,AAPL,315.04,2.0,315.06,1.0,1.0,0.0,2020-01-16 09:41:05.143379,315.04,315.09,0
2020-01-16 09:41:06,N,AAPL,315.04,1.0,315.09,3.0,-2.0,0.0,2020-01-16 09:41:06.484477,315.06,315.09,0
2020-01-16 09:41:07,N,AAPL,315.06,1.0,315.09,2.0,-1.0,1.0,2020-01-16 09:41:07.076315,315.04,315.08,0
2020-01-16 09:41:08,N,AAPL,315.04,4.0,315.08,1.0,-1.0,0.0,2020-01-16 09:41:08.340734,315.05,315.09,0
2020-01-16 09:41:09,N,AAPL,315.05,3.0,315.09,2.0,-1.0,1.0,2020-01-16 09:41:09.356816,315.05,315.1,0
2020-01-16 09:41:10,N,AAPL,315.05,2.0,315.1,2.0,1.0,-1.0,2020-01-16 09:41:10.005116,315.05,315.08,0
2020-01-16 09:41:11,N,AAPL,315.05,1.0,315.08,2.0,0.0,1.0,2020-01-16 09:41:11.315165,315.07,315.1,0
2020-01-16 09:41:12,N,AAPL,315.07,4.0,315.1,4.0,1.0,-8.0,2020-01-16 09:41:12.320871,315.05,315.07,0
2020-01-16 09:41:13,N,AAPL,315.05,4.0,315.07,4.0,-2.0,0.0,2020-01-16 09:41:13.126302,315.08,315.1,1
2020-01-16 09:41:14,N,AAPL,315.08,1.0,315.1,1.0,0.0,-1.0,2020-01-16 09:41:14.261140,315.05,315.07,-1
2020-01-16 09:41:15,N,AAPL,315.05,2.0,315.07,2.0,1.0,-8.0,2020-01-16 09:41:15.123371,315.05,315.09,0
2020-01-16 09:41:16,N,AAPL,315.05,4.0,315.09,1.0,0.0,-3.0,2020-01-16 09:41:16.312331,315.05,315.09,0
2020-01-16 09:41:17,N,AAPL,315.05,4.0,315.09,1.0,-1.0,0.0,2020-01-16 09:41:17.001771,315.06,315.1,0
2020-01-16 09:41:18,N,AAPL,315.06,5.0,315.1,1.0,1.0,-2.0,2020-01-16 09:41:18.045731,315.07,315.1,0
2020-01-16 09:41:19,N,AAPL,315.07,5.0,315.1,1.0,4.0,-1.0,2020-01-16 09:41:19.186276,315.11,315.13,1
2020-01-16 09:41:22,N,AAPL,315.11,2.0,315.13,4.0,-2.0,3.0,2020-01-16 09:41:22.015281,315.09,315.12,0
2020-01-16 09:41:24,N,AAPL,315.09,6.0,315.12,1.0,5.0,0.0,2020-01-16 09:41:24.000816,315.09,315.13,0
2020-01-16 09:41:25,N,AAPL,315.09,8.0,315.13,1.0,2.0,-1.0,2020-01-16 09:41:25.456151,315.08,315.11,0
2020-01-16 09:41:26,N,AAPL,315.08,2.0,315.11,2.0,-1.0,-1.0,2020-01-16 09:41:26.592773,315.05,315.07,-1
2020-01-16 09:41:27,N,AAPL,315.05,3.0,315.07,2.0,0.0,0.0,2020-01-16 09:41:27.004306,314.97,315.01,-1
2020-01-16 09:41:28,N,AAPL,314.97,1.0,315.01,1.0,-2.0,-4.0,2020-01-16 09:41:28.157155,315.05,315.09,1
2020-01-16 09:41:29,N,AAPL,315.05,3.0,315.09,1.0,1.0,0.0,2020-01-16 09:41:29.236069,315.07,315.1,0
2020-01-16 09:41:30,N,AAPL,315.07,3.0,315.1,1.0,0.0,-1.0,2020-01-16 09:41:30.676126,315.08,315.11,0
2020-01-16 09:41:31,N,AAPL,315.08,1.0,315.11,2.0,-4.0,0.0,2020-01-16 09:41:31.157570,315.08,315.11,0
2020-01-16 09:41:32,N,AAPL,315.08,1.0,315.11,1.0,-2.0,-3.0,2020-01-16 09:41:32.392525,315.08,315.11,0
2020-01-16 09:41:33,N,AAPL,315.08,2.0,315.11,4.0,1.0,3.0,2020-01-16 09:41:33.123025,315.06,315.09,0
2020-01-16 09:41:34,N,AAPL,315.06,1.0,315.09,4.0,-1.0,3.0,2020-01-16 09:41:34.224010,315.07,315.09,0
2020-01-16 09:41:35,N,AAPL,315.07,2.0,315.09,1.0,1.0,-1.0,2020-01-16 09:41:35.266377,315.05,315.08,0
2020-01-16 09:41:37,N,AAPL,315.05,3.0,315.08,4.0,2.0,3.0,2020-01-16 09:41:37.107460,314.98,315.0,-1
2020-01-16 09:41:38,N,AAPL,314.98,1.0,315.0,1.0,0.0,0.0,2020-01-16 09:41:38.342493,314.91,314.95,-1
2020-01-16 09:41:39,N,AAPL,314.91,2.0,314.95,1.0,1.0,-1.0,2020-01-16 09:41:39.306233,314.91,314.95,0
2020-01-16 09:41:40,N,AAPL,314.91,4.0,314.95,1.0,3.0,0.0,2020-01-16 09:41:40.853572,314.92,314.95,0
2020-01-16 09:41:41,N,AAPL,314.92,1.0,314.95,3.0,-1.0,1.0,2020-01-16 09:41:41.243494,314.94,314.98,0
2020-01-16 09:41:42,N,AAPL,314.94,1.0,314.98,1.0,0.0,0.0,2020-01-16 09:41:42.601402,314.95,314.98,0
2020-01-16 09:41:43,N,AAPL,314.95,3.0,314.98,1.0,2.0,0.0,2020-01-16 09:41:43.266071,314.97,315.01,0
2020-01-16 09:41:44,N,AAPL,314.97,2.0,315.01,2.0,-1.0,1.0,2020-01-16 09:41:44.809772,314.97,315.01,0
2020-01-16 09:41:45,N,AAPL,314.97,2.0,315.01,1.0,0.0,0.0,2020-01-16 09:41:45.170000,314.96,314.97,0
2020-01-16 09:41:46,N,AAPL,314.96,1.0,314.97,4.0,0.0,3.0,2020-01-16 09:41:46.242765,314.88,314.91,-1
2020-01-16 09:41:47,N,AAPL,314.88,2.0,314.91,2.0,1.0,1.0,2020-01-16 09:41:47.055392,314.88,314.9,0
2020-01-16 09:41:48,N,AAPL,314.88,4.0,314.9,1.0,3.0,-3.0,2020-01-16 09:41:48.460347,314.85,314.87,-1
2020-01-16 09:41:49,N,AAPL,314.85,2.0,314.87,1.0,1.0,-1.0,2020-01-16 09:41:49.051418,314.86,314.89,0
2020-01-16 09:41:50,N,AAPL,314.86,1.0,314.89,1.0,-4.0,-1.0,2020-01-16 09:41:50.034374,314.91,314.94,1
2020-01-16 09:41:51,N,AAPL,314.91,4.0,314.94,2.0,3.0,0.0,2020-01-16 09:41:51.275389,314.97,315.0,1
2020-01-16 09:41:52,N,AAPL,314.97,1.0,315.0,4.0,-3.0,-1.0,2020-01-16 09:41:52.036290,315.02,315.05,1
2020-01-16 09:41:53,N,AAPL,315.02,3.0,315.05,1.0,2.0,0.0,2020-01-16 09:41:53.371436,314.98,315.0,-1
2020-01-16 09:41:54,N,AAPL,314.98,1.0,315.0,9.0,-2.0,8.0,2020-01-16 09:41:54.355745,314.98,315.02,0
2020-01-16 09:41:55,N,AAPL,314.98,2.0,315.02,1.0,-1.0,-1.0,2020-01-16 09:41:55.199353,314.97,315.0,0
2020-01-16 09:41:57,N,AAPL,314.97,2.0,315.0,2.0,1.0,0.0,2020-01-16 09:41:57.117688,314.97,315.01,0
2020-01-16 09:41:58,N,AAPL,314.97,2.0,315.01,1.0,1.0,-1.0,2020-01-16 09:41:58.789767,314.97,315.01,0
2020-01-16 09:41:59,N,AAPL,314.97,1.0,315.01,2.0,0.0,1.0,2020-01-16 09:41:59.269126,314.94,314.96,-1
2020-01-16 09:42:00,N,AAPL,314.94,1.0,314.96,4.0,0.0,2.0,2020-01-16 09:42:00.214594,315.0,315.03,1
2020-01-16 09:42:01,N,AAPL,315.0,3.0,315.03,2.0,1.0,1.0,2020-01-16 09:42:01.071747,315.03,315.07,0
2020-01-16 09:42:02,N,AAPL,315.03,40.0,315.07,1.0,-2.0,0.0,2020-01-16 09:42:02.376844,315.03,315.06,0
2020-01-16 09:42:03,N,AAPL,315.03,40.0,315.06,4.0,0.0,3.0,2020-01-16 09:42:03.211353,315.1,315.11,1
2020-01-16 09:42:04,N,AAPL,315.1,19.0,315.11,2.0,-11.0,-1.0,2020-01-16 09:42:04.878921,315.07,315.1,0
2020-01-16 09:42:05,N,AAPL,315.07,4.0,315.1,2.0,0.0,-1.0,2020-01-16 09:42:05.073378,315.06,315.09,0
2020-01-16 09:42:06,N,AAPL,315.06,2.0,315.09,4.0,-3.0,3.0,2020-01-16 09:42:06.798428,315.01,315.04,-1
2020-01-16 09:42:07,N,AAPL,315.01,2.0,315.04,1.0,0.0,-4.0,2020-01-16 09:42:07.156716,315.03,315.05,0
2020-01-16 09:42:08,N,AAPL,315.03,4.0,315.05,1.0,2.0,0.0,2020-01-16 09:42:08.267749,314.99,315.01,-1
2020-01-16 09:42:11,N,AAPL,314.99,2.0,315.01,1.0,1.0,0.0,2020-01-16 09:42:11.268195,314.96,314.99,0
2020-01-16 09:42:12,N,AAPL,314.96,2.0,314.99,1.0,1.0,0.0,2020-01-16 09:42:12.115217,314.98,315.01,0
2020-01-16 09:42:13,N,AAPL,314.98,2.0,315.01,1.0,1.0,0.0,2020-01-16 09:42:13.060142,314.98,315.01,0
2020-01-16 09:42:14,N,AAPL,314.98,3.0,315.01,1.0,2.0,0.0,2020-01-16 09:42:14.328818,314.95,314.97,-1
2020-01-16 09:42:15,N,AAPL,314.95,1.0,314.97,1.0,0.0,-1.0,2020-01-16 09:42:15.741309,314.96,315.01,0
2020-01-16 09:42:16,N,AAPL,314.96,2.0,315.01,2.0,1.0,1.0,2020-01-16 09:42:16.412102,314.98,315.01,0
2020-01-16 09:42:17,N,AAPL,314.98,4.0,315.01,2.0,2.0,0.0,2020-01-16 09:42:17.238050,315.01,315.04,0
2020-01-16 09:42:19,N,AAPL,315.01,4.0,315.04,1.0,0.0,-1.0,2020-01-16 09:42:19.651609,315.03,315.06,0
2020-01-16 09:42:20,N,AAPL,315.03,3.0,315.06,1.0,1.0,0.0,2020-01-16 09:42:20.067889,315.02,315.05,0
2020-01-16 09:42:21,N,AAPL,315.02,4.0,315.05,1.0,2.0,-1.0,2020-01-16 09:42:21.032405,315.01,315.05,0
2020-01-16 09:42:22,N,AAPL,315.01,2.0,315.05,2.0,-2.0,1.0,2020-01-16 09:42:22.063068,315.01,315.05,0
2020-01-16 09:42:23,N,AAPL,315.01,1.0,315.05,2.0,0.0,-2.0,2020-01-16 09:42:23.080007,315.04,315.08,0
2020-01-16 09:42:24,N,AAPL,315.04,3.0,315.08,2.0,2.0,0.0,2020-01-16 09:42:24.261661,315.04,315.08,0
2020-01-16 09:42:25,N,AAPL,315.04,1.0,315.08,2.0,-1.0,0.0,2020-01-16 09:42:25.027306,315.05,315.07,0
2020-01-16 09:42:29,N,AAPL,315.05,2.0,315.07,2.0,-1.0,0.0,2020-01-16 09:42:29.275325,315.08,315.1,1
2020-01-16 09:42:30,N,AAPL,315.08,1.0,315.1,1.0,-1.0,-1.0,2020-01-16 09:42:30.108075,315.1,315.12,0
2020-01-16 09:42:31,N,AAPL,315.1,1.0,315.12,2.0,-2.0,1.0,2020-01-16 09:42:31.018365,315.12,315.14,0
2020-01-16 09:42:32,N,AAPL,315.12,4.0,315.14,3.0,-1.0,1.0,2020-01-16 09:42:32.618181,315.13,315.15,0
2020-01-16 09:42:33,N,AAPL,315.13,2.0,315.15,3.0,-2.0,0.0,2020-01-16 09:42:33.282154,315.13,315.15,0
2020-01-16 09:42:35,N,AAPL,315.13,1.0,315.15,4.0,0.0,-1.0,2020-01-16 09:42:35.879448,315.12,315.15,0
2020-01-16 09:42:38,N,AAPL,315.12,2.0,315.15,4.0,1.0,0.0,2020-01-16 09:42:38.382228,315.14,315.15,0
2020-01-16 09:42:41,N,AAPL,315.14,2.0,315.15,4.0,0.0,0.0,2020-01-16 09:42:41.027449,315.13,315.14,0
2020-01-16 09:42:42,N,AAPL,315.13,2.0,315.14,8.0,0.0,4.0,2020-01-16 09:42:42.158343,315.08,315.1,-1
2020-01-16 09:42:43,N,AAPL,315.08,2.0,315.1,5.0,1.0,4.0,2020-01-16 09:42:43.835285,315.06,315.1,0
2020-01-16 09:42:44,N,AAPL,315.06,5.0,315.1,2.0,1.0,0.0,2020-01-16 09:42:44.137116,315.05,315.07,0
2020-01-16 09:42:45,N,AAPL,315.05,3.0,315.07,2.0,1.0,0.0,2020-01-16 09:42:45.620594,315.08,315.11,1
2020-01-16 09:42:46,N,AAPL,315.08,3.0,315.11,1.0,2.0,-1.0,2020-01-16 09:42:46.013257,315.08,315.11,0
2020-01-16 09:42:47,N,AAPL,315.08,2.0,315.11,1.0,0.0,0.0,2020-01-16 09:42:47.076539,315.09,315.1,0
2020-01-16 09:42:51,N,AAPL,315.09,4.0,315.1,1.0,2.0,0.0,2020-01-16 09:42:51.691143,315.1,315.13,0
2020-01-16 09:42:52,N,AAPL,315.1,4.0,315.13,1.0,3.0,-1.0,2020-01-16 09:42:52.220782,315.1,315.13,0
2020-01-16 09:42:53,N,AAPL,315.1,2.0,315.13,1.0,1.0,0.0,2020-01-16 09:42:53.153344,315.1,315.14,0
2020-01-16 09:42:54,N,AAPL,315.1,3.0,315.14,1.0,1.0,0.0,2020-01-16 09:42:54.195024,315.11,315.14,0
2020-01-16 09:42:55,N,AAPL,315.11,1.0,315.14,1.0,-1.0,-1.0,2020-01-16 09:42:55.407698,315.11,315.14,0
2020-01-16 09:42:56,N,AAPL,315.11,3.0,315.14,1.0,2.0,0.0,2020-01-16 09:42:56.400883,315.11,315.14,0
2020-01-16 09:42:57,N,AAPL,315.11,2.0,315.14,1.0,-1.0,0.0,2020-01-16 09:42:57.454257,315.11,315.15,0
2020-01-16 09:42:58,N,AAPL,315.11,4.0,315.15,7.0,3.0,5.0,2020-01-16 09:42:58.106738,315.12,315.15,0
2020-01-16 09:43:00,N,AAPL,315.12,4.0,315.15,11.0,0.0,10.0,2020-01-16 09:43:00.912689,315.1,315.12,0
2020-01-16 09:43:02,N,AAPL,315.1,2.0,315.12,7.0,-2.0,-4.0,2020-01-16 09:43:02.766432,315.09,315.12,0
2020-01-16 09:43:03,N,AAPL,315.09,1.0,315.12,2.0,-4.0,0.0,2020-01-16 09:43:03.300901,315.11,315.14,0
2020-01-16 09:43:04,N,AAPL,315.11,3.0,315.14,1.0,1.0,0.0,2020-01-16 09:43:04.008692,315.15,315.16,1
2020-01-16 09:43:07,N,AAPL,315.15,1.0,315.16,1.0,-2.0,0.0,2020-01-16 09:43:07.008109,315.18,315.2,1
2020-01-16 09:43:08,N,AAPL,315.18,5.0,315.2,13.0,1.0,11.0,2020-01-16 09:43:08.666021,315.23,315.24,1
2020-01-16 09:43:09,N,AAPL,315.23,1.0,315.24,3.0,-1.0,-5.0,2020-01-16 09:43:09.017618,315.2,315.22,-1
2020-01-16 09:43:10,N,AAPL,315.2,2.0,315.22,1.0,-5.0,-1.0,2020-01-16 09:43:10.227448,315.19,315.21,0
2020-01-16 09:43:11,N,AAPL,315.19,2.0,315.21,1.0,1.0,-1.0,2020-01-16 09:43:11.205258,315.15,315.16,-1
2020-01-16 09:43:12,N,AAPL,315.15,1.0,315.16,1.0,-2.0,-1.0,2020-01-16 09:43:12.093918,315.11,315.14,-1
2020-01-16 09:43:13,N,AAPL,315.11,2.0,315.14,3.0,1.0,2.0,2020-01-16 09:43:13.521650,315.12,315.15,0
2020-01-16 09:43:14,N,AAPL,315.12,4.0,315.15,3.0,1.0,2.0,2020-01-16 09:43:14.981904,315.11,315.15,0
2020-01-16 09:43:15,N,AAPL,315.11,3.0,315.15,3.0,2.0,0.0,2020-01-16 09:43:15.373393,315.15,315.17,0
2020-01-16 09:43:16,N,AAPL,315.15,4.0,315.17,3.0,1.0,0.0,2020-01-16 09:43:16.758548,315.16,315.18,0
2020-01-16 09:43:17,N,AAPL,315.16,1.0,315.18,2.0,0.0,-1.0,2020-01-16 09:43:17.287157,315.16,315.19,0
2020-01-16 09:43:18,N,AAPL,315.16,4.0,315.19,13.0,1.0,12.0,2020-01-16 09:43:18.245321,315.14,315.15,-1
2020-01-16 09:43:19,N,AAPL,315.14,2.0,315.15,4.0,1.0,3.0,2020-01-16 09:43:19.219167,315.14,315.17,0
2020-01-16 09:43:20,N,AAPL,315.14,1.0,315.17,1.0,-1.0,-2.0,2020-01-16 09:43:20.169014,315.14,315.18,0
2020-01-16 09:43:21,N,AAPL,315.14,2.0,315.18,2.0,1.0,1.0,2020-01-16 09:43:21.311216,315.22,315.24,1
2020-01-16 09:43:22,N,AAPL,315.22,1.0,315.24,5.0,0.0,3.0,2020-01-16 09:43:22.298260,315.2,315.24,0
2020-01-16 09:43:23,N,AAPL,315.2,55.0,315.24,5.0,54.0,4.0,2020-01-16 09:43:23.871199,315.21,315.24,0
2020-01-16 09:43:24,N,AAPL,315.21,5.0,315.24,2.0,-50.0,-1.0,2020-01-16 09:43:24.333381,315.24,315.26,0
2020-01-16 09:43:28,N,AAPL,315.24,4.0,315.26,1.0,-49.0,-3.0,2020-01-16 09:43:28.655638,315.21,315.22,-1
2020-01-16 09:43:29,N,AAPL,315.21,1.0,315.22,1.0,-2.0,0.0,2020-01-16 09:43:29.445582,315.22,315.23,0
2020-01-16 09:43:30,N,AAPL,315.22,4.0,315.23,2.0,-16.0,1.0,2020-01-16 09:43:30.491822,315.17,315.19,-1
2020-01-16 09:43:32,N,AAPL,315.17,1.0,315.19,1.0,-1.0,0.0,2020-01-16 09:43:32.679714,315.18,315.21,0
2020-01-16 09:43:33,N,AAPL,315.18,6.0,315.21,4.0,5.0,3.0,2020-01-16 09:43:33.114023,315.18,315.21,0
2020-01-16 09:43:36,N,AAPL,315.18,5.0,315.21,2.0,4.0,1.0,2020-01-16 09:43:36.585226,315.12,315.15,-1
2020-01-16 09:43:37,N,AAPL,315.12,1.0,315.15,2.0,-1.0,-5.0,2020-01-16 09:43:37.115701,315.09,315.12,0
2020-01-16 09:43:38,N,AAPL,315.09,1.0,315.12,2.0,-9.0,-3.0,2020-01-16 09:43:38.332323,315.13,315.16,1
2020-01-16 09:43:39,N,AAPL,315.13,3.0,315.16,1.0,1.0,-1.0,2020-01-16 09:43:39.460919,315.15,315.19,0
2020-01-16 09:43:40,N,AAPL,315.15,5.0,315.19,3.0,3.0,2.0,2020-01-16 09:43:40.027801,315.11,315.13,-1
2020-01-16 09:43:41,N,AAPL,315.11,4.0,315.13,1.0,3.0,-1.0,2020-01-16 09:43:41.089493,315.04,315.07,-1
2020-01-16 09:43:43,N,AAPL,315.04,2.0,315.07,2.0,1.0,-1.0,2020-01-16 09:43:43.047564,314.95,314.97,-1
2020-01-16 09:43:49,N,AAPL,314.95,1.0,314.97,3.0,-1.0,-1.0,2020-01-16 09:43:49.520290,314.93,314.94,-1
2020-01-16 09:43:50,N,AAPL,314.93,1.0,314.94,3.0,0.0,0.0,2020-01-16 09:43:50.634802,314.87,314.89,-1
2020-01-16 09:43:51,N,AAPL,314.87,2.0,314.89,5.0,-1.0,2.0,2020-01-16 09:43:51.142554,314.9,314.94,1
2020-01-16 09:43:52,N,AAPL,314.9,8.0,314.94,2.0,6.0,0.0,2020-01-16 09:43:52.505993,314.92,314.95,0
2020-01-16 09:43:53,N,AAPL,314.92,1.0,314.95,1.0,0.0,0.0,2020-01-16 09:43:53.136386,314.86,314.89,-1
2020-01-16 09:43:54,N,AAPL,314.86,3.0,314.89,1.0,2.0,0.0,2020-01-16 09:43:54.020064,314.84,314.85,-1
2020-01-16 09:43:55,N,AAPL,314.84,3.0,314.85,1.0,2.0,0.0,2020-01-16 09:43:55.564732,314.86,314.88,1
2020-01-16 09:43:56,N,AAPL,314.86,1.0,314.88,2.0,-2.0,-2.0,2020-01-16 09:43:56.740956,314.8,314.84,-1
2020-01-16 09:43:57,N,AAPL,314.8,3.0,314.84,3.0,2.0,2.0,2020-01-16 09:43:57.062833,314.8,314.82,0
2020-01-16 09:43:58,N,AAPL,314.8,1.0,314.82,1.0,0.0,0.0,2020-01-16 09:43:58.477962,314.74,314.78,-1
2020-01-16 09:43:59,N,AAPL,314.74,5.0,314.78,2.0,4.0,1.0,2020-01-16 09:43:59.141478,314.7,314.72,-1
2020-01-16 09:44:00,N,AAPL,314.7,6.0,314.72,2.0,5.0,-1.0,2020-01-16 09:44:00.518392,314.71,314.72,0
2020-01-16 09:44:01,N,AAPL,314.71,25.0,314.72,1.0,19.0,-1.0,2020-01-16 09:44:01.012390,314.82,314.86,1
2020-01-16 09:44:03,N,AAPL,314.82,1.0,314.86,2.0,-1.0,-3.0,2020-01-16 09:44:03.461819,314.85,314.88,0
2020-01-16 09:44:05,N,AAPL,314.85,4.0,314.88,3.0,1.0,1.0,2020-01-16 09:44:05.276158,314.85,314.86,0
2020-01-16 09:44:06,N,AAPL,314.85,1.0,314.86,4.0,-2.0,1.0,2020-01-16 09:44:06.789067,314.83,314.86,0
2020-01-16 09:44:07,N,AAPL,314.83,5.0,314.86,2.0,4.0,-2.0,2020-01-16 09:44:07.192799,314.84,314.87,0
2020-01-16 09:44:08,N,AAPL,314.84,4.0,314.87,2.0,-5.0,1.0,2020-01-16 09:44:08.487175,314.81,314.82,-1
2020-01-16 09:44:09,N,AAPL,314.81,2.0,314.82,3.0,-7.0,0.0,2020-01-16 09:44:09.083590,314.83,314.87,1
2020-01-16 09:44:10,N,AAPL,314.83,4.0,314.87,1.0,2.0,0.0,2020-01-16 09:44:10.010315,314.82,314.85,0
2020-01-16 09:44:11,N,AAPL,314.82,1.0,314.85,2.0,-1.0,-1.0,2020-01-16 09:44:11.018892,314.8,314.82,0
2020-01-16 09:44:12,N,AAPL,314.8,4.0,314.82,1.0,1.0,-3.0,2020-01-16 09:44:12.566407,314.81,314.84,0
2020-01-16 09:44:14,N,AAPL,314.81,4.0,314.84,1.0,0.0,0.0,2020-01-16 09:44:14.255273,314.82,314.85,0
2020-01-16 09:44:15,N,AAPL,314.82,2.0,314.85,4.0,0.0,1.0,2020-01-16 09:44:15.022138,314.8,314.81,-1
2020-01-16 09:44:16,N,AAPL,314.8,2.0,314.81,3.0,-2.0,-1.0,2020-01-16 09:44:16.556468,314.77,314.8,0
2020-01-16 09:44:17,N,AAPL,314.77,4.0,314.8,2.0,3.0,-3.0,2020-01-16 09:44:17.821755,314.77,314.81,0
2020-01-16 09:44:18,N,AAPL,314.77,1.0,314.81,2.0,0.0,1.0,2020-01-16 09:44:18.058810,314.85,314.87,1
2020-01-16 09:44:19,N,AAPL,314.85,4.0,314.87,1.0,1.0,0.0,2020-01-16 09:44:19.007061,314.78,314.82,-1
2020-01-16 09:44:20,N,AAPL,314.78,2.0,314.82,3.0,1.0,0.0,2020-01-16 09:44:20.007933,314.84,314.87,1
2020-01-16 09:44:21,N,AAPL,314.84,1.0,314.87,1.0,0.0,-7.0,2020-01-16 09:44:21.290418,314.83,314.84,0
2020-01-16 09:44:22,N,AAPL,314.83,1.0,314.84,1.0,-1.0,-4.0,2020-01-16 09:44:22.260168,314.85,314.87,1
2020-01-16 09:44:23,N,AAPL,314.85,2.0,314.87,3.0,-2.0,2.0,2020-01-16 09:44:23.716338,314.84,314.87,0
2020-01-16 09:44:24,N,AAPL,314.84,4.0,314.87,1.0,3.0,-1.0,2020-01-16 09:44:24.037588,314.83,314.86,0
2020-01-16 09:44:25,N,AAPL,314.83,1.0,314.86,1.0,-2.0,0.0,2020-01-16 09:44:25.077512,314.83,314.85,0
2020-01-16 09:44:26,N,AAPL,314.83,1.0,314.85,1.0,0.0,0.0,2020-01-16 09:44:26.164150,314.83,314.86,0
2020-01-16 09:44:27,N,AAPL,314.83,2.0,314.86,2.0,-1.0,1.0,2020-01-16 09:44:27.516183,314.82,314.84,0
2020-01-16 09:44:28,N,AAPL,314.82,1.0,314.84,2.0,0.0,-2.0,2020-01-16 09:44:28.167471,314.86,314.9,1
2020-01-16 09:44:29,N,AAPL,314.86,2.0,314.9,2.0,1.0,0.0,2020-01-16 09:44:29.143241,314.85,314.89,0
2020-01-16 09:44:30,N,AAPL,314.85,2.0,314.89,5.0,-1.0,1.0,2020-01-16 09:44:30.164889,314.83,314.86,0
2020-01-16 09:44:33,N,AAPL,314.83,1.0,314.86,2.0,-1.0,1.0,2020-01-16 09:44:33.038878,314.84,314.87,0
2020-01-16 09:44:34,N,AAPL,314.84,4.0,314.87,2.0,2.0,-2.0,2020-01-16 09:44:34.911329,314.84,314.87,0
2020-01-16 09:44:36,N,AAPL,314.84,2.0,314.87,3.0,1.0,2.0,2020-01-16 09:44:36.053139,314.88,314.89,1
2020-01-16 09:44:39,N,AAPL,314.88,4.0,314.89,3.0,3.0,-2.0,2020-01-16 09:44:39.496220,314.87,314.9,0
2020-01-16 09:44:40,N,AAPL,314.87,1.0,314.9,4.0,0.0,0.0,2020-01-16 09:44:40.155772,314.89,314.93,0
2020-01-16 09:44:41,N,AAPL,314.89,3.0,314.93,1.0,1.0,-3.0,2020-01-16 09:44:41.033541,314.92,314.94,0
2020-01-16 09:44:46,N,AAPL,314.92,4.0,314.94,1.0,2.0,-1.0,2020-01-16 09:44:46.546909,314.96,314.99,1
2020-01-16 09:44:47,N,AAPL,314.96,2.0,314.99,3.0,-2.0,-7.0,2020-01-16 09:44:47.049340,314.91,314.93,-1
2020-01-16 09:44:48,N,AAPL,314.91,2.0,314.93,1.0,0.0,-2.0,2020-01-16 09:44:48.650648,314.9,314.91,0
2020-01-16 09:44:50,N,AAPL,314.9,3.0,314.91,1.0,1.0,0.0,2020-01-16 09:44:50.651972,314.89,314.9,0
2020-01-16 09:44:51,N,AAPL,314.89,2.0,314.9,7.0,-1.0,6.0,2020-01-16 09:44:51.013109,314.85,314.88,-1
2020-01-16 09:44:52,N,AAPL,314.85,2.0,314.88,3.0,0.0,1.0,2020-01-16 09:44:52.467807,314.77,314.79,-1
2020-01-16 09:44:53,N,AAPL,314.77,2.0,314.79,2.0,0.0,-3.0,2020-01-16 09:44:53.664944,314.75,314.78,0
2020-01-16 09:44:54,N,AAPL,314.75,1.0,314.78,1.0,-1.0,-2.0,2020-01-16 09:44:54.502349,314.68,314.7,-1
2020-01-16 09:44:55,N,AAPL,314.68,2.0,314.7,1.0,0.0,0.0,2020-01-16 09:44:55.652050,314.73,314.76,1
2020-01-16 09:44:56,N,AAPL,314.73,1.0,314.76,1.0,-3.0,-2.0,2020-01-16 09:44:56.446742,314.74,314.75,0
2020-01-16 09:44:57,N,AAPL,314.74,4.0,314.75,1.0,3.0,-2.0,2020-01-16 09:44:57.941916,314.71,314.74,0
2020-01-16 09:44:58,N,AAPL,314.71,2.0,314.74,4.0,-2.0,3.0,2020-01-16 09:44:58.496616,314.7,314.73,0
2020-01-16 09:45:00,N,AAPL,314.7,1.0,314.73,1.0,-1.0,0.0,2020-01-16 09:45:00.001057,314.79,314.81,1
2020-01-16 09:45:01,N,AAPL,314.79,2.0,314.81,4.0,1.0,2.0,2020-01-16 09:45:01.650962,314.76,314.78,-1
2020-01-16 09:45:02,N,AAPL,314.76,2.0,314.78,4.0,-1.0,2.0,2020-01-16 09:45:02.416268,314.73,314.75,-1
2020-01-16 09:45:03,N,AAPL,314.73,4.0,314.75,2.0,0.0,0.0,2020-01-16 09:45:03.116813,314.72,314.75,0
2020-01-16 09:45:04,N,AAPL,314.72,4.0,314.75,1.0,0.0,0.0,2020-01-16 09:45:04.039231,314.73,314.75,0
2020-01-16 09:45:05,N,AAPL,314.73,1.0,314.75,1.0,-15.0,-1.0,2020-01-16 09:45:05.182464,314.73,314.76,0
2020-01-16 09:45:06,N,AAPL,314.73,1.0,314.76,5.0,-1.0,0.0,2020-01-16 09:45:06.252064,314.79,314.81,1
2020-01-16 09:45:07,N,AAPL,314.79,4.0,314.81,2.0,1.0,1.0,2020-01-16 09:45:07.022351,314.78,314.81,0
2020-01-16 09:45:08,N,AAPL,314.78,2.0,314.81,1.0,-2.0,-1.0,2020-01-16 09:45:08.142237,314.76,314.78,0
2020-01-16 09:45:09,N,AAPL,314.76,2.0,314.78,1.0,1.0,-1.0,2020-01-16 09:45:09.004263,314.8,314.82,1
2020-01-16 09:45:10,N,AAPL,314.8,2.0,314.82,4.0,-1.0,2.0,2020-01-16 09:45:10.212751,314.77,314.79,-1
2020-01-16 09:45:11,N,AAPL,314.77,4.0,314.79,2.0,2.0,0.0,2020-01-16 09:45:11.152476,314.8,314.83,1
2020-01-16 09:45:12,N,AAPL,314.8,1.0,314.83,2.0,-1.0,0.0,2020-01-16 09:45:12.047728,314.74,314.77,-1
2020-01-16 09:45:13,N,AAPL,314.74,1.0,314.77,1.0,0.0,0.0,2020-01-16 09:45:13.005630,314.7,314.71,-1
2020-01-16 09:45:15,N,AAPL,314.7,2.0,314.71,4.0,-1.0,3.0,2020-01-16 09:45:15.656904,314.7,314.72,0
2020-01-16 09:45:16,N,AAPL,314.7,3.0,314.72,1.0,1.0,-3.0,2020-01-16 09:45:16.062693,314.75,314.78,1
2020-01-16 09:45:17,N,AAPL,314.75,3.0,314.78,1.0,0.0,0.0,2020-01-16 09:45:17.466924,314.79,314.82,1
2020-01-16 09:45:18,N,AAPL,314.79,3.0,314.82,1.0,2.0,-1.0,2020-01-16 09:45:18.137129,314.84,314.87,1
2020-01-16 09:45:21,N,AAPL,314.84,1.0,314.87,4.0,-1.0,2.0,2020-01-16 09:45:21.586879,314.86,314.9,0
2020-01-16 09:45:22,N,AAPL,314.86,3.0,314.9,2.0,-1.0,0.0,2020-01-16 09:45:22.029015,314.85,314.87,0
2020-01-16 09:45:23,N,AAPL,314.85,2.0,314.87,4.0,1.0,1.0,2020-01-16 09:45:23.641656,314.87,314.88,0
2020-01-16 09:45:27,N,AAPL,314.87,3.0,314.88,5.0,2.0,0.0,2020-01-16 09:45:27.272475,314.88,314.9,0
2020-01-16 09:45:28,N,AAPL,314.88,4.0,314.9,2.0,1.0,-3.0,2020-01-16 09:45:28.710197,314.86,314.88,0
2020-01-16 09:45:29,N,AAPL,314.86,4.0,314.88,1.0,2.0,-1.0,2020-01-16 09:45:29.578366,314.89,314.9,1
2020-01-16 09:45:31,N,AAPL,314.89,1.0,314.9,1.0,-4.0,-1.0,2020-01-16 09:45:31.311763,314.9,314.93,0
2020-01-16 09:45:34,N,AAPL,314.9,11.0,314.93,2.0,8.0,0.0,2020-01-16 09:45:34.280544,314.92,314.96,0
2020-01-16 09:45:35,N,AAPL,314.92,5.0,314.96,2.0,1.0,0.0,2020-01-16 09:45:35.016534,314.94,314.96,0
2020-01-16 09:45:36,N,AAPL,314.94,4.0,314.96,1.0,-1.0,-2.0,2020-01-16 09:45:36.073856,314.95,314.98,0
2020-01-16 09:45:37,N,AAPL,314.95,4.0,314.98,2.0,0.0,1.0,2020-01-16 09:45:37.713171,314.93,314.94,-1
2020-01-16 09:45:39,N,AAPL,314.93,1.0,314.94,4.0,0.0,2.0,2020-01-16 09:45:39.151171,314.9,314.92,-1
2020-01-16 09:45:41,N,AAPL,314.9,6.0,314.92,2.0,2.0,1.0,2020-01-16 09:45:41.108600,314.88,314.91,0
2020-01-16 09:45:42,N,AAPL,314.88,2.0,314.91,1.0,1.0,-2.0,2020-01-16 09:45:42.005574,314.87,314.9,0
2020-01-16 09:45:43,N,AAPL,314.87,2.0,314.9,1.0,0.0,-2.0,2020-01-16 09:45:43.297606,314.83,314.85,-1
2020-01-16 09:45:44,N,AAPL,314.83,1.0,314.85,2.0,0.0,0.0,2020-01-16 09:45:44.110721,314.84,314.88,0
2020-01-16 09:45:45,N,AAPL,314.84,6.0,314.88,1.0,5.0,-1.0,2020-01-16 09:45:45.419053,314.85,314.86,0
2020-01-16 09:45:46,N,AAPL,314.85,1.0,314.86,2.0,-1.0,0.0,2020-01-16 09:45:46.129559,314.9,314.94,1
2020-01-16 09:45:47,N,AAPL,314.9,2.0,314.94,2.0,0.0,0.0,2020-01-16 09:45:47.963201,314.9,314.94,0
2020-01-16 09:45:48,N,AAPL,314.9,1.0,314.94,2.0,-1.0,0.0,2020-01-16 09:45:48.117242,314.9,314.92,0
2020-01-16 09:45:50,N,AAPL,314.9,2.0,314.92,4.0,0.0,2.0,2020-01-16 09:45:50.107669,314.86,314.88,-1
2020-01-16 09:45:51,N,AAPL,314.86,2.0,314.88,4.0,1.0,2.0,2020-01-16 09:45:51.572904,314.82,314.84,-1
2020-01-16 09:45:53,N,AAPL,314.82,2.0,314.84,3.0,1.0,2.0,2020-01-16 09:45:53.183073,314.81,314.85,0
2020-01-16 09:45:55,N,AAPL,314.81,4.0,314.85,3.0,0.0,2.0,2020-01-16 09:45:55.797668,314.81,314.85,0
2020-01-16 09:45:56,N,AAPL,314.81,3.0,314.85,1.0,0.0,-2.0,2020-01-16 09:45:56.334508,314.83,314.86,0
2020-01-16 09:45:57,N,AAPL,314.83,2.0,314.86,2.0,0.0,0.0,2020-01-16 09:45:57.549608,314.8,314.83,0
2020-01-16 09:45:58,N,AAPL,314.8,2.0,314.83,1.0,0.0,-1.0,2020-01-16 09:45:58.064190,314.81,314.83,0
2020-01-16 09:45:59,N,AAPL,314.81,4.0,314.83,1.0,3.0,0.0,2020-01-16 09:45:59.079835,314.79,314.81,0
2020-01-16 09:46:01,N,AAPL,314.79,2.0,314.81,5.0,-1.0,4.0,2020-01-16 09:46:01.284769,314.76,314.79,0
2020-01-16 09:46:02,N,AAPL,314.76,3.0,314.79,1.0,2.0,0.0,2020-01-16 09:46:02.296920,314.73,314.76,0
2020-01-16 09:46:03,N,AAPL,314.73,2.0,314.76,3.0,0.0,-2.0,2020-01-16 09:46:03.266550,314.65,314.66,-1
2020-01-16 09:46:04,N,AAPL,314.65,1.0,314.66,4.0,0.0,3.0,2020-01-16 09:46:04.006850,314.61,314.64,-1
2020-01-16 09:46:05,N,AAPL,314.61,1.0,314.64,4.0,-1.0,2.0,2020-01-16 09:46:05.304782,314.69,314.72,1
2020-01-16 09:46:06,N,AAPL,314.69,6.0,314.72,2.0,4.0,1.0,2020-01-16 09:46:06.113206,314.68,314.71,0
2020-01-16 09:46:07,N,AAPL,314.68,2.0,314.71,1.0,-3.0,-2.0,2020-01-16 09:46:07.107415,314.67,314.7,0
2020-01-16 09:46:08,N,AAPL,314.67,2.0,314.7,3.0,0.0,1.0,2020-01-16 09:46:08.203987,314.65,314.67,0
2020-01-16 09:46:09,N,AAPL,314.65,2.0,314.67,5.0,0.0,3.0,2020-01-16 09:46:09.104291,314.58,314.6,-1
2020-01-16 09:46:10,N,AAPL,314.58,10.0,314.6,2.0,9.0,0.0,2020-01-16 09:46:10.639419,314.62,314.65,1
2020-01-16 09:46:12,N,AAPL,314.62,4.0,314.65,1.0,2.0,0.0,2020-01-16 09:46:12.012393,314.62,314.66,0
2020-01-16 09:46:13,N,AAPL,314.62,1.0,314.66,3.0,0.0,1.0,2020-01-16 09:46:13.103055,314.63,314.66,0
2020-01-16 09:46:14,N,AAPL,314.63,2.0,314.66,5.0,1.0,2.0,2020-01-16 09:46:14.534720,314.61,314.65,0
2020-01-16 09:46:15,N,AAPL,314.61,2.0,314.65,1.0,0.0,0.0,2020-01-16 09:46:15.279707,314.6,314.62,0
2020-01-16 09:46:18,N,AAPL,314.6,3.0,314.62,4.0,-3.0,2.0,2020-01-16 09:46:18.218106,314.6,314.64,0
2020-01-16 09:46:19,N,AAPL,314.6,2.0,314.64,3.0,0.0,1.0,2020-01-16 09:46:19.583006,314.58,314.61,0
2020-01-16 09:46:20,N,AAPL,314.58,10.0,314.61,1.0,9.0,-2.0,2020-01-16 09:46:20.232988,314.59,314.63,0
2020-01-16 09:46:21,N,AAPL,314.59,2.0,314.63,1.0,-8.0,0.0,2020-01-16 09:46:21.587091,314.62,314.65,0
2020-01-16 09:46:22,N,AAPL,314.62,4.0,314.65,1.0,2.0,-1.0,2020-01-16 09:46:22.061950,314.59,314.61,-1
2020-01-16 09:46:23,N,AAPL,314.59,2.0,314.61,4.0,-2.0,3.0,2020-01-16 09:46:23.941990,314.59,314.62,0
2020-01-16 09:46:24,N,AAPL,314.59,2.0,314.62,1.0,0.0,0.0,2020-01-16 09:46:24.327740,314.6,314.62,0
2020-01-16 09:46:26,N,AAPL,314.6,4.0,314.62,2.0,2.0,1.0,2020-01-16 09:46:26.365937,314.58,314.6,0
2020-01-16 09:46:27,N,AAPL,314.58,9.0,314.6,1.0,0.0,0.0,2020-01-16 09:46:27.494638,314.54,314.55,-1
2020-01-16 09:46:28,N,AAPL,314.54,1.0,314.55,3.0,0.0,2.0,2020-01-16 09:46:28.470624,314.52,314.53,-1
2020-01-16 09:46:30,N,AAPL,314.52,1.0,314.53,3.0,-1.0,1.0,2020-01-16 09:46:30.890435,314.51,314.52,0
2020-01-16 09:46:31,N,AAPL,314.51,30.0,314.52,6.0,29.0,3.0,2020-01-16 09:46:31.858374,314.51,314.52,0
2020-01-16 09:46:32,N,AAPL,314.51,1.0,314.52,2.0,-3.0,-2.0,2020-01-16 09:46:32.068813,314.47,314.49,-1
2020-01-16 09:46:33,N,AAPL,314.47,9.0,314.49,4.0,8.0,3.0,2020-01-16 09:46:33.115952,314.51,314.52,1
2020-01-16 09:46:35,N,AAPL,314.51,4.0,314.52,1.0,3.0,0.0,2020-01-16 09:46:35.341574,314.46,314.47,-1
2020-01-16 09:46:36,N,AAPL,314.46,3.0,314.47,1.0,-1.0,0.0,2020-01-16 09:46:36.172373,314.47,314.49,0
2020-01-16 09:46:37,N,AAPL,314.47,3.0,314.49,1.0,2.0,0.0,2020-01-16 09:46:37.329396,314.45,314.47,0
2020-01-16 09:46:39,N,AAPL,314.45,1.0,314.47,11.0,0.0,9.0,2020-01-16 09:46:39.143503,314.4,314.42,-1
2020-01-16 09:46:40,N,AAPL,314.4,99.0,314.42,4.0,97.0,3.0,2020-01-16 09:46:40.213423,314.41,314.44,0
2020-01-16 09:46:41,N,AAPL,314.41,1.0,314.44,2.0,-98.0,-2.0,2020-01-16 09:46:41.495711,314.42,314.45,0
2020-01-16 09:46:43,N,AAPL,314.42,4.0,314.45,2.0,3.0,1.0,2020-01-16 09:46:43.350290,314.43,314.47,0
2020-01-16 09:46:44,N,AAPL,314.43,2.0,314.47,5.0,1.0,3.0,2020-01-16 09:46:44.151707,314.39,314.4,-1
2020-01-16 09:46:45,N,AAPL,314.39,1.0,314.4,4.0,-98.0,1.0,2020-01-16 09:46:45.181959,314.4,314.42,0
2020-01-16 09:46:46,N,AAPL,314.4,76.0,314.42,4.0,-7.0,0.0,2020-01-16 09:46:46.235362,314.42,314.45,0
2020-01-16 09:46:47,N,AAPL,314.42,1.0,314.45,1.0,-75.0,-1.0,2020-01-16 09:46:47.817982,314.42,314.44,0
2020-01-16 09:46:51,N,AAPL,314.42,3.0,314.44,1.0,2.0,0.0,2020-01-16 09:46:51.266633,314.41,314.42,0
2020-01-16 09:46:57,N,AAPL,314.41,4.0,314.42,1.0,1.0,0.0,2020-01-16 09:46:57.952934,314.47,314.48,1
2020-01-16 09:46:58,N,AAPL,314.47,4.0,314.48,2.0,2.0,1.0,2020-01-16 09:46:58.278053,314.51,314.52,1
2020-01-16 09:46:59,N,AAPL,314.51,5.0,314.52,1.0,4.0,0.0,2020-01-16 09:46:59.325232,314.45,314.48,-1
2020-01-16 09:47:00,N,AAPL,314.45,2.0,314.48,2.0,0.0,-2.0,2020-01-16 09:47:00.349424,314.44,314.45,0
2020-01-16 09:47:01,N,AAPL,314.44,2.0,314.45,3.0,-1.0,2.0,2020-01-16 09:47:01.457911,314.39,314.4,-1
2020-01-16 09:47:03,N,AAPL,314.39,1.0,314.4,5.0,-21.0,3.0,2020-01-16 09:47:03.205146,314.39,314.42,0
2020-01-16 09:47:04,N,AAPL,314.39,2.0,314.42,2.0,1.0,1.0,2020-01-16 09:47:04.049179,314.36,314.37,-1
2020-01-16 09:47:06,N,AAPL,314.36,4.0,314.37,1.0,3.0,-5.0,2020-01-16 09:47:06.089633,314.36,314.39,0
2020-01-16 09:47:07,N,AAPL,314.36,2.0,314.39,1.0,1.0,-1.0,2020-01-16 09:47:07.011253,314.35,314.38,0
2020-01-16 09:47:08,N,AAPL,314.35,4.0,314.38,2.0,1.0,1.0,2020-01-16 09:47:08.332367,314.34,314.37,0
2020-01-16 09:47:09,N,AAPL,314.34,1.0,314.37,2.0,0.0,1.0,2020-01-16 09:47:09.283730,314.38,314.41,1
2020-01-16 09:47:11,N,AAPL,314.38,5.0,314.41,2.0,4.0,0.0,2020-01-16 09:47:11.068222,314.41,314.43,0
2020-01-16 09:47:12,N,AAPL,314.41,1.0,314.43,2.0,-2.0,0.0,2020-01-16 09:47:12.007370,314.46,314.49,1
2020-01-16 09:47:13,N,AAPL,314.46,1.0,314.49,2.0,0.0,1.0,2020-01-16 09:47:13.078360,314.43,314.45,-1
2020-01-16 09:47:14,N,AAPL,314.43,1.0,314.45,2.0,-2.0,-2.0,2020-01-16 09:47:14.032909,314.38,314.41,-1
2020-01-16 09:47:15,N,AAPL,314.38,2.0,314.41,2.0,1.0,0.0,2020-01-16 09:47:15.084710,314.38,314.4,0
2020-01-16 09:47:19,N,AAPL,314.38,2.0,314.4,5.0,1.0,3.0,2020-01-16 09:47:19.946642,314.36,314.38,0
2020-01-16 09:47:20,N,AAPL,314.36,2.0,314.38,2.0,1.0,-2.0,2020-01-16 09:47:20.015081,314.36,314.37,0
2020-01-16 09:47:22,N,AAPL,314.36,6.0,314.37,4.0,4.0,2.0,2020-01-16 09:47:22.931509,314.36,314.37,0
2020-01-16 09:47:24,N,AAPL,314.36,5.0,314.37,2.0,3.0,1.0,2020-01-16 09:47:24.618856,314.37,314.38,0
2020-01-16 09:47:25,N,AAPL,314.37,5.0,314.38,2.0,2.0,0.0,2020-01-16 09:47:25.469032,314.36,314.38,0
2020-01-16 09:47:26,N,AAPL,314.36,1.0,314.38,2.0,0.0,-5.0,2020-01-16 09:47:26.046935,314.35,314.37,0
2020-01-16 09:47:27,N,AAPL,314.35,4.0,314.37,2.0,3.0,1.0,2020-01-16 09:47:27.355586,314.31,314.32,-1
2020-01-16 09:47:28,N,AAPL,314.31,2.0,314.32,4.0,1.0,2.0,2020-01-16 09:47:28.840866,314.31,314.34,0
2020-01-16 09:47:30,N,AAPL,314.31,4.0,314.34,1.0,3.0,-3.0,2020-01-16 09:47:30.255381,314.38,314.4,1
2020-01-16 09:47:31,N,AAPL,314.38,1.0,314.4,2.0,-1.0,1.0,2020-01-16 09:47:31.120685,314.38,314.41,0
2020-01-16 09:47:32,N,AAPL,314.38,1.0,314.41,1.0,0.0,-1.0,2020-01-16 09:47:32.100536,314.41,314.44,0
2020-01-16 09:47:33,N,AAPL,314.41,2.0,314.44,4.0,1.0,2.0,2020-01-16 09:47:33.018926,314.37,314.4,-1
2020-01-16 09:47:34,N,AAPL,314.37,3.0,314.4,1.0,2.0,0.0,2020-01-16 09:47:34.002493,314.39,314.43,0
2020-01-16 09:47:35,N,AAPL,314.39,3.0,314.43,2.0,1.0,-1.0,2020-01-16 09:47:35.381964,314.39,314.42,0
2020-01-16 09:47:36,N,AAPL,314.39,3.0,314.42,2.0,1.0,-5.0,2020-01-16 09:47:36.229310,314.4,314.42,0
2020-01-16 09:47:37,N,AAPL,314.4,4.0,314.42,2.0,1.0,0.0,2020-01-16 09:47:37.558780,314.39,314.41,0
2020-01-16 09:47:38,N,AAPL,314.39,2.0,314.41,4.0,0.0,2.0,2020-01-16 09:47:38.899501,314.4,314.42,0
2020-01-16 09:47:39,N,AAPL,314.4,2.0,314.42,3.0,0.0,-1.0,2020-01-16 09:47:39.675080,314.41,314.43,0
2020-01-16 09:47:40,N,AAPL,314.41,2.0,314.43,3.0,-2.0,2.0,2020-01-16 09:47:40.824682,314.41,314.43,0
2020-01-16 09:47:41,N,AAPL,314.41,2.0,314.43,3.0,0.0,0.0,2020-01-16 09:47:41.540524,314.43,314.46,0
2020-01-16 09:47:42,N,AAPL,314.43,1.0,314.46,1.0,-1.0,-2.0,2020-01-16 09:47:42.120588,314.41,314.44,0
2020-01-16 09:47:44,N,AAPL,314.41,2.0,314.44,2.0,-3.0,0.0,2020-01-16 09:47:44.879905,314.44,314.47,0
2020-01-16 09:47:45,N,AAPL,314.44,1.0,314.47,2.0,-1.0,-2.0,2020-01-16 09:47:45.069653,314.45,314.49,0
2020-01-16 09:47:46,N,AAPL,314.45,4.0,314.49,3.0,2.0,-1.0,2020-01-16 09:47:46.192595,314.46,314.49,0
2020-01-16 09:47:47,N,AAPL,314.46,2.0,314.49,2.0,-2.0,-1.0,2020-01-16 09:47:47.562331,314.5,314.54,1
2020-01-16 09:47:48,N,AAPL,314.5,2.0,314.54,2.0,0.0,1.0,2020-01-16 09:47:48.401241,314.5,314.54,0
2020-01-16 09:47:49,N,AAPL,314.5,3.0,314.54,6.0,0.0,1.0,2020-01-16 09:47:49.127598,314.45,314.46,-1
2020-01-16 09:47:52,N,AAPL,314.45,3.0,314.46,4.0,1.0,-2.0,2020-01-16 09:47:52.271859,314.42,314.46,0
2020-01-16 09:47:53,N,AAPL,314.42,2.0,314.46,2.0,-1.0,-1.0,2020-01-16 09:47:53.000750,314.43,314.45,0
2020-01-16 09:47:54,N,AAPL,314.43,1.0,314.45,1.0,0.0,-1.0,2020-01-16 09:47:54.365776,314.45,314.49,0
2020-01-16 09:47:55,N,AAPL,314.45,1.0,314.49,4.0,-1.0,2.0,2020-01-16 09:47:55.698629,314.46,314.5,0
2020-01-16 09:47:56,N,AAPL,314.46,3.0,314.5,2.0,2.0,-2.0,2020-01-16 09:47:56.274487,314.43,314.47,0
2020-01-16 09:47:58,N,AAPL,314.43,2.0,314.47,2.0,0.0,0.0,2020-01-16 09:47:58.145144,314.41,314.43,0
2020-01-16 09:47:59,N,AAPL,314.41,1.0,314.43,4.0,0.0,2.0,2020-01-16 09:47:59.632183,314.45,314.5,1
2020-01-16 09:48:00,N,AAPL,314.45,4.0,314.5,7.0,0.0,6.0,2020-01-16 09:48:00.480101,314.43,314.47,0
2020-01-16 09:48:01,N,AAPL,314.43,2.0,314.47,2.0,0.0,1.0,2020-01-16 09:48:01.264435,314.46,314.49,0
2020-01-16 09:48:02,N,AAPL,314.46,3.0,314.49,2.0,2.0,-2.0,2020-01-16 09:48:02.102986,314.47,314.48,0
2020-01-16 09:48:03,N,AAPL,314.47,1.0,314.48,1.0,0.0,0.0,2020-01-16 09:48:03.048933,314.49,314.52,1
2020-01-16 09:48:05,N,AAPL,314.49,7.0,314.52,2.0,6.0,0.0,2020-01-16 09:48:05.002318,314.45,314.47,-1
2020-01-16 09:48:06,N,AAPL,314.45,2.0,314.47,1.0,1.0,0.0,2020-01-16 09:48:06.817224,314.47,314.5,0
2020-01-16 09:48:07,N,AAPL,314.47,1.0,314.5,2.0,0.0,0.0,2020-01-16 09:48:07.108328,314.49,314.51,0
2020-01-16 09:48:08,N,AAPL,314.49,1.0,314.51,1.0,-1.0,-1.0,2020-01-16 09:48:08.095798,314.5,314.52,0
2020-01-16 09:48:09,N,AAPL,314.5,2.0,314.52,1.0,1.0,0.0,2020-01-16 09:48:09.207817,314.5,314.51,0
2020-01-16 09:48:10,N,AAPL,314.5,4.0,314.51,2.0,0.0,1.0,2020-01-16 09:48:10.951747,314.53,314.55,1
2020-01-16 09:48:12,N,AAPL,314.53,3.0,314.55,1.0,2.0,-1.0,2020-01-16 09:48:12.866814,314.53,314.56,0
2020-01-16 09:48:14,N,AAPL,314.53,2.0,314.56,2.0,1.0,1.0,2020-01-16 09:48:14.108093,314.56,314.59,0
2020-01-16 09:48:15,N,AAPL,314.56,2.0,314.59,1.0,0.0,-1.0,2020-01-16 09:48:15.009246,314.54,314.55,-1
2020-01-16 09:48:19,N,AAPL,314.54,2.0,314.55,4.0,0.0,3.0,2020-01-16 09:48:19.387419,314.52,314.54,0
2020-01-16 09:48:20,N,AAPL,314.52,2.0,314.54,1.0,0.0,-3.0,2020-01-16 09:48:20.039909,314.52,314.53,0
2020-01-16 09:48:21,N,AAPL,314.52,4.0,314.53,1.0,1.0,0.0,2020-01-16 09:48:21.323947,314.63,314.65,1
2020-01-16 09:48:23,N,AAPL,314.63,1.0,314.65,2.0,0.0,1.0,2020-01-16 09:48:23.340880,314.6,314.64,0
2020-01-16 09:48:24,N,AAPL,314.6,2.0,314.64,2.0,0.0,0.0,2020-01-16 09:48:24.255997,314.57,314.61,0
2020-01-16 09:48:26,N,AAPL,314.57,5.0,314.61,1.0,3.0,-1.0,2020-01-16 09:48:26.173946,314.61,314.64,0
2020-01-16 09:48:27,N,AAPL,314.61,2.0,314.64,1.0,-2.0,-3.0,2020-01-16 09:48:27.094410,314.63,314.66,0
2020-01-16 09:48:29,N,AAPL,314.63,2.0,314.66,1.0,1.0,0.0,2020-01-16 09:48:29.301761,314.63,314.66,0
2020-01-16 09:48:31,N,AAPL,314.63,4.0,314.66,2.0,2.0,1.0,2020-01-16 09:48:31.178411,314.57,314.6,-1
2020-01-16 09:48:32,N,AAPL,314.57,2.0,314.6,1.0,0.0,-3.0,2020-01-16 09:48:32.052818,314.58,314.61,0
2020-01-16 09:48:33,N,AAPL,314.58,1.0,314.61,2.0,-1.0,0.0,2020-01-16 09:48:33.012199,314.51,314.53,-1
2020-01-16 09:48:34,N,AAPL,314.51,9.0,314.53,2.0,-2.0,0.0,2020-01-16 09:48:34.504791,314.5,314.51,0
2020-01-16 09:48:35,N,AAPL,314.5,3.0,314.51,4.0,-6.0,-1.0,2020-01-16 09:48:35.204199,314.5,314.51,0
2020-01-16 09:48:36,N,AAPL,314.5,2.0,314.51,4.0,0.0,2.0,2020-01-16 09:48:36.083783,314.4,314.43,-1
2020-01-16 09:48:38,N,AAPL,314.4,2.0,314.43,1.0,0.0,0.0,2020-01-16 09:48:38.344343,314.45,314.47,1
2020-01-16 09:48:40,N,AAPL,314.45,3.0,314.47,2.0,2.0,1.0,2020-01-16 09:48:40.616425,314.45,314.47,0
2020-01-16 09:48:42,N,AAPL,314.45,2.0,314.47,4.0,-1.0,2.0,2020-01-16 09:48:42.392857,314.45,314.45,0
2020-01-16 09:48:44,N,AAPL,314.45,1.0,314.45,8.0,0.0,7.0,2020-01-16 09:48:44.017651,314.37,314.39,-1
2020-01-16 09:48:45,N,AAPL,314.37,1.0,314.39,4.0,-1.0,2.0,2020-01-16 09:48:45.011818,314.39,314.42,0
2020-01-16 09:48:46,N,AAPL,314.39,2.0,314.42,2.0,0.0,1.0,2020-01-16 09:48:46.016397,314.44,314.46,1
2020-01-16 09:48:47,N,AAPL,314.44,4.0,314.46,2.0,3.0,-1.0,2020-01-16 09:48:47.043044,314.46,314.49,0
2020-01-16 09:48:48,N,AAPL,314.46,2.0,314.49,2.0,-2.0,0.0,2020-01-16 09:48:48.230404,314.47,314.5,0
2020-01-16 09:48:49,N,AAPL,314.47,2.0,314.5,2.0,0.0,0.0,2020-01-16 09:48:49.118285,314.5,314.54,0
2020-01-16 09:48:50,N,AAPL,314.5,4.0,314.54,1.0,3.0,0.0,2020-01-16 09:48:50.185362,314.5,314.53,0
2020-01-16 09:48:51,N,AAPL,314.5,4.0,314.53,2.0,-1.0,0.0,2020-01-16 09:48:51.124952,314.5,314.53,0
2020-01-16 09:48:52,N,AAPL,314.5,2.0,314.53,3.0,0.0,1.0,2020-01-16 09:48:52.636292,314.48,314.5,0
2020-01-16 09:48:53,N,AAPL,314.48,2.0,314.5,2.0,-2.0,1.0,2020-01-16 09:48:53.246485,314.48,314.5,0
2020-01-16 09:48:54,N,AAPL,314.48,1.0,314.5,1.0,-1.0,-1.0,2020-01-16 09:48:54.306251,314.47,314.48,0
2020-01-16 09:48:56,N,AAPL,314.47,2.0,314.48,4.0,1.0,3.0,2020-01-16 09:48:56.315502,314.45,314.47,0
2020-01-16 09:48:58,N,AAPL,314.45,4.0,314.47,1.0,2.0,-3.0,2020-01-16 09:48:58.061516,314.45,314.49,0
2020-01-16 09:48:59,N,AAPL,314.45,1.0,314.49,2.0,-1.0,0.0,2020-01-16 09:48:59.122203,314.44,314.49,0
2020-01-16 09:49:00,N,AAPL,314.44,2.0,314.49,2.0,0.0,1.0,2020-01-16 09:49:00.155565,314.44,314.48,0
2020-01-16 09:49:01,N,AAPL,314.44,5.0,314.48,3.0,1.0,2.0,2020-01-16 09:49:01.892128,314.47,314.48,0
2020-01-16 09:49:05,N,AAPL,314.47,4.0,314.48,2.0,-1.0,-1.0,2020-01-16 09:49:05.349595,314.46,314.48,0
2020-01-16 09:49:06,N,AAPL,314.46,6.0,314.48,2.0,2.0,1.0,2020-01-16 09:49:06.848220,314.45,314.46,0
2020-01-16 09:49:07,N,AAPL,314.45,2.0,314.46,2.0,-4.0,0.0,2020-01-16 09:49:07.999160,314.42,314.43,-1
2020-01-16 09:49:08,N,AAPL,314.42,1.0,314.43,1.0,0.0,-3.0,2020-01-16 09:49:08.033824,314.34,314.36,-1
2020-01-16 09:49:09,N,AAPL,314.34,6.0,314.36,4.0,5.0,0.0,2020-01-16 09:49:09.975002,314.37,314.39,1
2020-01-16 09:49:10,N,AAPL,314.37,3.0,314.39,2.0,-2.0,0.0,2020-01-16 09:49:10.566993,314.38,314.39,0
2020-01-16 09:49:12,N,AAPL,314.38,1.0,314.39,4.0,0.0,1.0,2020-01-16 09:49:12.033027,314.36,314.38,0
2020-01-16 09:49:14,N,AAPL,314.36,2.0,314.38,2.0,1.0,1.0,2020-01-16 09:49:14.045947,314.32,314.35,-1
2020-01-16 09:49:16,N,AAPL,314.32,6.0,314.35,1.0,4.0,-3.0,2020-01-16 09:49:16.014582,314.26,314.27,-1
2020-01-16 09:49:17,N,AAPL,314.26,1.0,314.27,4.0,-2.0,3.0,2020-01-16 09:49:17.416189,314.26,314.28,0
2020-01-16 09:49:18,N,AAPL,314.26,4.0,314.28,2.0,0.0,-1.0,2020-01-16 09:49:18.534455,314.25,314.27,0
2020-01-16 09:49:19,N,AAPL,314.25,4.0,314.27,5.0,0.0,3.0,2020-01-16 09:49:19.168390,314.37,314.39,1
2020-01-16 09:49:21,N,AAPL,314.37,1.0,314.39,2.0,0.0,1.0,2020-01-16 09:49:21.002785,314.3,314.32,-1
2020-01-16 09:49:22,N,AAPL,314.3,3.0,314.32,1.0,1.0,-1.0,2020-01-16 09:49:22.174411,314.33,314.35,1
2020-01-16 09:49:23,N,AAPL,314.33,2.0,314.35,4.0,-1.0,2.0,2020-01-16 09:49:23.035847,314.28,314.3,-1
2020-01-16 09:49:24,N,AAPL,314.28,2.0,314.3,2.0,-1.0,-1.0,2020-01-16 09:49:24.181089,314.28,314.31,0
2020-01-16 09:49:25,N,AAPL,314.28,1.0,314.31,5.0,0.0,3.0,2020-01-16 09:49:25.000129,314.27,314.3,0
2020-01-16 09:49:26,N,AAPL,314.27,4.0,314.3,1.0,2.0,-1.0,2020-01-16 09:49:26.495955,314.28,314.32,0
2020-01-16 09:49:27,N,AAPL,314.28,4.0,314.32,2.0,3.0,0.0,2020-01-16 09:49:27.336368,314.33,314.35,1
2020-01-16 09:49:29,N,AAPL,314.33,4.0,314.35,2.0,3.0,1.0,2020-01-16 09:49:29.486835,314.33,314.36,0
2020-01-16 09:49:30,N,AAPL,314.33,2.0,314.36,2.0,1.0,1.0,2020-01-16 09:49:30.087368,314.34,314.38,0
2020-01-16 09:49:31,N,AAPL,314.34,4.0,314.38,1.0,2.0,-1.0,2020-01-16 09:49:31.026788,314.37,314.39,0
2020-01-16 09:49:32,N,AAPL,314.37,4.0,314.39,1.0,1.0,-1.0,2020-01-16 09:49:32.540229,314.35,314.37,0
2020-01-16 09:49:33,N,AAPL,314.35,2.0,314.37,1.0,1.0,0.0,2020-01-16 09:49:33.219674,314.36,314.39,0
2020-01-16 09:49:36,N,AAPL,314.36,4.0,314.39,1.0,-2.0,-1.0,2020-01-16 09:49:36.105620,314.34,314.35,-1
2020-01-16 09:49:38,N,AAPL,314.34,1.0,314.35,5.0,-3.0,4.0,2020-01-16 09:49:38.831408,314.26,314.29,-1
2020-01-16 09:49:39,N,AAPL,314.26,2.0,314.29,3.0,-1.0,2.0,2020-01-16 09:49:39.315853,314.28,314.3,0
2020-01-16 09:49:40,N,AAPL,314.28,2.0,314.3,2.0,0.0,-1.0,2020-01-16 09:49:40.451440,314.3,314.33,0
2020-01-16 09:49:41,N,AAPL,314.3,4.0,314.33,2.0,2.0,0.0,2020-01-16 09:49:41.260709,314.3,314.33,0
2020-01-16 09:49:42,N,AAPL,314.3,2.0,314.33,2.0,0.0,-1.0,2020-01-16 09:49:42.129652,314.32,314.35,0
2020-01-16 09:49:43,N,AAPL,314.32,2.0,314.35,2.0,1.0,0.0,2020-01-16 09:49:43.647408,314.31,314.32,0
2020-01-16 09:49:44,N,AAPL,314.31,1.0,314.32,4.0,0.0,2.0,2020-01-16 09:49:44.444796,314.34,314.37,1
2020-01-16 09:49:45,N,AAPL,314.34,2.0,314.37,2.0,1.0,0.0,2020-01-16 09:49:45.363396,314.33,314.35,0
2020-01-16 09:49:46,N,AAPL,314.33,2.0,314.35,1.0,0.0,0.0,2020-01-16 09:49:46.012967,314.34,314.38,0
2020-01-16 09:49:47,N,AAPL,314.34,2.0,314.38,2.0,0.0,1.0,2020-01-16 09:49:47.009826,314.35,314.38,0
2020-01-16 09:49:48,N,AAPL,314.35,2.0,314.38,2.0,0.0,-1.0,2020-01-16 09:49:48.320232,314.37,314.4,0
2020-01-16 09:49:51,N,AAPL,314.37,2.0,314.4,2.0,0.0,0.0,2020-01-16 09:49:51.176188,314.37,314.41,0
2020-01-16 09:49:52,N,AAPL,314.37,2.0,314.41,2.0,1.0,0.0,2020-01-16 09:49:52.144059,314.38,314.4,0
2020-01-16 09:49:53,N,AAPL,314.38,2.0,314.4,1.0,-1.0,-1.0,2020-01-16 09:49:53.411077,314.38,314.42,0
2020-01-16 09:49:54,N,AAPL,314.38,4.0,314.42,3.0,2.0,0.0,2020-01-16 09:49:54.138848,314.41,314.42,0
2020-01-16 09:49:55,N,AAPL,314.41,4.0,314.42,2.0,0.0,1.0,2020-01-16 09:49:55.468182,314.43,314.46,1
2020-01-16 09:49:56,N,AAPL,314.43,5.0,314.46,1.0,3.0,-1.0,2020-01-16 09:49:56.112640,314.5,314.51,1
2020-01-16 09:50:00,N,AAPL,314.5,8.0,314.51,2.0,5.0,1.0,2020-01-16 09:50:00.897920,314.51,314.53,0
2020-01-16 09:50:01,N,AAPL,314.51,4.0,314.53,6.0,-4.0,4.0,2020-01-16 09:50:01.017250,314.54,314.56,1
2020-01-16 09:50:02,N,AAPL,314.54,2.0,314.56,1.0,-1.0,0.0,2020-01-16 09:50:02.058760,314.59,314.61,1
2020-01-16 09:50:03,N,AAPL,314.59,5.0,314.61,2.0,3.0,1.0,2020-01-16 09:50:03.107828,314.63,314.65,1
2020-01-16 09:50:04,N,AAPL,314.63,1.0,314.65,3.0,-1.0,2.0,2020-01-16 09:50:04.099159,314.62,314.66,0
2020-01-16 09:50:05,N,AAPL,314.62,6.0,314.66,2.0,5.0,1.0,2020-01-16 09:50:05.059364,314.67,314.7,1
2020-01-16 09:50:06,N,AAPL,314.67,4.0,314.7,2.0,3.0,0.0,2020-01-16 09:50:06.783857,314.66,314.68,0
2020-01-16 09:50:07,N,AAPL,314.66,1.0,314.68,2.0,-1.0,1.0,2020-01-16 09:50:07.016739,314.6,314.62,-1
2020-01-16 09:50:09,N,AAPL,314.6,2.0,314.62,4.0,-4.0,2.0,2020-01-16 09:50:09.215660,314.57,314.6,0
2020-01-16 09:50:10,N,AAPL,314.57,6.0,314.6,1.0,4.0,0.0,2020-01-16 09:50:10.022984,314.59,314.63,0
2020-01-16 09:50:11,N,AAPL,314.59,3.0,314.63,3.0,2.0,2.0,2020-01-16 09:50:11.345020,314.59,314.63,0
2020-01-16 09:50:12,N,AAPL,314.59,2.0,314.63,3.0,0.0,2.0,2020-01-16 09:50:12.048830,314.64,314.67,1
2020-01-16 09:50:15,N,AAPL,314.64,2.0,314.67,2.0,0.0,-1.0,2020-01-16 09:50:15.711080,314.64,314.68,0
2020-01-16 09:50:16,N,AAPL,314.64,5.0,314.68,1.0,3.0,-1.0,2020-01-16 09:50:16.024920,314.69,314.7,1
2020-01-16 09:50:17,N,AAPL,314.69,8.0,314.7,1.0,5.0,-3.0,2020-01-16 09:50:17.417216,314.71,314.73,1
2020-01-16 09:50:18,N,AAPL,314.71,4.0,314.73,4.0,2.0,1.0,2020-01-16 09:50:18.210647,314.7,314.72,0
2020-01-16 09:50:19,N,AAPL,314.7,3.0,314.72,1.0,2.0,-3.0,2020-01-16 09:50:19.155748,314.69,314.71,0
2020-01-16 09:50:20,N,AAPL,314.69,2.0,314.71,4.0,-1.0,3.0,2020-01-16 09:50:20.288816,314.64,314.66,-1
2020-01-16 09:50:22,N,AAPL,314.64,3.0,314.66,4.0,1.0,2.0,2020-01-16 09:50:22.224701,314.67,314.7,1
2020-01-16 09:50:24,N,AAPL,314.67,2.0,314.7,5.0,-2.0,3.0,2020-01-16 09:50:24.359089,314.68,314.72,0
2020-01-16 09:50:25,N,AAPL,314.68,1.0,314.72,2.0,-1.0,0.0,2020-01-16 09:50:25.030675,314.67,314.7,0
2020-01-16 09:50:26,N,AAPL,314.67,2.0,314.7,2.0,0.0,1.0,2020-01-16 09:50:26.964177,314.65,314.68,0
2020-01-16 09:50:27,N,AAPL,314.65,2.0,314.68,1.0,0.0,-1.0,2020-01-16 09:50:27.007402,314.65,314.69,0
2020-01-16 09:50:28,N,AAPL,314.65,3.0,314.69,1.0,1.0,0.0,2020-01-16 09:50:28.640106,314.65,314.68,0
2020-01-16 09:50:30,N,AAPL,314.65,1.0,314.68,1.0,-2.0,0.0,2020-01-16 09:50:30.298321,314.65,314.68,0
2020-01-16 09:50:31,N,AAPL,314.65,2.0,314.68,1.0,1.0,0.0,2020-01-16 09:50:31.441600,314.68,314.71,0
2020-01-16 09:50:32,N,AAPL,314.68,2.0,314.71,1.0,-1.0,-1.0,2020-01-16 09:50:32.302635,314.66,314.67,-1
2020-01-16 09:50:34,N,AAPL,314.66,1.0,314.67,2.0,-2.0,-2.0,2020-01-16 09:50:34.769529,314.67,314.71,0
2020-01-16 09:50:36,N,AAPL,314.67,2.0,314.71,5.0,1.0,3.0,2020-01-16 09:50:36.200931,314.68,314.71,0
2020-01-16 09:50:37,N,AAPL,314.68,2.0,314.71,1.0,-2.0,-1.0,2020-01-16 09:50:37.040170,314.68,314.71,0
2020-01-16 09:50:38,N,AAPL,314.68,1.0,314.71,3.0,-1.0,2.0,2020-01-16 09:50:38.000694,314.71,314.73,0
2020-01-16 09:50:39,N,AAPL,314.71,3.0,314.73,1.0,2.0,0.0,2020-01-16 09:50:39.964941,314.73,314.74,0
2020-01-16 09:50:41,N,AAPL,314.73,1.0,314.74,1.0,-1.0,-4.0,2020-01-16 09:50:41.193428,314.74,314.75,0
