last_interval,Exchange,Symbol,Best_Bid_Price,FB0,Best_Offer_Price,FA0,FB2,FA2,p_time,Next_Best_Bid,Next_Best_Offer,outcome
2020-01-07 09:30:00,N,AAPL,299.67,1.0,299.78,9.0,0.0,0.0,2020-01-07 09:30:00.965151,300.08,300.21,1
2020-01-07 09:30:12,N,AAPL,300.08,6.0,300.21,11.0,5.0,2.0,2020-01-07 09:30:12.119965,299.91,299.99,-1
2020-01-07 09:30:18,N,AAPL,299.91,3.0,299.99,10.0,-3.0,-1.0,2020-01-07 09:30:18.391086,299.92,299.97,0
2020-01-07 09:30:21,N,AAPL,299.92,1.0,299.97,2.0,-2.0,-5.0,2020-01-07 09:30:21.086379,299.97,300.03,0
2020-01-07 09:30:22,N,AAPL,299.97,3.0,300.03,3.0,2.0,2.0,2020-01-07 09:30:22.280609,299.91,300.0,0
2020-01-07 09:30:23,N,AAPL,299.91,4.0,300.0,2.0,0.0,0.0,2020-01-07 09:30:23.125002,299.9,299.92,0
2020-01-07 09:30:24,N,AAPL,299.9,5.0,299.92,12.0,2.0,10.0,2020-01-07 09:30:24.325216,299.9,299.96,0
2020-01-07 09:30:25,N,AAPL,299.9,3.0,299.96,4.0,0.0,2.0,2020-01-07 09:30:25.004144,299.84,299.87,-1
2020-01-07 09:30:26,N,AAPL,299.84,2.0,299.87,1.0,0.0,-1.0,2020-01-07 09:30:26.000283,299.81,299.87,0
2020-01-07 09:30:27,N,AAPL,299.81,4.0,299.87,1.0,-16.0,-1.0,2020-01-07 09:30:27.013977,299.74,299.78,-1
2020-01-07 09:30:28,N,AAPL,299.74,2.0,299.78,1.0,1.0,-2.0,2020-01-07 09:30:28.007263,299.73,299.77,0
2020-01-07 09:30:29,N,AAPL,299.73,2.0,299.77,3.0,-2.0,-2.0,2020-01-07 09:30:29.126352,299.72,299.8,0
2020-01-07 09:30:30,N,AAPL,299.72,2.0,299.8,8.0,0.0,6.0,2020-01-07 09:30:30.033479,299.54,299.6,-1
2020-01-07 09:30:31,N,AAPL,299.54,2.0,299.6,2.0,-2.0,0.0,2020-01-07 09:30:31.139252,299.52,299.58,0
2020-01-07 09:30:32,N,AAPL,299.52,2.0,299.58,1.0,0.0,-1.0,2020-01-07 09:30:32.664229,299.56,299.63,0
2020-01-07 09:30:33,N,AAPL,299.56,2.0,299.63,2.0,0.0,-1.0,2020-01-07 09:30:33.560250,299.56,299.63,0
2020-01-07 09:30:34,N,AAPL,299.56,2.0,299.63,3.0,0.0,-1.0,2020-01-07 09:30:34.019218,299.63,299.71,0
2020-01-07 09:30:35,N,AAPL,299.63,1.0,299.71,6.0,0.0,0.0,2020-01-07 09:30:35.217438,299.64,299.73,0
2020-01-07 09:30:36,N,AAPL,299.64,1.0,299.73,1.0,-4.0,-1.0,2020-01-07 09:30:36.153405,299.63,299.73,0
2020-01-07 09:30:37,N,AAPL,299.63,6.0,299.73,5.0,0.0,-3.0,2020-01-07 09:30:37.160681,299.63,299.73,0
2020-01-07 09:30:38,N,AAPL,299.63,6.0,299.73,9.0,0.0,8.0,2020-01-07 09:30:38.231164,299.67,299.72,0
2020-01-07 09:30:39,N,AAPL,299.67,1.0,299.72,4.0,0.0,3.0,2020-01-07 09:30:39.388549,299.71,299.75,0
2020-01-07 09:30:40,N,AAPL,299.71,2.0,299.75,3.0,1.0,2.0,2020-01-07 09:30:40.003458,299.72,299.78,0
2020-01-07 09:30:41,N,AAPL,299.72,2.0,299.78,2.0,0.0,0.0,2020-01-07 09:30:41.573617,299.67,299.72,0
2020-01-07 09:30:42,N,AAPL,299.67,1.0,299.72,2.0,-1.0,0.0,2020-01-07 09:30:42.029577,299.64,299.71,0
2020-01-07 09:30:43,N,AAPL,299.64,12.0,299.71,2.0,9.0,1.0,2020-01-07 09:30:43.125031,299.63,299.67,0
2020-01-07 09:30:44,N,AAPL,299.63,1.0,299.67,2.0,-11.0,1.0,2020-01-07 09:30:44.036436,299.63,299.7,0
2020-01-07 09:30:45,N,AAPL,299.63,1.0,299.7,5.0,0.0,4.0,2020-01-07 09:30:45.005170,299.63,299.72,0
2020-01-07 09:30:46,N,AAPL,299.63,1.0,299.72,4.0,0.0,2.0,2020-01-07 09:30:46.305873,299.63,299.71,0
2020-01-07 09:30:47,N,AAPL,299.63,1.0,299.71,4.0,0.0,3.0,2020-01-07 09:30:47.075698,299.63,299.7,0
2020-01-07 09:30:48,N,AAPL,299.63,1.0,299.7,2.0,0.0,1.0,2020-01-07 09:30:48.094637,299.63,299.66,0
2020-01-07 09:30:49,N,AAPL,299.63,1.0,299.66,1.0,0.0,-3.0,2020-01-07 09:30:49.205769,299.55,299.6,-1
2020-01-07 09:30:51,N,AAPL,299.55,1.0,299.6,2.0,0.0,-2.0,2020-01-07 09:30:51.028023,299.58,299.66,0
2020-01-07 09:30:52,N,AAPL,299.58,3.0,299.66,2.0,2.0,0.0,2020-01-07 09:30:52.917441,299.58,299.65,0
2020-01-07 09:30:53,N,AAPL,299.58,3.0,299.65,4.0,0.0,2.0,2020-01-07 09:30:53.095742,299.54,299.56,-1
2020-01-07 09:30:55,N,AAPL,299.54,1.0,299.56,2.0,0.0,0.0,2020-01-07 09:30:55.159872,299.54,299.61,0
2020-01-07 09:30:56,N,AAPL,299.54,1.0,299.61,2.0,-1.0,0.0,2020-01-07 09:30:56.691113,299.66,299.7,1
2020-01-07 09:30:57,N,AAPL,299.66,2.0,299.7,1.0,1.0,0.0,2020-01-07 09:30:57.000686,299.7,299.73,0
2020-01-07 09:30:58,N,AAPL,299.7,2.0,299.73,2.0,0.0,0.0,2020-01-07 09:30:58.579616,299.77,299.84,1
2020-01-07 09:31:00,N,AAPL,299.77,1.0,299.84,2.0,-1.0,1.0,2020-01-07 09:31:00.026382,299.86,299.89,1
2020-01-07 09:31:01,N,AAPL,299.86,2.0,299.89,4.0,0.0,3.0,2020-01-07 09:31:01.078870,299.98,300.03,1
2020-01-07 09:31:02,N,AAPL,299.98,1.0,300.03,1.0,-1.0,-3.0,2020-01-07 09:31:02.906605,299.95,300.01,0
2020-01-07 09:31:03,N,AAPL,299.95,2.0,300.01,2.0,0.0,1.0,2020-01-07 09:31:03.305753,299.96,300.02,0
2020-01-07 09:31:04,N,AAPL,299.96,2.0,300.02,2.0,0.0,-3.0,2020-01-07 09:31:04.343713,299.96,300.0,0
2020-01-07 09:31:05,N,AAPL,299.96,1.0,300.0,2.0,-1.0,1.0,2020-01-07 09:31:05.150837,299.91,299.95,-1
2020-01-07 09:31:06,N,AAPL,299.91,1.0,299.95,1.0,-1.0,-2.0,2020-01-07 09:31:06.093826,299.91,299.96,0
2020-01-07 09:31:07,N,AAPL,299.91,2.0,299.96,1.0,1.0,-2.0,2020-01-07 09:31:07.149488,300.07,300.11,1
2020-01-07 09:31:08,N,AAPL,300.07,3.0,300.11,1.0,1.0,-1.0,2020-01-07 09:31:08.331401,300.11,300.17,0
2020-01-07 09:31:09,N,AAPL,300.11,2.0,300.17,4.0,1.0,0.0,2020-01-07 09:31:09.426370,300.05,300.1,-1
2020-01-07 09:31:10,N,AAPL,300.05,2.0,300.1,4.0,-1.0,3.0,2020-01-07 09:31:10.194853,300.03,300.07,0
2020-01-07 09:31:11,N,AAPL,300.03,23.0,300.07,1.0,0.0,-1.0,2020-01-07 09:31:11.176260,299.97,300.03,0
2020-01-07 09:31:12,N,AAPL,299.97,1.0,300.03,2.0,0.0,0.0,2020-01-07 09:31:12.033082,299.95,300.01,0
2020-01-07 09:31:13,N,AAPL,299.95,3.0,300.01,2.0,2.0,0.0,2020-01-07 09:31:13.744430,299.97,300.02,0
2020-01-07 09:31:14,N,AAPL,299.97,2.0,300.02,4.0,1.0,1.0,2020-01-07 09:31:14.083171,300.0,300.06,0
2020-01-07 09:31:15,N,AAPL,300.0,1.0,300.06,1.0,-1.0,-2.0,2020-01-07 09:31:15.520085,300.0,300.07,0
2020-01-07 09:31:16,N,AAPL,300.0,7.0,300.07,7.0,5.0,3.0,2020-01-07 09:31:16.032014,300.0,300.07,0
2020-01-07 09:31:17,N,AAPL,300.0,2.0,300.07,2.0,-5.0,1.0,2020-01-07 09:31:17.153967,299.97,300.03,0
2020-01-07 09:31:18,N,AAPL,299.97,2.0,300.03,2.0,0.0,0.0,2020-01-07 09:31:18.191544,299.94,300.02,0
2020-01-07 09:31:19,N,AAPL,299.94,1.0,300.02,2.0,-1.0,0.0,2020-01-07 09:31:19.185688,300.02,300.07,0
2020-01-07 09:31:20,N,AAPL,300.02,2.0,300.07,2.0,1.0,0.0,2020-01-07 09:31:20.017003,299.97,300.02,0
2020-01-07 09:31:21,N,AAPL,299.97,1.0,300.02,4.0,-3.0,0.0,2020-01-07 09:31:21.061798,300.0,300.04,0
2020-01-07 09:31:22,N,AAPL,300.0,2.0,300.04,2.0,-1.0,-8.0,2020-01-07 09:31:22.510076,299.94,300.0,0
2020-01-07 09:31:23,N,AAPL,299.94,1.0,300.0,1.0,0.0,-1.0,2020-01-07 09:31:23.027320,300.0,300.03,0
2020-01-07 09:31:24,N,AAPL,300.0,2.0,300.03,2.0,1.0,1.0,2020-01-07 09:31:24.190124,299.98,300.03,0
2020-01-07 09:31:25,N,AAPL,299.98,2.0,300.03,2.0,1.0,-2.0,2020-01-07 09:31:25.368038,299.85,299.89,-1
2020-01-07 09:31:26,N,AAPL,299.85,1.0,299.89,2.0,-1.0,0.0,2020-01-07 09:31:26.357195,299.8,299.83,-1
2020-01-07 09:31:27,N,AAPL,299.8,1.0,299.83,2.0,-1.0,0.0,2020-01-07 09:31:27.359132,299.85,299.91,1
2020-01-07 09:31:28,N,AAPL,299.85,1.0,299.91,1.0,-1.0,-1.0,2020-01-07 09:31:28.019666,299.7,299.74,-1
2020-01-07 09:31:29,N,AAPL,299.7,1.0,299.74,2.0,-10.0,0.0,2020-01-07 09:31:29.109361,299.72,299.76,0
2020-01-07 09:31:30,N,AAPL,299.72,2.0,299.76,1.0,1.0,-1.0,2020-01-07 09:31:30.226891,299.79,299.85,1
2020-01-07 09:31:32,N,AAPL,299.79,3.0,299.85,2.0,1.0,0.0,2020-01-07 09:31:32.033592,299.8,299.83,0
2020-01-07 09:31:33,N,AAPL,299.8,1.0,299.83,4.0,-1.0,2.0,2020-01-07 09:31:33.237837,299.77,299.87,0
2020-01-07 09:31:34,N,AAPL,299.77,2.0,299.87,4.0,0.0,1.0,2020-01-07 09:31:34.130440,299.79,299.87,0
2020-01-07 09:31:35,N,AAPL,299.79,3.0,299.87,2.0,0.0,-2.0,2020-01-07 09:31:35.075614,299.81,299.85,0
2020-01-07 09:31:36,N,AAPL,299.81,1.0,299.85,2.0,-3.0,1.0,2020-01-07 09:31:36.708460,299.82,299.87,0
2020-01-07 09:31:37,N,AAPL,299.82,2.0,299.87,1.0,1.0,0.0,2020-01-07 09:31:37.255307,299.83,299.88,0
2020-01-07 09:31:38,N,AAPL,299.83,2.0,299.88,1.0,0.0,-1.0,2020-01-07 09:31:38.880520,299.83,299.88,0
2020-01-07 09:31:39,N,AAPL,299.83,3.0,299.88,1.0,2.0,0.0,2020-01-07 09:31:39.035237,299.86,299.91,0
2020-01-07 09:31:40,N,AAPL,299.86,1.0,299.91,2.0,0.0,0.0,2020-01-07 09:31:40.134408,299.86,299.88,0
2020-01-07 09:31:42,N,AAPL,299.86,1.0,299.88,4.0,0.0,2.0,2020-01-07 09:31:42.042873,299.93,299.96,1
2020-01-07 09:31:44,N,AAPL,299.93,2.0,299.96,1.0,0.0,-2.0,2020-01-07 09:31:44.136046,299.96,300.03,0
2020-01-07 09:31:45,N,AAPL,299.96,6.0,300.03,2.0,4.0,1.0,2020-01-07 09:31:45.031465,300.02,300.1,0
2020-01-07 09:31:46,N,AAPL,300.02,1.0,300.1,5.0,-1.0,0.0,2020-01-07 09:31:46.226354,300.01,300.09,0
2020-01-07 09:31:47,N,AAPL,300.01,4.0,300.09,1.0,2.0,-3.0,2020-01-07 09:31:47.030785,300.05,300.09,0
2020-01-07 09:31:48,N,AAPL,300.05,2.0,300.09,1.0,0.0,0.0,2020-01-07 09:31:48.033784,300.01,300.07,0
2020-01-07 09:31:49,N,AAPL,300.01,2.0,300.07,2.0,0.0,0.0,2020-01-07 09:31:49.219899,300.02,300.05,0
2020-01-07 09:31:50,N,AAPL,300.02,1.0,300.05,1.0,-3.0,-25.0,2020-01-07 09:31:50.155462,300.02,300.08,0
2020-01-07 09:31:51,N,AAPL,300.02,3.0,300.08,1.0,1.0,-2.0,2020-01-07 09:31:51.238981,300.05,300.1,0
2020-01-07 09:31:52,N,AAPL,300.05,2.0,300.1,3.0,-1.0,2.0,2020-01-07 09:31:52.065742,300.08,300.14,0
2020-01-07 09:31:53,N,AAPL,300.08,1.0,300.14,1.0,-1.0,0.0,2020-01-07 09:31:53.093833,300.13,300.2,0
2020-01-07 09:31:54,N,AAPL,300.13,6.0,300.2,6.0,2.0,4.0,2020-01-07 09:31:54.155185,300.13,300.16,0
2020-01-07 09:31:55,N,AAPL,300.13,4.0,300.16,1.0,-2.0,-5.0,2020-01-07 09:31:55.039852,300.1,300.14,0
2020-01-07 09:31:56,N,AAPL,300.1,2.0,300.14,2.0,1.0,-2.0,2020-01-07 09:31:56.001479,300.05,300.13,0
2020-01-07 09:31:57,N,AAPL,300.05,2.0,300.13,2.0,0.0,-3.0,2020-01-07 09:31:57.095081,300.07,300.14,0
2020-01-07 09:31:58,N,AAPL,300.07,2.0,300.14,2.0,1.0,1.0,2020-01-07 09:31:58.217329,300.12,300.18,0
2020-01-07 09:31:59,N,AAPL,300.12,1.0,300.18,4.0,0.0,0.0,2020-01-07 09:31:59.065902,300.08,300.15,0
2020-01-07 09:32:00,N,AAPL,300.08,5.0,300.15,3.0,0.0,-1.0,2020-01-07 09:32:00.014255,300.05,300.09,0
2020-01-07 09:32:01,N,AAPL,300.05,1.0,300.09,2.0,-1.0,0.0,2020-01-07 09:32:01.881077,300.1,300.15,1
2020-01-07 09:32:02,N,AAPL,300.1,2.0,300.15,2.0,1.0,-1.0,2020-01-07 09:32:02.412595,300.1,300.13,0
2020-01-07 09:32:03,N,AAPL,300.1,1.0,300.13,2.0,0.0,1.0,2020-01-07 09:32:03.006415,300.05,300.1,0
2020-01-07 09:32:04,N,AAPL,300.05,1.0,300.1,1.0,-1.0,0.0,2020-01-07 09:32:04.472839,300.05,300.11,0
2020-01-07 09:32:05,N,AAPL,300.05,3.0,300.11,2.0,2.0,1.0,2020-01-07 09:32:05.102533,299.98,300.05,0
2020-01-07 09:32:06,N,AAPL,299.98,2.0,300.05,2.0,1.0,1.0,2020-01-07 09:32:06.013804,299.98,300.04,0
2020-01-07 09:32:07,N,AAPL,299.98,3.0,300.04,1.0,0.0,-1.0,2020-01-07 09:32:07.021113,299.92,299.96,-1
2020-01-07 09:32:08,N,AAPL,299.92,1.0,299.96,2.0,-2.0,1.0,2020-01-07 09:32:08.001521,299.91,299.96,0
2020-01-07 09:32:09,N,AAPL,299.91,1.0,299.96,1.0,-1.0,0.0,2020-01-07 09:32:09.132968,299.88,299.93,0
2020-01-07 09:32:10,N,AAPL,299.88,2.0,299.93,1.0,1.0,0.0,2020-01-07 09:32:10.000838,299.83,299.89,0
2020-01-07 09:32:11,N,AAPL,299.83,2.0,299.89,3.0,1.0,-1.0,2020-01-07 09:32:11.007529,299.83,299.88,0
2020-01-07 09:32:12,N,AAPL,299.83,2.0,299.88,4.0,0.0,3.0,2020-01-07 09:32:12.339581,299.85,299.91,0
2020-01-07 09:32:13,N,AAPL,299.85,3.0,299.91,1.0,1.0,0.0,2020-01-07 09:32:13.187661,299.88,299.93,0
2020-01-07 09:32:14,N,AAPL,299.88,4.0,299.93,2.0,3.0,1.0,2020-01-07 09:32:14.147928,299.96,300.02,1
2020-01-07 09:32:15,N,AAPL,299.96,1.0,300.02,3.0,0.0,2.0,2020-01-07 09:32:15.030941,300.02,300.08,0
2020-01-07 09:32:16,N,AAPL,300.02,1.0,300.08,2.0,-1.0,1.0,2020-01-07 09:32:16.170185,300.05,300.1,0
2020-01-07 09:32:17,N,AAPL,300.05,2.0,300.1,2.0,-2.0,0.0,2020-01-07 09:32:17.327350,300.06,300.1,0
2020-01-07 09:32:19,N,AAPL,300.06,1.0,300.1,5.0,-1.0,3.0,2020-01-07 09:32:19.052733,299.99,300.04,-1
2020-01-07 09:32:20,N,AAPL,299.99,4.0,300.04,1.0,2.0,-3.0,2020-01-07 09:32:20.032706,299.98,300.05,0
2020-01-07 09:32:21,N,AAPL,299.98,1.0,300.05,2.0,-1.0,0.0,2020-01-07 09:32:21.028163,299.91,299.96,-1
2020-01-07 09:32:22,N,AAPL,299.91,4.0,299.96,2.0,1.0,0.0,2020-01-07 09:32:22.074821,299.94,299.99,0
2020-01-07 09:32:23,N,AAPL,299.94,1.0,299.99,4.0,0.0,2.0,2020-01-07 09:32:23.110596,299.98,300.02,0
2020-01-07 09:32:25,N,AAPL,299.98,1.0,300.02,2.0,0.0,0.0,2020-01-07 09:32:25.258057,300.02,300.09,0
2020-01-07 09:32:26,N,AAPL,300.02,6.0,300.09,2.0,4.0,-2.0,2020-01-07 09:32:26.168448,300.14,300.18,1
2020-01-07 09:32:29,N,AAPL,300.14,2.0,300.18,1.0,1.0,-1.0,2020-01-07 09:32:29.176639,300.14,300.18,0
2020-01-07 09:32:30,N,AAPL,300.14,1.0,300.18,2.0,-1.0,1.0,2020-01-07 09:32:30.059778,300.15,300.19,0
2020-01-07 09:32:31,N,AAPL,300.15,1.0,300.19,1.0,-1.0,-1.0,2020-01-07 09:32:31.463585,300.14,300.17,0
2020-01-07 09:32:32,N,AAPL,300.14,2.0,300.17,4.0,1.0,3.0,2020-01-07 09:32:32.252585,300.15,300.2,0
2020-01-07 09:32:33,N,AAPL,300.15,1.0,300.2,4.0,-3.0,-11.0,2020-01-07 09:32:33.005657,300.1,300.18,0
2020-01-07 09:32:34,N,AAPL,300.1,1.0,300.18,1.0,0.0,-1.0,2020-01-07 09:32:34.049444,300.14,300.2,0
2020-01-07 09:32:35,N,AAPL,300.14,2.0,300.2,1.0,1.0,-1.0,2020-01-07 09:32:35.132014,300.33,300.38,1
2020-01-07 09:32:36,N,AAPL,300.33,2.0,300.38,4.0,0.0,3.0,2020-01-07 09:32:36.713511,300.33,300.39,0
2020-01-07 09:32:37,N,AAPL,300.33,2.0,300.39,2.0,0.0,0.0,2020-01-07 09:32:37.065204,300.27,300.33,0
2020-01-07 09:32:38,N,AAPL,300.27,2.0,300.33,1.0,0.0,0.0,2020-01-07 09:32:38.067546,300.3,300.36,0
2020-01-07 09:32:39,N,AAPL,300.3,4.0,300.36,2.0,2.0,1.0,2020-01-07 09:32:39.121612,300.35,300.4,0
2020-01-07 09:32:40,N,AAPL,300.35,2.0,300.4,8.0,0.0,6.0,2020-01-07 09:32:40.003523,300.27,300.35,0
2020-01-07 09:32:41,N,AAPL,300.27,4.0,300.35,2.0,1.0,1.0,2020-01-07 09:32:41.029042,300.26,300.29,0
2020-01-07 09:32:42,N,AAPL,300.26,1.0,300.29,2.0,0.0,1.0,2020-01-07 09:32:42.119618,300.23,300.29,0
2020-01-07 09:32:43,N,AAPL,300.23,2.0,300.29,2.0,0.0,1.0,2020-01-07 09:32:43.031849,300.26,300.29,0
2020-01-07 09:32:44,N,AAPL,300.26,2.0,300.29,2.0,0.0,1.0,2020-01-07 09:32:44.091695,300.3,300.35,1
2020-01-07 09:32:45,N,AAPL,300.3,2.0,300.35,1.0,1.0,-2.0,2020-01-07 09:32:45.741077,300.3,300.35,0
2020-01-07 09:32:46,N,AAPL,300.3,2.0,300.35,2.0,0.0,1.0,2020-01-07 09:32:46.477218,300.34,300.36,0
2020-01-07 09:32:47,N,AAPL,300.34,1.0,300.36,1.0,-1.0,-1.0,2020-01-07 09:32:47.191633,300.35,300.39,0
2020-01-07 09:32:48,N,AAPL,300.35,2.0,300.39,1.0,0.0,-5.0,2020-01-07 09:32:48.049541,300.41,300.47,1
2020-01-07 09:32:49,N,AAPL,300.41,1.0,300.47,1.0,-3.0,0.0,2020-01-07 09:32:49.070688,300.36,300.41,0
2020-01-07 09:32:50,N,AAPL,300.36,4.0,300.41,1.0,0.0,0.0,2020-01-07 09:32:50.291047,300.36,300.42,0
2020-01-07 09:32:51,N,AAPL,300.36,4.0,300.42,1.0,0.0,0.0,2020-01-07 09:32:51.144926,300.39,300.42,0
2020-01-07 09:32:53,N,AAPL,300.39,1.0,300.42,2.0,-1.0,1.0,2020-01-07 09:32:53.656529,300.46,300.48,1
2020-01-07 09:32:54,N,AAPL,300.46,1.0,300.48,1.0,-1.0,0.0,2020-01-07 09:32:54.893455,300.48,300.49,0
2020-01-07 09:32:55,N,AAPL,300.48,17.0,300.49,2.0,14.0,1.0,2020-01-07 09:32:55.359089,300.49,300.54,0
2020-01-07 09:32:56,N,AAPL,300.49,2.0,300.54,1.0,-2.0,-3.0,2020-01-07 09:32:56.352761,300.48,300.51,0
2020-01-07 09:32:58,N,AAPL,300.48,2.0,300.51,1.0,0.0,-1.0,2020-01-07 09:32:58.636942,300.4,300.46,-1
2020-01-07 09:32:59,N,AAPL,300.4,5.0,300.46,1.0,3.0,0.0,2020-01-07 09:32:59.255587,300.37,300.42,0
2020-01-07 09:33:00,N,AAPL,300.37,1.0,300.42,2.0,0.0,0.0,2020-01-07 09:33:00.570622,300.41,300.43,0
2020-01-07 09:33:01,N,AAPL,300.41,2.0,300.43,8.0,1.0,6.0,2020-01-07 09:33:01.499618,300.45,300.5,1
2020-01-07 09:33:02,N,AAPL,300.45,1.0,300.5,2.0,0.0,-8.0,2020-01-07 09:33:02.104414,300.47,300.52,0
2020-01-07 09:33:03,N,AAPL,300.47,2.0,300.52,1.0,1.0,-1.0,2020-01-07 09:33:03.384015,300.49,300.53,0
2020-01-07 09:33:04,N,AAPL,300.49,2.0,300.53,1.0,1.0,0.0,2020-01-07 09:33:04.285669,300.46,300.49,0
2020-01-07 09:33:06,N,AAPL,300.46,2.0,300.49,2.0,1.0,0.0,2020-01-07 09:33:06.568779,300.51,300.53,1
2020-01-07 09:33:09,N,AAPL,300.51,6.0,300.53,1.0,4.0,-1.0,2020-01-07 09:33:09.119302,300.49,300.51,0
2020-01-07 09:33:10,N,AAPL,300.49,2.0,300.51,1.0,0.0,-2.0,2020-01-07 09:33:10.034391,300.51,300.54,0
2020-01-07 09:33:11,N,AAPL,300.51,2.0,300.54,2.0,-1.0,0.0,2020-01-07 09:33:11.242909,300.53,300.57,0
2020-01-07 09:33:12,N,AAPL,300.53,2.0,300.57,2.0,-1.0,1.0,2020-01-07 09:33:12.034163,300.58,300.6,1
2020-01-07 09:33:13,N,AAPL,300.58,2.0,300.6,1.0,-2.0,0.0,2020-01-07 09:33:13.366537,300.6,300.64,0
2020-01-07 09:33:14,N,AAPL,300.6,2.0,300.64,1.0,1.0,0.0,2020-01-07 09:33:14.037192,300.65,300.7,1
2020-01-07 09:33:15,N,AAPL,300.65,2.0,300.7,5.0,1.0,3.0,2020-01-07 09:33:15.310460,300.63,300.68,0
2020-01-07 09:33:16,N,AAPL,300.63,2.0,300.68,7.0,0.0,-1.0,2020-01-07 09:33:16.093118,300.65,300.71,0
2020-01-07 09:33:17,N,AAPL,300.65,2.0,300.71,4.0,-1.0,-3.0,2020-01-07 09:33:17.072487,300.64,300.71,0
2020-01-07 09:33:18,N,AAPL,300.64,4.0,300.71,4.0,3.0,2.0,2020-01-07 09:33:18.339499,300.65,300.68,0
2020-01-07 09:33:19,N,AAPL,300.65,1.0,300.68,2.0,-1.0,0.0,2020-01-07 09:33:19.117162,300.62,300.68,0
2020-01-07 09:33:20,N,AAPL,300.62,1.0,300.68,2.0,-1.0,0.0,2020-01-07 09:33:20.817234,300.62,300.67,0
2020-01-07 09:33:21,N,AAPL,300.62,1.0,300.67,1.0,0.0,-1.0,2020-01-07 09:33:21.141330,300.59,300.65,0
2020-01-07 09:33:23,N,AAPL,300.59,2.0,300.65,4.0,0.0,2.0,2020-01-07 09:33:23.190694,300.61,300.65,0
2020-01-07 09:33:24,N,AAPL,300.61,1.0,300.65,1.0,-1.0,-2.0,2020-01-07 09:33:24.719653,300.66,300.71,1
2020-01-07 09:33:25,N,AAPL,300.66,1.0,300.71,5.0,0.0,4.0,2020-01-07 09:33:25.652344,300.7,300.72,0
2020-01-07 09:33:28,N,AAPL,300.7,1.0,300.72,1.0,0.0,-4.0,2020-01-07 09:33:28.016926,300.66,300.69,-1
2020-01-07 09:33:30,N,AAPL,300.66,3.0,300.69,1.0,1.0,0.0,2020-01-07 09:33:30.791871,300.64,300.68,0
2020-01-07 09:33:31,N,AAPL,300.64,1.0,300.68,1.0,0.0,0.0,2020-01-07 09:33:31.051319,300.63,300.67,0
2020-01-07 09:33:32,N,AAPL,300.63,1.0,300.67,1.0,0.0,0.0,2020-01-07 09:33:32.180006,300.63,300.67,0
2020-01-07 09:33:33,N,AAPL,300.63,1.0,300.67,1.0,0.0,0.0,2020-01-07 09:33:33.087396,300.6,300.65,0
2020-01-07 09:33:34,N,AAPL,300.6,4.0,300.65,5.0,2.0,3.0,2020-01-07 09:33:34.576276,300.63,300.65,0
2020-01-07 09:33:36,N,AAPL,300.63,2.0,300.65,2.0,-2.0,-3.0,2020-01-07 09:33:36.376454,300.64,300.71,0
2020-01-07 09:33:37,N,AAPL,300.64,2.0,300.71,7.0,0.0,6.0,2020-01-07 09:33:37.048180,300.66,300.69,0
2020-01-07 09:33:38,N,AAPL,300.66,1.0,300.69,2.0,0.0,0.0,2020-01-07 09:33:38.792327,300.65,300.7,0
2020-01-07 09:33:39,N,AAPL,300.65,2.0,300.7,2.0,-5.0,-1.0,2020-01-07 09:33:39.746780,300.68,300.71,0
2020-01-07 09:33:40,N,AAPL,300.68,2.0,300.71,4.0,0.0,2.0,2020-01-07 09:33:40.656741,300.69,300.72,0
2020-01-07 09:33:42,N,AAPL,300.69,2.0,300.72,1.0,-4.0,0.0,2020-01-07 09:33:42.269447,300.62,300.65,-1
2020-01-07 09:33:43,N,AAPL,300.62,2.0,300.65,2.0,0.0,0.0,2020-01-07 09:33:43.032265,300.61,300.65,0
2020-01-07 09:33:44,N,AAPL,300.61,1.0,300.65,2.0,-1.0,0.0,2020-01-07 09:33:44.760428,300.51,300.55,-1
2020-01-07 09:33:47,N,AAPL,300.51,4.0,300.55,2.0,3.0,0.0,2020-01-07 09:33:47.011959,300.55,300.61,0
2020-01-07 09:33:48,N,AAPL,300.55,2.0,300.61,2.0,0.0,1.0,2020-01-07 09:33:48.003313,300.58,300.61,0
2020-01-07 09:33:50,N,AAPL,300.58,1.0,300.61,2.0,-1.0,1.0,2020-01-07 09:33:50.663498,300.61,300.64,0
2020-01-07 09:33:51,N,AAPL,300.61,2.0,300.64,3.0,-1.0,1.0,2020-01-07 09:33:51.082536,300.6,300.64,0
2020-01-07 09:33:52,N,AAPL,300.6,2.0,300.64,10.0,0.0,9.0,2020-01-07 09:33:52.365952,300.52,300.57,-1
2020-01-07 09:33:53,N,AAPL,300.52,1.0,300.57,2.0,0.0,1.0,2020-01-07 09:33:53.204750,300.6,300.63,1
2020-01-07 09:33:55,N,AAPL,300.6,1.0,300.63,4.0,-3.0,2.0,2020-01-07 09:33:55.170305,300.6,300.62,0
2020-01-07 09:33:56,N,AAPL,300.6,1.0,300.62,1.0,0.0,-1.0,2020-01-07 09:33:56.053693,300.51,300.55,-1
2020-01-07 09:33:57,N,AAPL,300.51,3.0,300.55,1.0,2.0,-2.0,2020-01-07 09:33:57.387607,300.52,300.57,0
2020-01-07 09:33:58,N,AAPL,300.52,1.0,300.57,4.0,-1.0,2.0,2020-01-07 09:33:58.235906,300.54,300.59,0
2020-01-07 09:33:59,N,AAPL,300.54,2.0,300.59,2.0,0.0,1.0,2020-01-07 09:33:59.734698,300.56,300.61,0
2020-01-07 09:34:00,N,AAPL,300.56,2.0,300.61,2.0,0.0,0.0,2020-01-07 09:34:00.009809,300.58,300.61,0
2020-01-07 09:34:02,N,AAPL,300.58,1.0,300.61,4.0,-1.0,2.0,2020-01-07 09:34:02.130112,300.61,300.63,0
2020-01-07 09:34:03,N,AAPL,300.61,1.0,300.63,2.0,0.0,-2.0,2020-01-07 09:34:03.416680,300.68,300.72,1
2020-01-07 09:34:04,N,AAPL,300.68,2.0,300.72,2.0,0.0,0.0,2020-01-07 09:34:04.806257,300.68,300.72,0
2020-01-07 09:34:05,N,AAPL,300.68,2.0,300.72,2.0,0.0,0.0,2020-01-07 09:34:05.349405,300.68,300.7,0
2020-01-07 09:34:06,N,AAPL,300.68,2.0,300.7,29.0,-2.0,28.0,2020-01-07 09:34:06.451497,300.64,300.69,0
2020-01-07 09:34:07,N,AAPL,300.64,1.0,300.69,2.0,0.0,-27.0,2020-01-07 09:34:07.611080,300.64,300.68,0
2020-01-07 09:34:08,N,AAPL,300.64,1.0,300.68,1.0,-1.0,-29.0,2020-01-07 09:34:08.179747,300.65,300.69,0
2020-01-07 09:34:09,N,AAPL,300.65,4.0,300.69,4.0,-1.0,2.0,2020-01-07 09:34:09.114817,300.64,300.69,0
2020-01-07 09:34:10,N,AAPL,300.64,7.0,300.69,4.0,6.0,2.0,2020-01-07 09:34:10.024155,300.63,300.65,0
2020-01-07 09:34:11,N,AAPL,300.63,2.0,300.65,1.0,-2.0,-1.0,2020-01-07 09:34:11.111729,300.6,300.64,0
2020-01-07 09:34:12,N,AAPL,300.6,6.0,300.64,2.0,3.0,0.0,2020-01-07 09:34:12.574629,300.65,300.68,1
2020-01-07 09:34:14,N,AAPL,300.65,2.0,300.68,2.0,-2.0,1.0,2020-01-07 09:34:14.176758,300.66,300.69,0
2020-01-07 09:34:15,N,AAPL,300.66,2.0,300.69,1.0,0.0,0.0,2020-01-07 09:34:15.275540,300.64,300.68,0
2020-01-07 09:34:16,N,AAPL,300.64,1.0,300.68,1.0,0.0,-1.0,2020-01-07 09:34:16.202408,300.63,300.66,0
2020-01-07 09:34:17,N,AAPL,300.63,1.0,300.66,1.0,-1.0,-1.0,2020-01-07 09:34:17.298300,300.61,300.65,0
2020-01-07 09:34:18,N,AAPL,300.61,2.0,300.65,1.0,1.0,0.0,2020-01-07 09:34:18.129796,300.69,300.72,1
2020-01-07 09:34:20,N,AAPL,300.69,5.0,300.72,4.0,3.0,3.0,2020-01-07 09:34:20.206216,300.68,300.71,0
2020-01-07 09:34:21,N,AAPL,300.68,2.0,300.71,1.0,-3.0,-3.0,2020-01-07 09:34:21.854932,300.69,300.72,0
2020-01-07 09:34:22,N,AAPL,300.69,2.0,300.72,3.0,0.0,2.0,2020-01-07 09:34:22.291090,300.66,300.7,0
2020-01-07 09:34:23,N,AAPL,300.66,2.0,300.7,2.0,0.0,1.0,2020-01-07 09:34:23.056966,300.68,300.71,0
2020-01-07 09:34:25,N,AAPL,300.68,7.0,300.71,2.0,5.0,0.0,2020-01-07 09:34:25.475750,300.7,300.72,0
2020-01-07 09:34:26,N,AAPL,300.7,2.0,300.72,1.0,-5.0,-1.0,2020-01-07 09:34:26.737605,300.72,300.74,0
2020-01-07 09:34:27,N,AAPL,300.72,2.0,300.74,2.0,0.0,1.0,2020-01-07 09:34:27.072275,300.81,300.85,1
2020-01-07 09:34:29,N,AAPL,300.81,2.0,300.85,2.0,-6.0,-2.0,2020-01-07 09:34:29.294757,300.8,300.84,0
2020-01-07 09:34:30,N,AAPL,300.8,2.0,300.84,2.0,0.0,0.0,2020-01-07 09:34:30.137555,300.78,300.82,0
2020-01-07 09:34:31,N,AAPL,300.78,3.0,300.82,2.0,1.0,0.0,2020-01-07 09:34:31.471006,300.74,300.78,0
2020-01-07 09:34:32,N,AAPL,300.74,2.0,300.78,4.0,0.0,2.0,2020-01-07 09:34:32.876164,300.73,300.76,0
2020-01-07 09:34:33,N,AAPL,300.73,1.0,300.76,2.0,-1.0,-2.0,2020-01-07 09:34:33.018723,300.73,300.76,0
2020-01-07 09:34:34,N,AAPL,300.73,2.0,300.76,1.0,0.0,-1.0,2020-01-07 09:34:34.840313,300.74,300.79,0
2020-01-07 09:34:35,N,AAPL,300.74,4.0,300.79,1.0,0.0,0.0,2020-01-07 09:34:35.011803,300.75,300.79,0
2020-01-07 09:34:36,N,AAPL,300.75,1.0,300.79,1.0,-1.0,0.0,2020-01-07 09:34:36.462148,300.76,300.79,0
2020-01-07 09:34:37,N,AAPL,300.76,2.0,300.79,5.0,1.0,-1.0,2020-01-07 09:34:37.526184,300.79,300.83,0
2020-01-07 09:34:38,N,AAPL,300.79,2.0,300.83,1.0,0.0,-4.0,2020-01-07 09:34:38.263853,300.76,300.84,0
2020-01-07 09:34:39,N,AAPL,300.76,5.0,300.84,4.0,1.0,2.0,2020-01-07 09:34:39.149703,300.84,300.87,0
2020-01-07 09:34:40,N,AAPL,300.84,4.0,300.87,1.0,2.0,0.0,2020-01-07 09:34:40.231414,300.83,300.85,0
2020-01-07 09:34:41,N,AAPL,300.83,2.0,300.85,2.0,0.0,0.0,2020-01-07 09:34:41.513662,300.82,300.87,0
2020-01-07 09:34:42,N,AAPL,300.82,1.0,300.87,2.0,-1.0,1.0,2020-01-07 09:34:42.222393,300.82,300.86,0
2020-01-07 09:34:44,N,AAPL,300.82,2.0,300.86,2.0,-4.0,0.0,2020-01-07 09:34:44.010971,300.76,300.8,-1
2020-01-07 09:34:45,N,AAPL,300.76,1.0,300.8,2.0,-2.0,0.0,2020-01-07 09:34:45.084120,300.77,300.83,0
2020-01-07 09:34:46,N,AAPL,300.77,3.0,300.83,4.0,2.0,3.0,2020-01-07 09:34:46.346523,300.78,300.82,0
2020-01-07 09:34:47,N,AAPL,300.78,2.0,300.82,2.0,1.0,-2.0,2020-01-07 09:34:47.543829,300.76,300.8,0
2020-01-07 09:34:48,N,AAPL,300.76,1.0,300.8,2.0,-1.0,1.0,2020-01-07 09:34:48.147836,300.8,300.84,0
2020-01-07 09:34:49,N,AAPL,300.8,6.0,300.84,2.0,5.0,0.0,2020-01-07 09:34:49.438279,300.79,300.84,0
2020-01-07 09:34:50,N,AAPL,300.79,2.0,300.84,2.0,0.0,0.0,2020-01-07 09:34:50.577584,300.83,300.87,0
2020-01-07 09:34:51,N,AAPL,300.83,4.0,300.87,1.0,2.0,-1.0,2020-01-07 09:34:51.550577,300.87,300.89,0
2020-01-07 09:34:53,N,AAPL,300.87,2.0,300.89,1.0,0.0,-3.0,2020-01-07 09:34:53.061856,300.84,300.87,0
2020-01-07 09:34:55,N,AAPL,300.84,2.0,300.87,2.0,0.0,-1.0,2020-01-07 09:34:55.002527,300.77,300.81,-1
2020-01-07 09:34:56,N,AAPL,300.77,2.0,300.81,2.0,1.0,0.0,2020-01-07 09:34:56.132570,300.73,300.78,0
2020-01-07 09:34:57,N,AAPL,300.73,2.0,300.78,2.0,0.0,0.0,2020-01-07 09:34:57.611206,300.74,300.78,0
2020-01-07 09:34:58,N,AAPL,300.74,2.0,300.78,1.0,0.0,-1.0,2020-01-07 09:34:58.435385,300.77,300.81,0
2020-01-07 09:34:59,N,AAPL,300.77,1.0,300.81,2.0,-1.0,0.0,2020-01-07 09:34:59.017482,300.81,300.85,0
2020-01-07 09:35:00,N,AAPL,300.81,2.0,300.85,2.0,1.0,-2.0,2020-01-07 09:35:00.000468,300.78,300.83,0
2020-01-07 09:35:01,N,AAPL,300.78,1.0,300.83,4.0,-1.0,2.0,2020-01-07 09:35:01.039081,300.81,300.86,0
2020-01-07 09:35:02,N,AAPL,300.81,5.0,300.86,1.0,1.0,-1.0,2020-01-07 09:35:02.369204,300.81,300.85,0
2020-01-07 09:35:03,N,AAPL,300.81,1.0,300.85,2.0,-1.0,0.0,2020-01-07 09:35:03.878244,300.79,300.85,0
2020-01-07 09:35:04,N,AAPL,300.79,2.0,300.85,2.0,1.0,1.0,2020-01-07 09:35:04.329127,300.73,300.78,-1
2020-01-07 09:35:05,N,AAPL,300.73,1.0,300.78,2.0,-1.0,0.0,2020-01-07 09:35:05.019164,300.75,300.8,0
2020-01-07 09:35:06,N,AAPL,300.75,1.0,300.8,1.0,0.0,-1.0,2020-01-07 09:35:06.284727,300.69,300.73,-1
2020-01-07 09:35:07,N,AAPL,300.69,1.0,300.73,4.0,0.0,1.0,2020-01-07 09:35:07.644664,300.65,300.68,-1
2020-01-07 09:35:11,N,AAPL,300.65,1.0,300.68,2.0,0.0,-2.0,2020-01-07 09:35:11.055344,300.66,300.71,0
2020-01-07 09:35:12,N,AAPL,300.66,1.0,300.71,5.0,0.0,3.0,2020-01-07 09:35:12.091005,300.68,300.72,0
2020-01-07 09:35:13,N,AAPL,300.68,1.0,300.72,2.0,-1.0,-2.0,2020-01-07 09:35:13.012700,300.74,300.77,1
2020-01-07 09:35:17,N,AAPL,300.74,5.0,300.77,2.0,3.0,0.0,2020-01-07 09:35:17.370976,300.76,300.8,0
2020-01-07 09:35:18,N,AAPL,300.76,2.0,300.8,4.0,1.0,2.0,2020-01-07 09:35:18.199720,300.7,300.74,-1
2020-01-07 09:35:19,N,AAPL,300.7,2.0,300.74,2.0,0.0,0.0,2020-01-07 09:35:19.082473,300.64,300.68,-1
2020-01-07 09:35:20,N,AAPL,300.64,1.0,300.68,2.0,0.0,0.0,2020-01-07 09:35:20.021268,300.66,300.71,0
2020-01-07 09:35:21,N,AAPL,300.66,1.0,300.71,2.0,-3.0,0.0,2020-01-07 09:35:21.052927,300.62,300.67,0
2020-01-07 09:35:22,N,AAPL,300.62,2.0,300.67,2.0,1.0,-1.0,2020-01-07 09:35:22.019782,300.64,300.68,0
2020-01-07 09:35:23,N,AAPL,300.64,3.0,300.68,1.0,-3.0,0.0,2020-01-07 09:35:23.013537,300.57,300.6,-1
2020-01-07 09:35:24,N,AAPL,300.57,1.0,300.6,2.0,-2.0,1.0,2020-01-07 09:35:24.324040,300.62,300.67,1
2020-01-07 09:35:26,N,AAPL,300.62,3.0,300.67,10.0,-2.0,8.0,2020-01-07 09:35:26.026309,300.65,300.68,0
2020-01-07 09:35:28,N,AAPL,300.65,1.0,300.68,2.0,-1.0,0.0,2020-01-07 09:35:28.013664,300.67,300.7,0
2020-01-07 09:35:29,N,AAPL,300.67,2.0,300.7,7.0,0.0,5.0,2020-01-07 09:35:29.328733,300.74,300.79,1
2020-01-07 09:35:31,N,AAPL,300.74,2.0,300.79,4.0,0.0,2.0,2020-01-07 09:35:31.555479,300.72,300.77,0
2020-01-07 09:35:32,N,AAPL,300.72,2.0,300.77,1.0,1.0,-1.0,2020-01-07 09:35:32.459881,300.72,300.77,0
2020-01-07 09:35:33,N,AAPL,300.72,1.0,300.77,2.0,-1.0,1.0,2020-01-07 09:35:33.415621,300.73,300.77,0
2020-01-07 09:35:34,N,AAPL,300.73,2.0,300.77,1.0,1.0,-1.0,2020-01-07 09:35:34.393404,300.7,300.72,-1
2020-01-07 09:35:37,N,AAPL,300.7,13.0,300.72,4.0,11.0,3.0,2020-01-07 09:35:37.064536,300.6,300.65,-1
2020-01-07 09:35:38,N,AAPL,300.6,2.0,300.65,1.0,0.0,-3.0,2020-01-07 09:35:38.035446,300.58,300.62,0
2020-01-07 09:35:39,N,AAPL,300.58,1.0,300.62,4.0,0.0,2.0,2020-01-07 09:35:39.022778,300.64,300.7,1
2020-01-07 09:35:40,N,AAPL,300.64,2.0,300.7,2.0,1.0,0.0,2020-01-07 09:35:40.120185,300.69,300.73,0
2020-01-07 09:35:41,N,AAPL,300.69,2.0,300.73,2.0,0.0,0.0,2020-01-07 09:35:41.453410,300.67,300.69,0
2020-01-07 09:35:42,N,AAPL,300.67,2.0,300.69,2.0,0.0,-12.0,2020-01-07 09:35:42.925018,300.67,300.69,0
2020-01-07 09:35:44,N,AAPL,300.67,4.0,300.69,2.0,2.0,0.0,2020-01-07 09:35:44.553292,300.64,300.66,-1
2020-01-07 09:35:45,N,AAPL,300.64,2.0,300.66,2.0,1.0,0.0,2020-01-07 09:35:45.300127,300.63,300.67,0
2020-01-07 09:35:46,N,AAPL,300.63,2.0,300.67,2.0,0.0,1.0,2020-01-07 09:35:46.800661,300.56,300.61,-1
2020-01-07 09:35:49,N,AAPL,300.56,1.0,300.61,2.0,-1.0,0.0,2020-01-07 09:35:49.140147,300.47,300.49,-1
2020-01-07 09:35:50,N,AAPL,300.47,21.0,300.49,1.0,17.0,-1.0,2020-01-07 09:35:50.169826,300.53,300.56,1
2020-01-07 09:35:51,N,AAPL,300.53,3.0,300.56,1.0,1.0,0.0,2020-01-07 09:35:51.295913,300.5,300.53,0
2020-01-07 09:35:52,N,AAPL,300.5,21.0,300.53,2.0,0.0,1.0,2020-01-07 09:35:52.035269,300.48,300.52,0
2020-01-07 09:35:53,N,AAPL,300.48,2.0,300.52,4.0,1.0,3.0,2020-01-07 09:35:53.166102,300.46,300.5,0
2020-01-07 09:35:54,N,AAPL,300.46,1.0,300.5,4.0,-1.0,1.0,2020-01-07 09:35:54.211780,300.46,300.49,0
2020-01-07 09:35:55,N,AAPL,300.46,2.0,300.49,3.0,1.0,-14.0,2020-01-07 09:35:55.442401,300.41,300.45,-1
2020-01-07 09:35:56,N,AAPL,300.41,1.0,300.45,1.0,0.0,0.0,2020-01-07 09:35:56.268039,300.41,300.46,0
2020-01-07 09:35:57,N,AAPL,300.41,2.0,300.46,2.0,0.0,-2.0,2020-01-07 09:35:57.011219,300.4,300.44,0
2020-01-07 09:36:00,N,AAPL,300.4,5.0,300.44,2.0,4.0,1.0,2020-01-07 09:36:00.527947,300.31,300.36,-1
2020-01-07 09:36:01,N,AAPL,300.31,10.0,300.36,2.0,5.0,0.0,2020-01-07 09:36:01.046613,300.32,300.35,0
2020-01-07 09:36:03,N,AAPL,300.32,1.0,300.35,2.0,-9.0,0.0,2020-01-07 09:36:03.099425,300.29,300.34,0
2020-01-07 09:36:04,N,AAPL,300.29,2.0,300.34,3.0,1.0,1.0,2020-01-07 09:36:04.152038,300.3,300.33,0
2020-01-07 09:36:05,N,AAPL,300.3,1.0,300.33,1.0,0.0,-1.0,2020-01-07 09:36:05.787736,300.21,300.24,-1
2020-01-07 09:36:06,N,AAPL,300.21,3.0,300.24,2.0,2.0,1.0,2020-01-07 09:36:06.385602,300.04,300.09,-1
2020-01-07 09:36:08,N,AAPL,300.04,15.0,300.09,2.0,14.0,0.0,2020-01-07 09:36:08.125058,300.01,300.05,0
2020-01-07 09:36:09,N,AAPL,300.01,2.0,300.05,1.0,-37.0,-1.0,2020-01-07 09:36:09.060179,299.86,299.92,-1
2020-01-07 09:36:10,N,AAPL,299.86,1.0,299.92,4.0,0.0,3.0,2020-01-07 09:36:10.072785,299.86,299.91,0
2020-01-07 09:36:11,N,AAPL,299.86,1.0,299.91,4.0,-1.0,-1.0,2020-01-07 09:36:11.082664,299.86,299.88,0
2020-01-07 09:36:14,N,AAPL,299.86,1.0,299.88,2.0,0.0,1.0,2020-01-07 09:36:14.809098,299.8,299.89,0
2020-01-07 09:36:15,N,AAPL,299.8,1.0,299.89,2.0,-1.0,1.0,2020-01-07 09:36:15.703652,299.79,299.84,0
2020-01-07 09:36:17,N,AAPL,299.79,2.0,299.84,2.0,1.0,1.0,2020-01-07 09:36:17.962468,299.71,299.76,-1
2020-01-07 09:36:18,N,AAPL,299.71,7.0,299.76,1.0,5.0,-1.0,2020-01-07 09:36:18.697460,299.83,299.86,1
2020-01-07 09:36:20,N,AAPL,299.83,6.0,299.86,1.0,-1.0,-3.0,2020-01-07 09:36:20.292495,299.79,299.89,0
2020-01-07 09:36:21,N,AAPL,299.79,1.0,299.89,2.0,0.0,0.0,2020-01-07 09:36:21.040133,299.85,299.88,0
2020-01-07 09:36:22,N,AAPL,299.85,1.0,299.88,1.0,0.0,-1.0,2020-01-07 09:36:22.024367,299.79,299.84,-1
2020-01-07 09:36:23,N,AAPL,299.79,1.0,299.84,4.0,0.0,2.0,2020-01-07 09:36:23.138877,299.42,299.52,-1
2020-01-07 09:36:24,N,AAPL,299.42,2.0,299.52,1.0,1.0,-3.0,2020-01-07 09:36:24.007594,299.55,299.63,1
2020-01-07 09:36:25,N,AAPL,299.55,2.0,299.63,2.0,-1.0,1.0,2020-01-07 09:36:25.069833,299.57,299.63,0
2020-01-07 09:36:26,N,AAPL,299.57,1.0,299.63,2.0,-4.0,-1.0,2020-01-07 09:36:26.093708,299.57,299.62,0
2020-01-07 09:36:27,N,AAPL,299.57,2.0,299.62,1.0,1.0,0.0,2020-01-07 09:36:27.334141,299.5,299.55,-1
2020-01-07 09:36:28,N,AAPL,299.5,11.0,299.55,4.0,1.0,2.0,2020-01-07 09:36:28.561991,299.45,299.53,0
2020-01-07 09:36:29,N,AAPL,299.45,1.0,299.53,1.0,0.0,-1.0,2020-01-07 09:36:29.043367,299.51,299.56,0
2020-01-07 09:36:31,N,AAPL,299.51,2.0,299.56,1.0,1.0,0.0,2020-01-07 09:36:31.680692,299.51,299.55,0
2020-01-07 09:36:32,N,AAPL,299.51,2.0,299.55,3.0,0.0,0.0,2020-01-07 09:36:32.145062,299.57,299.62,1
2020-01-07 09:36:33,N,AAPL,299.57,3.0,299.62,2.0,1.0,0.0,2020-01-07 09:36:33.372463,299.59,299.63,0
2020-01-07 09:36:34,N,AAPL,299.59,2.0,299.63,2.0,0.0,-4.0,2020-01-07 09:36:34.042865,299.6,299.68,0
2020-01-07 09:36:35,N,AAPL,299.6,1.0,299.68,1.0,-1.0,-4.0,2020-01-07 09:36:35.043219,299.55,299.59,-1
2020-01-07 09:36:36,N,AAPL,299.55,2.0,299.59,3.0,0.0,2.0,2020-01-07 09:36:36.154055,299.58,299.6,0
2020-01-07 09:36:37,N,AAPL,299.58,1.0,299.6,1.0,0.0,-1.0,2020-01-07 09:36:37.368015,299.57,299.65,0
2020-01-07 09:36:38,N,AAPL,299.57,2.0,299.65,5.0,1.0,3.0,2020-01-07 09:36:38.081675,299.62,299.65,0
2020-01-07 09:36:39,N,AAPL,299.62,2.0,299.65,1.0,1.0,-1.0,2020-01-07 09:36:39.066751,299.58,299.64,0
2020-01-07 09:36:40,N,AAPL,299.58,1.0,299.64,1.0,0.0,-1.0,2020-01-07 09:36:40.268808,299.58,299.64,0
2020-01-07 09:36:41,N,AAPL,299.58,1.0,299.64,2.0,0.0,0.0,2020-01-07 09:36:41.031011,299.61,299.7,0
2020-01-07 09:36:42,N,AAPL,299.61,2.0,299.7,3.0,0.0,2.0,2020-01-07 09:36:42.175060,299.65,299.7,0
2020-01-07 09:36:43,N,AAPL,299.65,1.0,299.7,1.0,0.0,-1.0,2020-01-07 09:36:43.127921,299.67,299.75,0
2020-01-07 09:36:44,N,AAPL,299.67,4.0,299.75,4.0,1.0,3.0,2020-01-07 09:36:44.053811,299.74,299.78,0
2020-01-07 09:36:45,N,AAPL,299.74,1.0,299.78,4.0,0.0,-1.0,2020-01-07 09:36:45.135626,299.73,299.78,0
2020-01-07 09:36:46,N,AAPL,299.73,2.0,299.78,4.0,0.0,-1.0,2020-01-07 09:36:46.153526,299.72,299.78,0
2020-01-07 09:36:48,N,AAPL,299.72,2.0,299.78,1.0,0.0,0.0,2020-01-07 09:36:48.168609,299.78,299.79,0
2020-01-07 09:36:49,N,AAPL,299.78,2.0,299.79,1.0,0.0,-9.0,2020-01-07 09:36:49.920008,299.76,299.8,0
2020-01-07 09:36:50,N,AAPL,299.76,2.0,299.8,1.0,1.0,0.0,2020-01-07 09:36:50.091592,299.85,299.88,1
2020-01-07 09:36:52,N,AAPL,299.85,1.0,299.88,1.0,0.0,0.0,2020-01-07 09:36:52.197580,299.88,299.93,0
2020-01-07 09:36:53,N,AAPL,299.88,2.0,299.93,4.0,0.0,2.0,2020-01-07 09:36:53.079846,299.92,299.96,0
2020-01-07 09:36:54,N,AAPL,299.92,2.0,299.96,3.0,1.0,1.0,2020-01-07 09:36:54.097593,299.84,299.86,-1
2020-01-07 09:36:55,N,AAPL,299.84,2.0,299.86,2.0,1.0,-1.0,2020-01-07 09:36:55.207010,299.8,299.84,0
2020-01-07 09:36:56,N,AAPL,299.8,1.0,299.84,2.0,-33.0,1.0,2020-01-07 09:36:56.296464,299.82,299.86,0
2020-01-07 09:36:58,N,AAPL,299.82,1.0,299.86,1.0,0.0,-1.0,2020-01-07 09:36:58.241460,299.79,299.83,0
2020-01-07 09:37:00,N,AAPL,299.79,30.0,299.83,5.0,28.0,3.0,2020-01-07 09:37:00.160824,299.66,299.71,-1
2020-01-07 09:37:01,N,AAPL,299.66,11.0,299.71,2.0,8.0,0.0,2020-01-07 09:37:01.500756,299.7,299.76,0
2020-01-07 09:37:02,N,AAPL,299.7,2.0,299.76,3.0,1.0,-1.0,2020-01-07 09:37:02.063419,299.74,299.79,0
2020-01-07 09:37:03,N,AAPL,299.74,1.0,299.79,2.0,-1.0,0.0,2020-01-07 09:37:03.222106,299.68,299.74,0
2020-01-07 09:37:04,N,AAPL,299.68,2.0,299.74,2.0,0.0,0.0,2020-01-07 09:37:04.017024,299.69,299.72,0
2020-01-07 09:37:05,N,AAPL,299.69,1.0,299.72,1.0,0.0,0.0,2020-01-07 09:37:05.063768,299.6,299.65,-1
2020-01-07 09:37:06,N,AAPL,299.6,2.0,299.65,3.0,0.0,1.0,2020-01-07 09:37:06.207718,299.53,299.59,-1
2020-01-07 09:37:07,N,AAPL,299.53,1.0,299.59,1.0,0.0,0.0,2020-01-07 09:37:07.017245,299.42,299.44,-1
2020-01-07 09:37:08,N,AAPL,299.42,1.0,299.44,2.0,0.0,-2.0,2020-01-07 09:37:08.076556,299.41,299.47,0
2020-01-07 09:37:09,N,AAPL,299.41,1.0,299.47,2.0,-1.0,1.0,2020-01-07 09:37:09.247778,299.41,299.47,0
2020-01-07 09:37:10,N,AAPL,299.41,2.0,299.47,4.0,0.0,3.0,2020-01-07 09:37:10.120986,299.41,299.45,0
2020-01-07 09:37:11,N,AAPL,299.41,1.0,299.45,2.0,0.0,0.0,2020-01-07 09:37:11.000219,299.44,299.49,0
2020-01-07 09:37:12,N,AAPL,299.44,2.0,299.49,5.0,0.0,4.0,2020-01-07 09:37:12.146717,299.44,299.5,0
2020-01-07 09:37:13,N,AAPL,299.44,2.0,299.5,2.0,0.0,1.0,2020-01-07 09:37:13.677356,299.44,299.51,0
2020-01-07 09:37:14,N,AAPL,299.44,2.0,299.51,1.0,0.0,0.0,2020-01-07 09:37:14.028913,299.51,299.56,0
2020-01-07 09:37:15,N,AAPL,299.51,1.0,299.56,5.0,-1.0,4.0,2020-01-07 09:37:15.392497,299.36,299.4,-1
2020-01-07 09:37:16,N,AAPL,299.36,1.0,299.4,2.0,0.0,0.0,2020-01-07 09:37:16.861975,299.28,299.33,-1
2020-01-07 09:37:17,N,AAPL,299.28,1.0,299.33,2.0,0.0,-2.0,2020-01-07 09:37:17.190326,299.27,299.32,0
2020-01-07 09:37:18,N,AAPL,299.27,5.0,299.32,2.0,4.0,0.0,2020-01-07 09:37:18.129168,299.26,299.31,0
2020-01-07 09:37:19,N,AAPL,299.26,2.0,299.31,2.0,1.0,0.0,2020-01-07 09:37:19.421204,299.31,299.34,0
2020-01-07 09:37:20,N,AAPL,299.31,2.0,299.34,2.0,1.0,0.0,2020-01-07 09:37:20.075247,299.31,299.35,0
2020-01-07 09:37:21,N,AAPL,299.31,1.0,299.35,2.0,0.0,-1.0,2020-01-07 09:37:21.362394,299.3,299.35,0
2020-01-07 09:37:22,N,AAPL,299.3,1.0,299.35,2.0,-1.0,1.0,2020-01-07 09:37:22.281009,299.33,299.36,0
2020-01-07 09:37:23,N,AAPL,299.33,1.0,299.36,3.0,-2.0,0.0,2020-01-07 09:37:23.131425,299.31,299.38,0
2020-01-07 09:37:24,N,AAPL,299.31,2.0,299.38,2.0,0.0,1.0,2020-01-07 09:37:24.133016,299.38,299.42,0
2020-01-07 09:37:26,N,AAPL,299.38,2.0,299.42,2.0,0.0,0.0,2020-01-07 09:37:26.103532,299.41,299.47,0
2020-01-07 09:37:27,N,AAPL,299.41,2.0,299.47,4.0,-1.0,1.0,2020-01-07 09:37:27.013363,299.44,299.5,0
2020-01-07 09:37:28,N,AAPL,299.44,2.0,299.5,2.0,0.0,1.0,2020-01-07 09:37:28.029099,299.44,299.49,0
2020-01-07 09:37:29,N,AAPL,299.44,2.0,299.49,4.0,0.0,2.0,2020-01-07 09:37:29.519192,299.38,299.43,-1
2020-01-07 09:37:30,N,AAPL,299.38,3.0,299.43,3.0,1.0,1.0,2020-01-07 09:37:30.058802,299.38,299.43,0
2020-01-07 09:37:31,N,AAPL,299.38,2.0,299.43,2.0,0.0,0.0,2020-01-07 09:37:31.050829,299.37,299.42,0
2020-01-07 09:37:32,N,AAPL,299.37,1.0,299.42,1.0,0.0,0.0,2020-01-07 09:37:32.045566,299.35,299.41,0
2020-01-07 09:37:33,N,AAPL,299.35,5.0,299.41,4.0,4.0,2.0,2020-01-07 09:37:33.067778,299.45,299.51,1
2020-01-07 09:37:34,N,AAPL,299.45,1.0,299.51,2.0,-1.0,1.0,2020-01-07 09:37:34.483048,299.45,299.51,0
2020-01-07 09:37:35,N,AAPL,299.45,1.0,299.51,2.0,0.0,0.0,2020-01-07 09:37:35.067384,299.48,299.53,0
2020-01-07 09:37:36,N,AAPL,299.48,2.0,299.53,3.0,1.0,1.0,2020-01-07 09:37:36.027207,299.48,299.51,0
2020-01-07 09:37:37,N,AAPL,299.48,1.0,299.51,2.0,-1.0,0.0,2020-01-07 09:37:37.734861,299.48,299.52,0
2020-01-07 09:37:38,N,AAPL,299.48,3.0,299.52,4.0,0.0,-1.0,2020-01-07 09:37:38.060643,299.48,299.53,0
2020-01-07 09:37:39,N,AAPL,299.48,3.0,299.53,3.0,2.0,0.0,2020-01-07 09:37:39.160123,299.5,299.53,0
2020-01-07 09:37:40,N,AAPL,299.5,1.0,299.53,1.0,-2.0,-2.0,2020-01-07 09:37:40.629235,299.52,299.56,0
2020-01-07 09:37:41,N,AAPL,299.52,2.0,299.56,1.0,0.0,0.0,2020-01-07 09:37:41.026593,299.53,299.56,0
2020-01-07 09:37:42,N,AAPL,299.53,1.0,299.56,4.0,0.0,-1.0,2020-01-07 09:37:42.010786,299.53,299.57,0
2020-01-07 09:37:44,N,AAPL,299.53,1.0,299.57,3.0,-1.0,1.0,2020-01-07 09:37:44.352870,299.44,299.49,-1
2020-01-07 09:37:45,N,AAPL,299.44,1.0,299.49,2.0,-1.0,-2.0,2020-01-07 09:37:45.306753,299.4,299.42,-1
2020-01-07 09:37:48,N,AAPL,299.4,1.0,299.42,2.0,-1.0,0.0,2020-01-07 09:37:48.398250,299.37,299.42,0
2020-01-07 09:37:50,N,AAPL,299.37,1.0,299.42,3.0,0.0,-1.0,2020-01-07 09:37:50.153043,299.41,299.45,0
2020-01-07 09:37:51,N,AAPL,299.41,2.0,299.45,1.0,1.0,-2.0,2020-01-07 09:37:51.116325,299.44,299.45,0
2020-01-07 09:37:54,N,AAPL,299.44,4.0,299.45,2.0,3.0,1.0,2020-01-07 09:37:54.631301,299.54,299.57,1
2020-01-07 09:37:55,N,AAPL,299.54,3.0,299.57,2.0,1.0,0.0,2020-01-07 09:37:55.029515,299.56,299.59,0
2020-01-07 09:37:56,N,AAPL,299.56,4.0,299.59,4.0,3.0,2.0,2020-01-07 09:37:56.782911,299.59,299.62,0
2020-01-07 09:37:57,N,AAPL,299.59,2.0,299.62,2.0,1.0,0.0,2020-01-07 09:37:57.184281,299.58,299.62,0
2020-01-07 09:37:58,N,AAPL,299.58,1.0,299.62,2.0,-1.0,1.0,2020-01-07 09:37:58.776988,299.57,299.62,0
2020-01-07 09:37:59,N,AAPL,299.57,2.0,299.62,2.0,1.0,0.0,2020-01-07 09:37:59.050263,299.52,299.57,0
2020-01-07 09:38:00,N,AAPL,299.52,5.0,299.57,2.0,3.0,0.0,2020-01-07 09:38:00.002448,299.48,299.51,-1
2020-01-07 09:38:01,N,AAPL,299.48,4.0,299.51,4.0,0.0,2.0,2020-01-07 09:38:01.987637,299.45,299.5,0
2020-01-07 09:38:02,N,AAPL,299.45,2.0,299.5,4.0,-2.0,0.0,2020-01-07 09:38:02.000323,299.37,299.4,-1
2020-01-07 09:38:03,N,AAPL,299.37,1.0,299.4,2.0,-2.0,-2.0,2020-01-07 09:38:03.881570,299.33,299.36,-1
2020-01-07 09:38:04,N,AAPL,299.33,2.0,299.36,1.0,0.0,0.0,2020-01-07 09:38:04.415748,299.26,299.32,-1
2020-01-07 09:38:05,N,AAPL,299.26,2.0,299.32,4.0,0.0,3.0,2020-01-07 09:38:05.186280,299.28,299.32,0
2020-01-07 09:38:06,N,AAPL,299.28,1.0,299.32,3.0,0.0,2.0,2020-01-07 09:38:06.276559,299.3,299.33,0
2020-01-07 09:38:07,N,AAPL,299.3,2.0,299.33,1.0,1.0,-1.0,2020-01-07 09:38:07.111231,299.26,299.3,0
2020-01-07 09:38:08,N,AAPL,299.26,2.0,299.3,2.0,1.0,-2.0,2020-01-07 09:38:08.206442,299.27,299.32,0
2020-01-07 09:38:09,N,AAPL,299.27,4.0,299.32,2.0,2.0,1.0,2020-01-07 09:38:09.057481,299.28,299.3,0
2020-01-07 09:38:11,N,AAPL,299.28,2.0,299.3,1.0,-2.0,0.0,2020-01-07 09:38:11.263072,299.26,299.31,0
2020-01-07 09:38:12,N,AAPL,299.26,5.0,299.31,4.0,4.0,2.0,2020-01-07 09:38:12.161927,299.25,299.28,0
2020-01-07 09:38:13,N,AAPL,299.25,1.0,299.28,1.0,0.0,-1.0,2020-01-07 09:38:13.551320,299.25,299.31,0
2020-01-07 09:38:14,N,AAPL,299.25,2.0,299.31,3.0,0.0,1.0,2020-01-07 09:38:14.004180,299.18,299.23,-1
2020-01-07 09:38:15,N,AAPL,299.18,4.0,299.23,1.0,3.0,-2.0,2020-01-07 09:38:15.497373,299.2,299.26,0
2020-01-07 09:38:16,N,AAPL,299.2,2.0,299.26,4.0,1.0,2.0,2020-01-07 09:38:16.077092,299.25,299.28,0
2020-01-07 09:38:17,N,AAPL,299.25,2.0,299.28,2.0,1.0,0.0,2020-01-07 09:38:17.069193,299.2,299.26,0
2020-01-07 09:38:18,N,AAPL,299.2,2.0,299.26,1.0,-2.0,-3.0,2020-01-07 09:38:18.077858,299.15,299.18,-1
2020-01-07 09:38:19,N,AAPL,299.15,1.0,299.18,2.0,0.0,0.0,2020-01-07 09:38:19.095608,299.17,299.22,0
2020-01-07 09:38:20,N,AAPL,299.17,2.0,299.22,2.0,1.0,0.0,2020-01-07 09:38:20.031282,299.13,299.17,0
2020-01-07 09:38:21,N,AAPL,299.13,1.0,299.17,4.0,-1.0,3.0,2020-01-07 09:38:21.260567,299.14,299.22,0
2020-01-07 09:38:22,N,AAPL,299.14,2.0,299.22,1.0,0.0,-1.0,2020-01-07 09:38:22.013093,299.17,299.22,0
2020-01-07 09:38:23,N,AAPL,299.17,2.0,299.22,3.0,0.0,-1.0,2020-01-07 09:38:23.005129,299.18,299.22,0
2020-01-07 09:38:24,N,AAPL,299.18,4.0,299.22,1.0,2.0,0.0,2020-01-07 09:38:24.113736,299.11,299.17,-1
2020-01-07 09:38:25,N,AAPL,299.11,2.0,299.17,4.0,0.0,2.0,2020-01-07 09:38:25.029623,299.1,299.15,0
2020-01-07 09:38:26,N,AAPL,299.1,21.0,299.15,2.0,0.0,-2.0,2020-01-07 09:38:26.095291,299.09,299.13,0
2020-01-07 09:38:27,N,AAPL,299.09,5.0,299.13,2.0,4.0,-2.0,2020-01-07 09:38:27.215794,299.06,299.11,0
2020-01-07 09:38:28,N,AAPL,299.06,2.0,299.11,1.0,1.0,-1.0,2020-01-07 09:38:28.826264,299.06,299.1,0
2020-01-07 09:38:29,N,AAPL,299.06,1.0,299.1,2.0,-1.0,1.0,2020-01-07 09:38:29.382301,299.07,299.11,0
2020-01-07 09:38:30,N,AAPL,299.07,2.0,299.11,1.0,0.0,-1.0,2020-01-07 09:38:30.199160,299.05,299.09,0
2020-01-07 09:38:31,N,AAPL,299.05,2.0,299.09,4.0,0.0,3.0,2020-01-07 09:38:31.225182,299.06,299.11,0
2020-01-07 09:38:32,N,AAPL,299.06,4.0,299.11,2.0,0.0,-1.0,2020-01-07 09:38:32.473481,299.07,299.1,0
2020-01-07 09:38:33,N,AAPL,299.07,1.0,299.1,4.0,-3.0,3.0,2020-01-07 09:38:33.388960,299.02,299.04,-1
2020-01-07 09:38:34,N,AAPL,299.02,2.0,299.04,2.0,0.0,-3.0,2020-01-07 09:38:34.346612,299.02,299.04,0
2020-01-07 09:38:35,N,AAPL,299.02,5.0,299.04,1.0,4.0,-1.0,2020-01-07 09:38:35.793440,299.03,299.07,0
2020-01-07 09:38:36,N,AAPL,299.03,2.0,299.07,4.0,-2.0,0.0,2020-01-07 09:38:36.045850,299.05,299.09,0
2020-01-07 09:38:37,N,AAPL,299.05,4.0,299.09,1.0,-3.0,-2.0,2020-01-07 09:38:37.352826,298.97,299.01,-1
2020-01-07 09:38:38,N,AAPL,298.97,1.0,299.01,1.0,0.0,-1.0,2020-01-07 09:38:38.085339,299.0,299.05,0
2020-01-07 09:38:39,N,AAPL,299.0,2.0,299.05,4.0,0.0,0.0,2020-01-07 09:38:39.024775,299.02,299.06,0
2020-01-07 09:38:41,N,AAPL,299.02,1.0,299.06,1.0,-3.0,-1.0,2020-01-07 09:38:41.612032,299.02,299.06,0
2020-01-07 09:38:42,N,AAPL,299.02,6.0,299.06,1.0,-1.0,-5.0,2020-01-07 09:38:42.209639,298.98,299.04,0
2020-01-07 09:38:43,N,AAPL,298.98,2.0,299.04,2.0,-4.0,0.0,2020-01-07 09:38:43.212570,299.04,299.07,0
2020-01-07 09:38:44,N,AAPL,299.04,4.0,299.07,1.0,2.0,-1.0,2020-01-07 09:38:44.270518,299.06,299.1,0
2020-01-07 09:38:45,N,AAPL,299.06,4.0,299.1,1.0,0.0,0.0,2020-01-07 09:38:45.063683,299.06,299.1,0
2020-01-07 09:38:46,N,AAPL,299.06,4.0,299.1,1.0,2.0,-1.0,2020-01-07 09:38:46.033891,299.05,299.09,0
2020-01-07 09:38:47,N,AAPL,299.05,2.0,299.09,2.0,0.0,1.0,2020-01-07 09:38:47.044681,299.06,299.1,0
2020-01-07 09:38:48,N,AAPL,299.06,2.0,299.1,1.0,1.0,0.0,2020-01-07 09:38:48.051261,299.05,299.09,0
2020-01-07 09:38:50,N,AAPL,299.05,2.0,299.09,2.0,-2.0,0.0,2020-01-07 09:38:50.126236,299.04,299.05,0
2020-01-07 09:38:52,N,AAPL,299.04,1.0,299.05,3.0,-1.0,-1.0,2020-01-07 09:38:52.029084,298.97,299.01,-1
2020-01-07 09:38:53,N,AAPL,298.97,2.0,299.01,4.0,1.0,2.0,2020-01-07 09:38:53.822489,298.93,298.97,0
2020-01-07 09:38:54,N,AAPL,298.93,2.0,298.97,2.0,0.0,-2.0,2020-01-07 09:38:54.175101,298.83,298.87,-1
2020-01-07 09:38:55,N,AAPL,298.83,2.0,298.87,3.0,-1.0,1.0,2020-01-07 09:38:55.196375,298.92,298.97,1
2020-01-07 09:38:56,N,AAPL,298.92,1.0,298.97,1.0,0.0,0.0,2020-01-07 09:38:56.036995,298.91,298.95,0
2020-01-07 09:38:57,N,AAPL,298.91,1.0,298.95,1.0,0.0,0.0,2020-01-07 09:38:57.323339,298.9,298.94,0
2020-01-07 09:38:58,N,AAPL,298.9,3.0,298.94,3.0,1.0,2.0,2020-01-07 09:38:58.292394,298.81,298.87,-1
2020-01-07 09:38:59,N,AAPL,298.81,3.0,298.87,4.0,0.0,2.0,2020-01-07 09:38:59.359306,298.85,298.88,0
2020-01-07 09:39:00,N,AAPL,298.85,1.0,298.88,3.0,-2.0,2.0,2020-01-07 09:39:00.194448,298.77,298.79,-1
2020-01-07 09:39:01,N,AAPL,298.77,2.0,298.79,2.0,0.0,1.0,2020-01-07 09:39:01.149415,298.7,298.75,-1
2020-01-07 09:39:02,N,AAPL,298.7,2.0,298.75,4.0,0.0,2.0,2020-01-07 09:39:02.340683,298.68,298.73,0
2020-01-07 09:39:03,N,AAPL,298.68,1.0,298.73,2.0,-3.0,0.0,2020-01-07 09:39:03.117900,298.72,298.75,0
2020-01-07 09:39:04,N,AAPL,298.72,4.0,298.75,2.0,2.0,-3.0,2020-01-07 09:39:04.000858,298.61,298.69,-1
2020-01-07 09:39:05,N,AAPL,298.61,1.0,298.69,2.0,-3.0,1.0,2020-01-07 09:39:05.024160,298.55,298.58,-1
2020-01-07 09:39:06,N,AAPL,298.55,1.0,298.58,2.0,-3.0,1.0,2020-01-07 09:39:06.130024,298.59,298.63,1
2020-01-07 09:39:07,N,AAPL,298.59,1.0,298.63,2.0,0.0,0.0,2020-01-07 09:39:07.184974,298.55,298.58,-1
2020-01-07 09:39:08,N,AAPL,298.55,1.0,298.58,2.0,0.0,0.0,2020-01-07 09:39:08.514162,298.46,298.5,-1
2020-01-07 09:39:09,N,AAPL,298.46,1.0,298.5,2.0,-1.0,0.0,2020-01-07 09:39:09.035925,298.4,298.45,-1
2020-01-07 09:39:10,N,AAPL,298.4,2.0,298.45,4.0,0.0,1.0,2020-01-07 09:39:10.107414,298.35,298.46,0
2020-01-07 09:39:11,N,AAPL,298.35,2.0,298.46,2.0,0.0,1.0,2020-01-07 09:39:11.027277,298.39,298.47,0
2020-01-07 09:39:12,N,AAPL,298.39,1.0,298.47,3.0,0.0,2.0,2020-01-07 09:39:12.217764,298.46,298.52,0
2020-01-07 09:39:14,N,AAPL,298.46,3.0,298.52,1.0,1.0,0.0,2020-01-07 09:39:14.229388,298.52,298.55,0
2020-01-07 09:39:15,N,AAPL,298.52,1.0,298.55,4.0,-1.0,2.0,2020-01-07 09:39:15.177620,298.47,298.55,0
2020-01-07 09:39:16,N,AAPL,298.47,4.0,298.55,1.0,2.0,-1.0,2020-01-07 09:39:16.122691,298.5,298.54,0
2020-01-07 09:39:17,N,AAPL,298.5,2.0,298.54,1.0,0.0,-1.0,2020-01-07 09:39:17.043645,298.54,298.58,0
2020-01-07 09:39:18,N,AAPL,298.54,2.0,298.58,1.0,0.0,-1.0,2020-01-07 09:39:18.388783,298.52,298.57,0
2020-01-07 09:39:19,N,AAPL,298.52,2.0,298.57,1.0,0.0,-3.0,2020-01-07 09:39:19.108128,298.61,298.66,1
2020-01-07 09:39:20,N,AAPL,298.61,1.0,298.66,2.0,0.0,0.0,2020-01-07 09:39:20.123674,298.57,298.6,-1
2020-01-07 09:39:21,N,AAPL,298.57,1.0,298.6,5.0,-1.0,3.0,2020-01-07 09:39:21.722024,298.54,298.58,0
2020-01-07 09:39:22,N,AAPL,298.54,5.0,298.58,2.0,4.0,0.0,2020-01-07 09:39:22.035079,298.69,298.72,1
2020-01-07 09:39:23,N,AAPL,298.69,2.0,298.72,3.0,0.0,0.0,2020-01-07 09:39:23.366483,298.61,298.64,-1
2020-01-07 09:39:24,N,AAPL,298.61,1.0,298.64,2.0,-1.0,1.0,2020-01-07 09:39:24.101069,298.63,298.69,0
2020-01-07 09:39:25,N,AAPL,298.63,2.0,298.69,2.0,0.0,0.0,2020-01-07 09:39:25.185950,298.69,298.72,0
2020-01-07 09:39:26,N,AAPL,298.69,4.0,298.72,3.0,3.0,2.0,2020-01-07 09:39:26.490228,298.78,298.82,1
2020-01-07 09:39:27,N,AAPL,298.78,2.0,298.82,2.0,0.0,1.0,2020-01-07 09:39:27.119797,298.73,298.78,0
2020-01-07 09:39:28,N,AAPL,298.73,2.0,298.78,6.0,-1.0,0.0,2020-01-07 09:39:28.137027,298.7,298.77,0
2020-01-07 09:39:29,N,AAPL,298.7,2.0,298.77,1.0,1.0,0.0,2020-01-07 09:39:29.011162,298.64,298.7,0
2020-01-07 09:39:30,N,AAPL,298.64,2.0,298.7,4.0,-70.0,3.0,2020-01-07 09:39:30.377998,298.65,298.72,0
2020-01-07 09:39:31,N,AAPL,298.65,4.0,298.72,2.0,1.0,0.0,2020-01-07 09:39:31.000028,298.66,298.72,0
2020-01-07 09:39:32,N,AAPL,298.66,3.0,298.72,2.0,2.0,0.0,2020-01-07 09:39:32.432746,298.66,298.72,0
2020-01-07 09:39:33,N,AAPL,298.66,2.0,298.72,1.0,1.0,-1.0,2020-01-07 09:39:33.054643,298.63,298.65,-1
2020-01-07 09:39:34,N,AAPL,298.63,23.0,298.65,2.0,22.0,-1.0,2020-01-07 09:39:34.427620,298.63,298.67,0
2020-01-07 09:39:35,N,AAPL,298.63,22.0,298.67,1.0,19.0,0.0,2020-01-07 09:39:35.149886,298.59,298.66,0
2020-01-07 09:39:36,N,AAPL,298.59,1.0,298.66,2.0,-1.0,0.0,2020-01-07 09:39:36.348914,298.65,298.73,0
2020-01-07 09:39:37,N,AAPL,298.65,3.0,298.73,2.0,2.0,0.0,2020-01-07 09:39:37.434060,298.68,298.76,0
2020-01-07 09:39:38,N,AAPL,298.68,2.0,298.76,2.0,1.0,0.0,2020-01-07 09:39:38.088921,298.76,298.81,0
2020-01-07 09:39:39,N,AAPL,298.76,2.0,298.81,4.0,0.0,1.0,2020-01-07 09:39:39.309167,298.75,298.82,0
2020-01-07 09:39:40,N,AAPL,298.75,2.0,298.82,2.0,-3.0,0.0,2020-01-07 09:39:40.093036,298.84,298.87,1
2020-01-07 09:39:41,N,AAPL,298.84,2.0,298.87,2.0,0.0,0.0,2020-01-07 09:39:41.531692,298.87,298.91,0
2020-01-07 09:39:42,N,AAPL,298.87,2.0,298.91,2.0,-2.0,0.0,2020-01-07 09:39:42.687144,298.99,299.01,1
2020-01-07 09:39:44,N,AAPL,298.99,4.0,299.01,2.0,2.0,0.0,2020-01-07 09:39:44.320331,299.02,299.07,1
2020-01-07 09:39:45,N,AAPL,299.02,1.0,299.07,2.0,-3.0,0.0,2020-01-07 09:39:45.136009,299.13,299.19,1
2020-01-07 09:39:46,N,AAPL,299.13,2.0,299.19,4.0,0.0,2.0,2020-01-07 09:39:46.146607,299.15,299.19,0
2020-01-07 09:39:47,N,AAPL,299.15,2.0,299.19,2.0,0.0,-2.0,2020-01-07 09:39:47.002147,299.18,299.23,0
2020-01-07 09:39:48,N,AAPL,299.18,2.0,299.23,2.0,0.0,0.0,2020-01-07 09:39:48.616099,299.17,299.19,0
2020-01-07 09:39:49,N,AAPL,299.17,2.0,299.19,4.0,0.0,2.0,2020-01-07 09:39:49.293393,299.16,299.2,0
2020-01-07 09:39:50,N,AAPL,299.16,1.0,299.2,4.0,-1.0,2.0,2020-01-07 09:39:50.427931,299.16,299.19,0
2020-01-07 09:39:51,N,AAPL,299.16,1.0,299.19,2.0,-1.0,0.0,2020-01-07 09:39:51.033774,299.06,299.12,-1
2020-01-07 09:39:52,N,AAPL,299.06,4.0,299.12,1.0,3.0,-1.0,2020-01-07 09:39:52.128776,299.06,299.13,0
2020-01-07 09:39:53,N,AAPL,299.06,1.0,299.13,1.0,-3.0,0.0,2020-01-07 09:39:53.048582,299.07,299.11,0
2020-01-07 09:39:55,N,AAPL,299.07,2.0,299.11,3.0,1.0,-1.0,2020-01-07 09:39:55.571743,299.11,299.13,0
2020-01-07 09:39:57,N,AAPL,299.11,2.0,299.13,2.0,0.0,-2.0,2020-01-07 09:39:57.014678,299.13,299.18,0
2020-01-07 09:39:58,N,AAPL,299.13,2.0,299.18,4.0,0.0,3.0,2020-01-07 09:39:58.182638,299.08,299.14,0
2020-01-07 09:39:59,N,AAPL,299.08,3.0,299.14,1.0,2.0,-1.0,2020-01-07 09:39:59.028212,299.1,299.14,0
2020-01-07 09:40:00,N,AAPL,299.1,5.0,299.14,1.0,0.0,0.0,2020-01-07 09:40:00.055411,298.93,298.98,-1
2020-01-07 09:40:01,N,AAPL,298.93,1.0,298.98,1.0,0.0,0.0,2020-01-07 09:40:01.357175,298.89,298.92,-1
2020-01-07 09:40:04,N,AAPL,298.89,1.0,298.92,1.0,0.0,0.0,2020-01-07 09:40:04.378117,298.85,298.89,0
2020-01-07 09:40:05,N,AAPL,298.85,1.0,298.89,1.0,-1.0,-1.0,2020-01-07 09:40:05.082855,298.85,298.88,0
2020-01-07 09:40:06,N,AAPL,298.85,1.0,298.88,3.0,-1.0,1.0,2020-01-07 09:40:06.569588,298.79,298.86,0
2020-01-07 09:40:07,N,AAPL,298.79,4.0,298.86,2.0,3.0,0.0,2020-01-07 09:40:07.275630,298.83,298.91,0
2020-01-07 09:40:08,N,AAPL,298.83,1.0,298.91,4.0,0.0,3.0,2020-01-07 09:40:08.055973,298.83,298.87,0
2020-01-07 09:40:10,N,AAPL,298.83,2.0,298.87,2.0,-2.0,1.0,2020-01-07 09:40:10.002814,298.69,298.74,-1
2020-01-07 09:40:11,N,AAPL,298.69,2.0,298.74,2.0,0.0,0.0,2020-01-07 09:40:11.690738,298.72,298.81,0
2020-01-07 09:40:12,N,AAPL,298.72,1.0,298.81,1.0,-6.0,0.0,2020-01-07 09:40:12.392006,298.69,298.75,0
2020-01-07 09:40:13,N,AAPL,298.69,1.0,298.75,1.0,0.0,0.0,2020-01-07 09:40:13.002492,298.66,298.76,0
2020-01-07 09:40:14,N,AAPL,298.66,1.0,298.76,2.0,-2.0,0.0,2020-01-07 09:40:14.152993,298.8,298.83,1
2020-01-07 09:40:15,N,AAPL,298.8,1.0,298.83,3.0,-4.0,1.0,2020-01-07 09:40:15.001895,298.86,298.91,1
2020-01-07 09:40:16,N,AAPL,298.86,1.0,298.91,3.0,0.0,2.0,2020-01-07 09:40:16.284467,298.87,298.94,0
2020-01-07 09:40:17,N,AAPL,298.87,4.0,298.94,1.0,1.0,-2.0,2020-01-07 09:40:17.836307,298.86,298.94,0
2020-01-07 09:40:18,N,AAPL,298.86,1.0,298.94,3.0,0.0,-1.0,2020-01-07 09:40:18.014520,298.82,298.87,0
2020-01-07 09:40:19,N,AAPL,298.82,5.0,298.87,4.0,0.0,2.0,2020-01-07 09:40:19.046221,298.85,298.93,0
2020-01-07 09:40:20,N,AAPL,298.85,4.0,298.93,1.0,3.0,0.0,2020-01-07 09:40:20.135766,298.84,298.92,0
2020-01-07 09:40:21,N,AAPL,298.84,3.0,298.92,1.0,2.0,0.0,2020-01-07 09:40:21.064790,298.88,298.95,0
2020-01-07 09:40:22,N,AAPL,298.88,1.0,298.95,2.0,0.0,1.0,2020-01-07 09:40:22.213509,298.86,298.91,0
2020-01-07 09:40:23,N,AAPL,298.86,2.0,298.91,1.0,1.0,-1.0,2020-01-07 09:40:23.034049,298.83,298.88,0
2020-01-07 09:40:24,N,AAPL,298.83,4.0,298.88,4.0,-1.0,3.0,2020-01-07 09:40:24.374132,298.79,298.81,-1
2020-01-07 09:40:25,N,AAPL,298.79,30.0,298.81,2.0,24.0,1.0,2020-01-07 09:40:25.855877,298.74,298.81,0
2020-01-07 09:40:26,N,AAPL,298.74,6.0,298.81,2.0,3.0,0.0,2020-01-07 09:40:26.237121,298.7,298.76,0
2020-01-07 09:40:27,N,AAPL,298.7,16.0,298.76,1.0,1.0,-1.0,2020-01-07 09:40:27.185879,298.73,298.78,0
2020-01-07 09:40:28,N,AAPL,298.73,1.0,298.78,1.0,-15.0,0.0,2020-01-07 09:40:28.170518,298.81,298.86,1
2020-01-07 09:40:29,N,AAPL,298.81,4.0,298.86,2.0,3.0,1.0,2020-01-07 09:40:29.018936,298.87,298.88,1
2020-01-07 09:40:30,N,AAPL,298.87,1.0,298.88,5.0,-1.0,4.0,2020-01-07 09:40:30.117188,298.87,298.89,0
2020-01-07 09:40:31,N,AAPL,298.87,2.0,298.89,2.0,0.0,1.0,2020-01-07 09:40:31.279956,298.87,298.92,0
2020-01-07 09:40:32,N,AAPL,298.87,1.0,298.92,4.0,-2.0,3.0,2020-01-07 09:40:32.159488,298.8,298.84,-1
2020-01-07 09:40:33,N,AAPL,298.8,4.0,298.84,2.0,2.0,1.0,2020-01-07 09:40:33.920125,298.8,298.83,0
2020-01-07 09:40:34,N,AAPL,298.8,2.0,298.83,1.0,-2.0,-1.0,2020-01-07 09:40:34.478301,298.75,298.78,-1
2020-01-07 09:40:35,N,AAPL,298.75,7.0,298.78,1.0,5.0,-1.0,2020-01-07 09:40:35.190538,298.75,298.81,0
2020-01-07 09:40:36,N,AAPL,298.75,9.0,298.81,3.0,1.0,1.0,2020-01-07 09:40:36.782095,298.8,298.81,0
2020-01-07 09:40:37,N,AAPL,298.8,1.0,298.81,2.0,-1.0,0.0,2020-01-07 09:40:37.085179,298.82,298.86,1
2020-01-07 09:40:39,N,AAPL,298.82,1.0,298.86,2.0,0.0,0.0,2020-01-07 09:40:39.594776,298.8,298.84,0
2020-01-07 09:40:40,N,AAPL,298.8,1.0,298.84,3.0,0.0,1.0,2020-01-07 09:40:40.436750,298.77,298.82,0
2020-01-07 09:40:42,N,AAPL,298.77,1.0,298.82,4.0,0.0,2.0,2020-01-07 09:40:42.720003,298.72,298.75,-1
2020-01-07 09:40:44,N,AAPL,298.72,1.0,298.75,4.0,0.0,0.0,2020-01-07 09:40:44.426617,298.65,298.68,-1
2020-01-07 09:40:45,N,AAPL,298.65,1.0,298.68,2.0,0.0,-2.0,2020-01-07 09:40:45.167297,298.67,298.73,0
2020-01-07 09:40:47,N,AAPL,298.67,2.0,298.73,2.0,1.0,-1.0,2020-01-07 09:40:47.176052,298.65,298.71,0
2020-01-07 09:40:48,N,AAPL,298.65,2.0,298.71,1.0,0.0,-1.0,2020-01-07 09:40:48.142658,298.69,298.73,0
2020-01-07 09:40:49,N,AAPL,298.69,2.0,298.73,2.0,0.0,1.0,2020-01-07 09:40:49.180762,298.69,298.72,0
2020-01-07 09:40:51,N,AAPL,298.69,1.0,298.72,4.0,-1.0,2.0,2020-01-07 09:40:51.860233,298.62,298.66,-1
2020-01-07 09:40:52,N,AAPL,298.62,2.0,298.66,2.0,1.0,-2.0,2020-01-07 09:40:52.967071,298.64,298.67,0
2020-01-07 09:40:54,N,AAPL,298.64,2.0,298.67,3.0,0.0,1.0,2020-01-07 09:40:54.531188,298.66,298.72,0
2020-01-07 09:40:55,N,AAPL,298.66,4.0,298.72,3.0,2.0,1.0,2020-01-07 09:40:55.619055,298.66,298.72,0
2020-01-07 09:40:56,N,AAPL,298.66,4.0,298.72,3.0,0.0,1.0,2020-01-07 09:40:56.125166,298.72,298.77,0
2020-01-07 09:40:57,N,AAPL,298.72,1.0,298.77,2.0,-2.0,-1.0,2020-01-07 09:40:57.148284,298.78,298.82,1
2020-01-07 09:40:58,N,AAPL,298.78,2.0,298.82,1.0,0.0,-1.0,2020-01-07 09:40:58.050821,298.72,298.76,-1
2020-01-07 09:40:59,N,AAPL,298.72,5.0,298.76,1.0,4.0,-2.0,2020-01-07 09:40:59.333853,298.65,298.7,-1
2020-01-07 09:41:00,N,AAPL,298.65,2.0,298.7,2.0,1.0,1.0,2020-01-07 09:41:00.017606,298.67,298.71,0
2020-01-07 09:41:01,N,AAPL,298.67,1.0,298.71,2.0,0.0,-2.0,2020-01-07 09:41:01.461644,298.8,298.84,1
2020-01-07 09:41:02,N,AAPL,298.8,2.0,298.84,2.0,1.0,0.0,2020-01-07 09:41:02.018809,298.83,298.86,0
2020-01-07 09:41:03,N,AAPL,298.83,1.0,298.86,2.0,0.0,1.0,2020-01-07 09:41:03.002413,298.85,298.86,0
2020-01-07 09:41:04,N,AAPL,298.85,1.0,298.86,33.0,-4.0,32.0,2020-01-07 09:41:04.905237,298.82,298.87,0
2020-01-07 09:41:05,N,AAPL,298.82,3.0,298.87,5.0,0.0,-28.0,2020-01-07 09:41:05.138818,298.8,298.85,0
2020-01-07 09:41:06,N,AAPL,298.8,2.0,298.85,1.0,-3.0,-1.0,2020-01-07 09:41:06.052119,298.8,298.84,0
2020-01-07 09:41:07,N,AAPL,298.8,1.0,298.84,1.0,-1.0,0.0,2020-01-07 09:41:07.194207,298.8,298.86,0
2020-01-07 09:41:08,N,AAPL,298.8,3.0,298.86,1.0,1.0,-1.0,2020-01-07 09:41:08.212652,298.76,298.8,0
2020-01-07 09:41:13,N,AAPL,298.76,7.0,298.8,2.0,4.0,1.0,2020-01-07 09:41:13.444143,298.75,298.79,0
2020-01-07 09:41:14,N,AAPL,298.75,6.0,298.79,2.0,-1.0,1.0,2020-01-07 09:41:14.072025,298.7,298.73,-1
2020-01-07 09:41:16,N,AAPL,298.7,1.0,298.73,2.0,0.0,1.0,2020-01-07 09:41:16.274797,298.71,298.74,0
2020-01-07 09:41:17,N,AAPL,298.71,2.0,298.74,1.0,1.0,0.0,2020-01-07 09:41:17.899417,298.68,298.74,0
2020-01-07 09:41:18,N,AAPL,298.68,2.0,298.74,2.0,0.0,-1.0,2020-01-07 09:41:18.001821,298.74,298.78,0
2020-01-07 09:41:20,N,AAPL,298.74,2.0,298.78,2.0,0.0,0.0,2020-01-07 09:41:20.327354,298.75,298.77,0
2020-01-07 09:41:22,N,AAPL,298.75,2.0,298.77,2.0,0.0,1.0,2020-01-07 09:41:22.821594,298.73,298.76,0
2020-01-07 09:41:23,N,AAPL,298.73,1.0,298.76,2.0,-1.0,0.0,2020-01-07 09:41:23.190556,298.71,298.74,0
2020-01-07 09:41:24,N,AAPL,298.71,1.0,298.74,2.0,-1.0,-2.0,2020-01-07 09:41:24.102015,298.69,298.74,0
2020-01-07 09:41:25,N,AAPL,298.69,1.0,298.74,2.0,0.0,0.0,2020-01-07 09:41:25.136512,298.71,298.74,0
2020-01-07 09:41:26,N,AAPL,298.71,1.0,298.74,2.0,0.0,0.0,2020-01-07 09:41:26.293897,298.74,298.8,0
2020-01-07 09:41:27,N,AAPL,298.74,1.0,298.8,3.0,0.0,2.0,2020-01-07 09:41:27.221776,298.78,298.83,0
2020-01-07 09:41:28,N,AAPL,298.78,2.0,298.83,2.0,-1.0,1.0,2020-01-07 09:41:28.234373,298.87,298.92,1
2020-01-07 09:41:29,N,AAPL,298.87,2.0,298.92,3.0,-1.0,-4.0,2020-01-07 09:41:29.452129,298.81,298.86,-1
2020-01-07 09:41:30,N,AAPL,298.81,1.0,298.86,1.0,-1.0,-1.0,2020-01-07 09:41:30.046565,298.8,298.83,0
2020-01-07 09:41:31,N,AAPL,298.8,1.0,298.83,1.0,0.0,0.0,2020-01-07 09:41:31.603237,298.76,298.82,0
2020-01-07 09:41:32,N,AAPL,298.76,2.0,298.82,5.0,1.0,4.0,2020-01-07 09:41:32.319967,298.7,298.72,-1
2020-01-07 09:41:38,N,AAPL,298.7,7.0,298.72,1.0,5.0,-2.0,2020-01-07 09:41:38.407477,298.63,298.65,-1
2020-01-07 09:41:39,N,AAPL,298.63,1.0,298.65,2.0,0.0,0.0,2020-01-07 09:41:39.863536,298.64,298.68,0
2020-01-07 09:41:40,N,AAPL,298.64,1.0,298.68,2.0,0.0,0.0,2020-01-07 09:41:40.295977,298.5,298.56,-1
2020-01-07 09:41:41,N,AAPL,298.5,17.0,298.56,2.0,1.0,-1.0,2020-01-07 09:41:41.013324,298.52,298.58,0
2020-01-07 09:41:42,N,AAPL,298.52,1.0,298.58,1.0,0.0,0.0,2020-01-07 09:41:42.093220,298.57,298.6,0
2020-01-07 09:41:43,N,AAPL,298.57,1.0,298.6,1.0,-2.0,0.0,2020-01-07 09:41:43.268562,298.66,298.71,1
2020-01-07 09:41:44,N,AAPL,298.66,2.0,298.71,2.0,0.0,0.0,2020-01-07 09:41:44.032755,298.71,298.75,0
2020-01-07 09:41:45,N,AAPL,298.71,1.0,298.75,2.0,-1.0,0.0,2020-01-07 09:41:45.231529,298.76,298.81,1
2020-01-07 09:41:46,N,AAPL,298.76,1.0,298.81,2.0,-2.0,-2.0,2020-01-07 09:41:46.831127,298.81,298.86,0
2020-01-07 09:41:47,N,AAPL,298.81,4.0,298.86,2.0,1.0,1.0,2020-01-07 09:41:47.015004,298.85,298.89,0
2020-01-07 09:41:48,N,AAPL,298.85,1.0,298.89,2.0,-3.0,0.0,2020-01-07 09:41:48.516754,298.88,298.92,0
2020-01-07 09:41:49,N,AAPL,298.88,2.0,298.92,1.0,0.0,0.0,2020-01-07 09:41:49.197948,298.91,298.97,0
2020-01-07 09:41:50,N,AAPL,298.91,2.0,298.97,6.0,0.0,1.0,2020-01-07 09:41:50.039008,298.84,298.89,-1
2020-01-07 09:41:51,N,AAPL,298.84,2.0,298.89,2.0,1.0,1.0,2020-01-07 09:41:51.654889,298.85,298.89,0
2020-01-07 09:41:52,N,AAPL,298.85,3.0,298.89,1.0,0.0,0.0,2020-01-07 09:41:52.025705,298.83,298.88,0
2020-01-07 09:41:53,N,AAPL,298.83,3.0,298.88,2.0,2.0,0.0,2020-01-07 09:41:53.029246,298.85,298.89,0
2020-01-07 09:41:54,N,AAPL,298.85,1.0,298.89,4.0,-2.0,3.0,2020-01-07 09:41:54.319699,298.85,298.89,0
2020-01-07 09:41:55,N,AAPL,298.85,1.0,298.89,2.0,0.0,-2.0,2020-01-07 09:41:55.384360,298.81,298.85,0
2020-01-07 09:41:56,N,AAPL,298.81,2.0,298.85,4.0,-9.0,2.0,2020-01-07 09:41:56.300145,298.63,298.68,-1
2020-01-07 09:41:57,N,AAPL,298.63,2.0,298.68,1.0,0.0,0.0,2020-01-07 09:41:57.041714,298.68,298.73,0
2020-01-07 09:41:58,N,AAPL,298.68,2.0,298.73,1.0,0.0,0.0,2020-01-07 09:41:58.315820,298.68,298.75,0
2020-01-07 09:41:59,N,AAPL,298.68,4.0,298.75,4.0,2.0,2.0,2020-01-07 09:41:59.043607,298.82,298.87,1
2020-01-07 09:42:00,N,AAPL,298.82,1.0,298.87,2.0,0.0,0.0,2020-01-07 09:42:00.571538,298.86,298.89,0
2020-01-07 09:42:03,N,AAPL,298.86,4.0,298.89,3.0,3.0,2.0,2020-01-07 09:42:03.120736,298.83,298.87,0
2020-01-07 09:42:04,N,AAPL,298.83,4.0,298.87,2.0,3.0,0.0,2020-01-07 09:42:04.178772,298.83,298.86,0
2020-01-07 09:42:05,N,AAPL,298.83,4.0,298.86,1.0,3.0,0.0,2020-01-07 09:42:05.064462,298.84,298.88,0
2020-01-07 09:42:06,N,AAPL,298.84,1.0,298.88,4.0,0.0,2.0,2020-01-07 09:42:06.365798,298.86,298.89,0
2020-01-07 09:42:07,N,AAPL,298.86,4.0,298.89,2.0,3.0,0.0,2020-01-07 09:42:07.290059,298.8,298.84,-1
2020-01-07 09:42:08,N,AAPL,298.8,2.0,298.84,2.0,0.0,0.0,2020-01-07 09:42:08.070450,298.77,298.8,0
2020-01-07 09:42:09,N,AAPL,298.77,1.0,298.8,1.0,-3.0,-1.0,2020-01-07 09:42:09.867123,298.75,298.79,0
2020-01-07 09:42:10,N,AAPL,298.75,2.0,298.79,1.0,1.0,0.0,2020-01-07 09:42:10.169639,298.72,298.76,0
2020-01-07 09:42:11,N,AAPL,298.72,2.0,298.76,6.0,1.0,5.0,2020-01-07 09:42:11.290827,298.67,298.72,0
2020-01-07 09:42:12,N,AAPL,298.67,2.0,298.72,4.0,-18.0,0.0,2020-01-07 09:42:12.253166,298.67,298.72,0
2020-01-07 09:42:13,N,AAPL,298.67,2.0,298.72,3.0,0.0,2.0,2020-01-07 09:42:13.021633,298.57,298.62,-1
2020-01-07 09:42:14,N,AAPL,298.57,2.0,298.62,4.0,1.0,1.0,2020-01-07 09:42:14.762106,298.63,298.7,1
2020-01-07 09:42:15,N,AAPL,298.63,5.0,298.7,2.0,3.0,-2.0,2020-01-07 09:42:15.044854,298.64,298.7,0
2020-01-07 09:42:16,N,AAPL,298.64,2.0,298.7,1.0,0.0,-1.0,2020-01-07 09:42:16.021058,298.61,298.65,0
2020-01-07 09:42:17,N,AAPL,298.61,1.0,298.65,2.0,-1.0,1.0,2020-01-07 09:42:17.801483,298.62,298.66,0
2020-01-07 09:42:18,N,AAPL,298.62,4.0,298.66,1.0,3.0,0.0,2020-01-07 09:42:18.101826,298.65,298.67,0
2020-01-07 09:42:19,N,AAPL,298.65,1.0,298.67,1.0,0.0,-1.0,2020-01-07 09:42:19.193008,298.69,298.73,1
2020-01-07 09:42:20,N,AAPL,298.69,2.0,298.73,2.0,-2.0,0.0,2020-01-07 09:42:20.852707,298.71,298.77,0
2020-01-07 09:42:21,N,AAPL,298.71,2.0,298.77,2.0,0.0,0.0,2020-01-07 09:42:21.048861,298.68,298.72,0
2020-01-07 09:42:22,N,AAPL,298.68,1.0,298.72,1.0,0.0,-1.0,2020-01-07 09:42:22.081949,298.75,298.8,1
2020-01-07 09:42:23,N,AAPL,298.75,2.0,298.8,1.0,0.0,-1.0,2020-01-07 09:42:23.019450,298.75,298.8,0
2020-01-07 09:42:24,N,AAPL,298.75,2.0,298.8,3.0,1.0,1.0,2020-01-07 09:42:24.632535,298.75,298.8,0
2020-01-07 09:42:25,N,AAPL,298.75,2.0,298.8,4.0,0.0,1.0,2020-01-07 09:42:25.592059,298.75,298.8,0
2020-01-07 09:42:26,N,AAPL,298.75,3.0,298.8,1.0,1.0,-1.0,2020-01-07 09:42:26.459521,298.81,298.86,1
2020-01-07 09:42:28,N,AAPL,298.81,1.0,298.86,4.0,0.0,3.0,2020-01-07 09:42:28.063744,298.82,298.86,0
2020-01-07 09:42:30,N,AAPL,298.82,2.0,298.86,2.0,1.0,0.0,2020-01-07 09:42:30.097005,298.84,298.88,0
2020-01-07 09:42:31,N,AAPL,298.84,2.0,298.88,2.0,0.0,0.0,2020-01-07 09:42:31.199386,298.66,298.71,-1
2020-01-07 09:42:32,N,AAPL,298.66,10.0,298.71,4.0,9.0,1.0,2020-01-07 09:42:32.378571,298.67,298.72,0
2020-01-07 09:42:33,N,AAPL,298.67,2.0,298.72,4.0,0.0,-1.0,2020-01-07 09:42:33.015263,298.74,298.79,1
2020-01-07 09:42:35,N,AAPL,298.74,1.0,298.79,2.0,-1.0,1.0,2020-01-07 09:42:35.134522,298.77,298.82,0
2020-01-07 09:42:36,N,AAPL,298.77,2.0,298.82,1.0,1.0,0.0,2020-01-07 09:42:36.890728,298.79,298.84,0
2020-01-07 09:42:38,N,AAPL,298.79,2.0,298.84,3.0,0.0,2.0,2020-01-07 09:42:38.303275,298.79,298.85,0
2020-01-07 09:42:39,N,AAPL,298.79,4.0,298.85,1.0,1.0,0.0,2020-01-07 09:42:39.283220,298.85,298.88,0
2020-01-07 09:42:41,N,AAPL,298.85,1.0,298.88,1.0,-3.0,0.0,2020-01-07 09:42:41.134775,298.85,298.88,0
2020-01-07 09:42:42,N,AAPL,298.85,1.0,298.88,4.0,-2.0,-1.0,2020-01-07 09:42:42.094038,298.83,298.86,0
2020-01-07 09:42:43,N,AAPL,298.83,3.0,298.86,1.0,1.0,0.0,2020-01-07 09:42:43.960659,298.82,298.85,0
2020-01-07 09:42:44,N,AAPL,298.82,1.0,298.85,5.0,0.0,0.0,2020-01-07 09:42:44.136825,298.78,298.83,0
2020-01-07 09:42:45,N,AAPL,298.78,3.0,298.83,5.0,2.0,0.0,2020-01-07 09:42:45.022332,298.8,298.85,0
2020-01-07 09:42:46,N,AAPL,298.8,2.0,298.85,4.0,0.0,-1.0,2020-01-07 09:42:46.149630,298.73,298.76,-1
2020-01-07 09:42:49,N,AAPL,298.73,4.0,298.76,1.0,0.0,-2.0,2020-01-07 09:42:49.305828,298.77,298.81,1
2020-01-07 09:42:50,N,AAPL,298.77,1.0,298.81,4.0,-3.0,3.0,2020-01-07 09:42:50.841948,298.7,298.72,-1
2020-01-07 09:42:54,N,AAPL,298.7,2.0,298.72,4.0,1.0,0.0,2020-01-07 09:42:54.288332,298.67,298.69,-1
2020-01-07 09:42:56,N,AAPL,298.67,5.0,298.69,3.0,4.0,2.0,2020-01-07 09:42:56.991160,298.67,298.68,0
2020-01-07 09:42:57,N,AAPL,298.67,4.0,298.68,4.0,-1.0,1.0,2020-01-07 09:42:57.160662,298.61,298.65,-1
2020-01-07 09:42:58,N,AAPL,298.61,2.0,298.65,5.0,1.0,1.0,2020-01-07 09:42:58.147455,298.56,298.58,-1
2020-01-07 09:42:59,N,AAPL,298.56,1.0,298.58,2.0,-1.0,-3.0,2020-01-07 09:42:59.000738,298.42,298.47,-1
2020-01-07 09:43:00,N,AAPL,298.42,1.0,298.47,3.0,-2.0,2.0,2020-01-07 09:43:00.167511,298.35,298.4,-1
2020-01-07 09:43:01,N,AAPL,298.35,2.0,298.4,4.0,0.0,-1.0,2020-01-07 09:43:01.034864,298.17,298.22,-1
2020-01-07 09:43:02,N,AAPL,298.17,2.0,298.22,2.0,1.0,1.0,2020-01-07 09:43:02.099640,298.21,298.26,0
2020-01-07 09:43:03,N,AAPL,298.21,3.0,298.26,6.0,1.0,5.0,2020-01-07 09:43:03.630341,298.24,298.29,0
2020-01-07 09:43:04,N,AAPL,298.24,2.0,298.29,1.0,0.0,-6.0,2020-01-07 09:43:04.010749,298.23,298.29,0
2020-01-07 09:43:05,N,AAPL,298.23,4.0,298.29,4.0,0.0,3.0,2020-01-07 09:43:05.259224,298.26,298.32,0
2020-01-07 09:43:06,N,AAPL,298.26,11.0,298.32,2.0,7.0,1.0,2020-01-07 09:43:06.337444,298.25,298.29,0
2020-01-07 09:43:07,N,AAPL,298.25,2.0,298.29,2.0,0.0,0.0,2020-01-07 09:43:07.020929,298.18,298.22,-1
2020-01-07 09:43:08,N,AAPL,298.18,2.0,298.22,1.0,0.0,-2.0,2020-01-07 09:43:08.034168,298.17,298.21,0
2020-01-07 09:43:09,N,AAPL,298.17,1.0,298.21,1.0,-2.0,0.0,2020-01-07 09:43:09.971098,298.22,298.26,1
2020-01-07 09:43:10,N,AAPL,298.22,2.0,298.26,1.0,0.0,0.0,2020-01-07 09:43:10.101660,298.18,298.21,-1
2020-01-07 09:43:11,N,AAPL,298.18,2.0,298.21,2.0,1.0,-1.0,2020-01-07 09:43:11.180716,298.16,298.22,0
2020-01-07 09:43:12,N,AAPL,298.16,2.0,298.22,2.0,0.0,1.0,2020-01-07 09:43:12.182217,298.18,298.23,0
2020-01-07 09:43:13,N,AAPL,298.18,2.0,298.23,1.0,1.0,-1.0,2020-01-07 09:43:13.616552,298.19,298.22,0
2020-01-07 09:43:14,N,AAPL,298.19,2.0,298.22,2.0,-1.0,1.0,2020-01-07 09:43:14.202027,298.17,298.22,0
2020-01-07 09:43:15,N,AAPL,298.17,1.0,298.22,2.0,-1.0,1.0,2020-01-07 09:43:15.038529,298.2,298.25,0
2020-01-07 09:43:16,N,AAPL,298.2,2.0,298.25,5.0,0.0,3.0,2020-01-07 09:43:16.048372,298.26,298.33,1
2020-01-07 09:43:17,N,AAPL,298.26,3.0,298.33,2.0,2.0,1.0,2020-01-07 09:43:17.206999,298.29,298.32,0
2020-01-07 09:43:18,N,AAPL,298.29,2.0,298.32,4.0,0.0,3.0,2020-01-07 09:43:18.601991,298.28,298.32,0
2020-01-07 09:43:19,N,AAPL,298.28,2.0,298.32,1.0,1.0,-1.0,2020-01-07 09:43:19.221251,298.25,298.28,0
2020-01-07 09:43:20,N,AAPL,298.25,1.0,298.28,1.0,-2.0,0.0,2020-01-07 09:43:20.325362,298.25,298.27,0
2020-01-07 09:43:21,N,AAPL,298.25,3.0,298.27,4.0,2.0,3.0,2020-01-07 09:43:21.108685,298.21,298.25,0
2020-01-07 09:43:22,N,AAPL,298.21,2.0,298.25,3.0,0.0,2.0,2020-01-07 09:43:22.003090,298.21,298.25,0
2020-01-07 09:43:23,N,AAPL,298.21,2.0,298.25,1.0,-1.0,-1.0,2020-01-07 09:43:23.444587,298.18,298.21,0
2020-01-07 09:43:25,N,AAPL,298.18,2.0,298.21,2.0,0.0,-1.0,2020-01-07 09:43:25.397759,298.2,298.24,0
2020-01-07 09:43:26,N,AAPL,298.2,3.0,298.24,4.0,2.0,2.0,2020-01-07 09:43:26.663910,298.19,298.24,0
2020-01-07 09:43:27,N,AAPL,298.19,2.0,298.24,1.0,1.0,0.0,2020-01-07 09:43:27.124788,298.19,298.24,0
2020-01-07 09:43:28,N,AAPL,298.19,3.0,298.24,2.0,2.0,1.0,2020-01-07 09:43:28.018559,298.32,298.36,1
2020-01-07 09:43:29,N,AAPL,298.32,3.0,298.36,1.0,2.0,0.0,2020-01-07 09:43:29.072833,298.38,298.43,1
2020-01-07 09:43:30,N,AAPL,298.38,5.0,298.43,3.0,4.0,1.0,2020-01-07 09:43:30.107739,298.29,298.33,-1
2020-01-07 09:43:31,N,AAPL,298.29,1.0,298.33,2.0,-1.0,-1.0,2020-01-07 09:43:31.181979,298.36,298.39,1
2020-01-07 09:43:32,N,AAPL,298.36,1.0,298.39,2.0,0.0,1.0,2020-01-07 09:43:32.003363,298.39,298.44,0
2020-01-07 09:43:33,N,AAPL,298.39,1.0,298.44,2.0,-1.0,0.0,2020-01-07 09:43:33.194594,298.37,298.42,0
2020-01-07 09:43:34,N,AAPL,298.37,2.0,298.42,5.0,1.0,3.0,2020-01-07 09:43:34.364613,298.37,298.39,0
2020-01-07 09:43:35,N,AAPL,298.37,1.0,298.39,1.0,-2.0,-2.0,2020-01-07 09:43:35.481457,298.31,298.36,-1
2020-01-07 09:43:36,N,AAPL,298.31,2.0,298.36,2.0,1.0,1.0,2020-01-07 09:43:36.224159,298.32,298.36,0
2020-01-07 09:43:37,N,AAPL,298.32,1.0,298.36,2.0,0.0,-1.0,2020-01-07 09:43:37.144148,298.28,298.34,0
2020-01-07 09:43:38,N,AAPL,298.28,2.0,298.34,4.0,0.0,2.0,2020-01-07 09:43:38.302119,298.34,298.38,0
2020-01-07 09:43:39,N,AAPL,298.34,1.0,298.38,2.0,0.0,0.0,2020-01-07 09:43:39.530487,298.43,298.45,1
2020-01-07 09:43:40,N,AAPL,298.43,1.0,298.45,2.0,0.0,0.0,2020-01-07 09:43:40.176204,298.49,298.53,1
2020-01-07 09:43:41,N,AAPL,298.49,1.0,298.53,2.0,0.0,0.0,2020-01-07 09:43:41.530842,298.48,298.51,0
2020-01-07 09:43:42,N,AAPL,298.48,1.0,298.51,1.0,-1.0,-4.0,2020-01-07 09:43:42.197260,298.48,298.53,0
2020-01-07 09:43:43,N,AAPL,298.48,1.0,298.53,3.0,0.0,2.0,2020-01-07 09:43:43.059550,298.51,298.56,0
2020-01-07 09:43:44,N,AAPL,298.51,4.0,298.56,4.0,0.0,3.0,2020-01-07 09:43:44.017600,298.42,298.46,-1
2020-01-07 09:43:45,N,AAPL,298.42,3.0,298.46,2.0,1.0,-2.0,2020-01-07 09:43:45.011960,298.44,298.48,0
2020-01-07 09:43:46,N,AAPL,298.44,1.0,298.48,2.0,-2.0,-2.0,2020-01-07 09:43:46.291050,298.39,298.39,-1
2020-01-07 09:43:47,N,AAPL,298.39,1.0,298.39,1.0,-9.0,-4.0,2020-01-07 09:43:47.583612,298.36,298.39,0
2020-01-07 09:43:48,N,AAPL,298.36,1.0,298.39,4.0,-1.0,2.0,2020-01-07 09:43:48.057600,298.36,298.39,0
2020-01-07 09:43:49,N,AAPL,298.36,3.0,298.39,1.0,1.0,-3.0,2020-01-07 09:43:49.233758,298.39,298.44,0
2020-01-07 09:43:50,N,AAPL,298.39,3.0,298.44,4.0,2.0,3.0,2020-01-07 09:43:50.295514,298.42,298.45,0
2020-01-07 09:43:51,N,AAPL,298.42,1.0,298.45,2.0,-1.0,0.0,2020-01-07 09:43:51.192986,298.43,298.46,0
2020-01-07 09:43:52,N,AAPL,298.43,2.0,298.46,2.0,1.0,0.0,2020-01-07 09:43:52.342045,298.4,298.44,0
2020-01-07 09:43:53,N,AAPL,298.4,2.0,298.44,4.0,-1.0,2.0,2020-01-07 09:43:53.066706,298.36,298.4,0
2020-01-07 09:43:54,N,AAPL,298.36,4.0,298.4,1.0,2.0,0.0,2020-01-07 09:43:54.263679,298.4,298.44,0
2020-01-07 09:43:56,N,AAPL,298.4,2.0,298.44,1.0,-1.0,0.0,2020-01-07 09:43:56.401240,298.3,298.33,-1
2020-01-07 09:43:57,N,AAPL,298.3,21.0,298.33,2.0,15.0,0.0,2020-01-07 09:43:57.015485,298.31,298.34,0
2020-01-07 09:43:58,N,AAPL,298.31,7.0,298.34,1.0,-3.0,-1.0,2020-01-07 09:43:58.065276,298.36,298.41,1
2020-01-07 09:43:59,N,AAPL,298.36,1.0,298.41,4.0,0.0,3.0,2020-01-07 09:43:59.106913,298.32,298.36,0
2020-01-07 09:44:00,N,AAPL,298.32,1.0,298.36,2.0,-10.0,1.0,2020-01-07 09:44:00.189737,298.36,298.4,0
2020-01-07 09:44:01,N,AAPL,298.36,1.0,298.4,1.0,0.0,0.0,2020-01-07 09:44:01.185936,298.33,298.38,0
2020-01-07 09:44:02,N,AAPL,298.33,3.0,298.38,2.0,2.0,-1.0,2020-01-07 09:44:02.002440,298.43,298.46,1
2020-01-07 09:44:04,N,AAPL,298.43,3.0,298.46,2.0,2.0,-1.0,2020-01-07 09:44:04.369455,298.47,298.51,1
2020-01-07 09:44:05,N,AAPL,298.47,2.0,298.51,2.0,-1.0,-3.0,2020-01-07 09:44:05.386036,298.44,298.48,0
2020-01-07 09:44:06,N,AAPL,298.44,2.0,298.48,2.0,0.0,0.0,2020-01-07 09:44:06.013823,298.46,298.51,0
2020-01-07 09:44:07,N,AAPL,298.46,2.0,298.51,2.0,0.0,1.0,2020-01-07 09:44:07.824581,298.44,298.5,0
2020-01-07 09:44:08,N,AAPL,298.44,5.0,298.5,3.0,3.0,2.0,2020-01-07 09:44:08.173923,298.41,298.47,0
2020-01-07 09:44:09,N,AAPL,298.41,4.0,298.47,2.0,0.0,-3.0,2020-01-07 09:44:09.016506,298.43,298.47,0
2020-01-07 09:44:10,N,AAPL,298.43,2.0,298.47,4.0,0.0,2.0,2020-01-07 09:44:10.269979,298.43,298.47,0
2020-01-07 09:44:11,N,AAPL,298.43,3.0,298.47,1.0,1.0,0.0,2020-01-07 09:44:11.171892,298.44,298.48,0
2020-01-07 09:44:12,N,AAPL,298.44,1.0,298.48,1.0,-1.0,-1.0,2020-01-07 09:44:12.161551,298.34,298.38,-1
2020-01-07 09:44:13,N,AAPL,298.34,4.0,298.38,2.0,2.0,1.0,2020-01-07 09:44:13.833380,298.3,298.34,0
2020-01-07 09:44:14,N,AAPL,298.3,11.0,298.34,1.0,10.0,0.0,2020-01-07 09:44:14.067773,298.31,298.34,0
2020-01-07 09:44:15,N,AAPL,298.31,1.0,298.34,2.0,0.0,0.0,2020-01-07 09:44:15.049032,298.31,298.35,0
2020-01-07 09:44:16,N,AAPL,298.31,2.0,298.35,4.0,-3.0,2.0,2020-01-07 09:44:16.181850,298.27,298.31,0
2020-01-07 09:44:17,N,AAPL,298.27,4.0,298.31,2.0,1.0,1.0,2020-01-07 09:44:17.080125,298.3,298.34,0
2020-01-07 09:44:18,N,AAPL,298.3,1.0,298.34,2.0,-1.0,-2.0,2020-01-07 09:44:18.007761,298.32,298.35,0
2020-01-07 09:44:19,N,AAPL,298.32,1.0,298.35,6.0,-1.0,0.0,2020-01-07 09:44:19.696983,298.32,298.35,0
2020-01-07 09:44:20,N,AAPL,298.32,3.0,298.35,6.0,2.0,0.0,2020-01-07 09:44:20.217474,298.32,298.35,0
2020-01-07 09:44:21,N,AAPL,298.32,1.0,298.35,6.0,0.0,4.0,2020-01-07 09:44:21.802931,298.33,298.35,0
2020-01-07 09:44:22,N,AAPL,298.33,2.0,298.35,5.0,1.0,1.0,2020-01-07 09:44:22.999106,298.35,298.36,0
2020-01-07 09:44:23,N,AAPL,298.35,2.0,298.36,1.0,0.0,-4.0,2020-01-07 09:44:23.409985,298.31,298.35,0
2020-01-07 09:44:24,N,AAPL,298.31,4.0,298.35,5.0,3.0,0.0,2020-01-07 09:44:24.325403,298.34,298.35,0
2020-01-07 09:44:25,N,AAPL,298.34,1.0,298.35,2.0,0.0,0.0,2020-01-07 09:44:25.231769,298.3,298.33,-1
2020-01-07 09:44:26,N,AAPL,298.3,3.0,298.33,1.0,1.0,0.0,2020-01-07 09:44:26.080455,298.22,298.26,-1
2020-01-07 09:44:27,N,AAPL,298.22,2.0,298.26,3.0,1.0,1.0,2020-01-07 09:44:27.137124,298.07,298.11,-1
2020-01-07 09:44:28,N,AAPL,298.07,2.0,298.11,1.0,0.0,-1.0,2020-01-07 09:44:28.078874,298.1,298.14,0
2020-01-07 09:44:29,N,AAPL,298.1,2.0,298.14,1.0,-2.0,0.0,2020-01-07 09:44:29.060857,298.17,298.2,1
2020-01-07 09:44:31,N,AAPL,298.17,3.0,298.2,4.0,-18.0,2.0,2020-01-07 09:44:31.019035,298.25,298.28,1
2020-01-07 09:44:32,N,AAPL,298.25,2.0,298.28,2.0,-3.0,1.0,2020-01-07 09:44:32.139444,298.32,298.35,1
2020-01-07 09:44:34,N,AAPL,298.32,1.0,298.35,1.0,0.0,-1.0,2020-01-07 09:44:34.495416,298.31,298.35,0
2020-01-07 09:44:35,N,AAPL,298.31,1.0,298.35,2.0,-1.0,1.0,2020-01-07 09:44:35.014883,298.26,298.29,-1
2020-01-07 09:44:36,N,AAPL,298.26,10.0,298.29,5.0,8.0,0.0,2020-01-07 09:44:36.578622,298.29,298.34,0
2020-01-07 09:44:37,N,AAPL,298.29,1.0,298.34,4.0,-4.0,2.0,2020-01-07 09:44:37.977342,298.31,298.34,0
2020-01-07 09:44:38,N,AAPL,298.31,18.0,298.34,2.0,16.0,0.0,2020-01-07 09:44:38.966700,298.34,298.38,0
2020-01-07 09:44:39,N,AAPL,298.34,6.0,298.38,1.0,-12.0,-1.0,2020-01-07 09:44:39.363671,298.31,298.33,-1
2020-01-07 09:44:40,N,AAPL,298.31,2.0,298.33,2.0,1.0,1.0,2020-01-07 09:44:40.896228,298.29,298.33,0
2020-01-07 09:44:41,N,AAPL,298.29,1.0,298.33,2.0,0.0,-1.0,2020-01-07 09:44:41.016668,298.32,298.35,0
2020-01-07 09:44:42,N,AAPL,298.32,1.0,298.35,1.0,-3.0,0.0,2020-01-07 09:44:42.200587,298.29,298.33,0
2020-01-07 09:44:43,N,AAPL,298.29,3.0,298.33,2.0,1.0,0.0,2020-01-07 09:44:43.290560,298.25,298.3,0
2020-01-07 09:44:44,N,AAPL,298.25,6.0,298.3,2.0,1.0,1.0,2020-01-07 09:44:44.004263,298.27,298.3,0
2020-01-07 09:44:45,N,AAPL,298.27,2.0,298.3,2.0,-16.0,0.0,2020-01-07 09:44:45.181001,298.29,298.32,0
2020-01-07 09:44:46,N,AAPL,298.29,1.0,298.32,2.0,-14.0,1.0,2020-01-07 09:44:46.300215,298.3,298.34,0
2020-01-07 09:44:47,N,AAPL,298.3,1.0,298.34,1.0,0.0,-1.0,2020-01-07 09:44:47.183466,298.26,298.3,0
2020-01-07 09:44:48,N,AAPL,298.26,15.0,298.3,1.0,0.0,-1.0,2020-01-07 09:44:48.138419,298.15,298.19,-1
2020-01-07 09:44:49,N,AAPL,298.15,1.0,298.19,1.0,0.0,-2.0,2020-01-07 09:44:49.083322,298.18,298.22,0
2020-01-07 09:44:50,N,AAPL,298.18,2.0,298.22,1.0,0.0,-4.0,2020-01-07 09:44:50.003473,298.16,298.21,0
2020-01-07 09:44:51,N,AAPL,298.16,2.0,298.21,4.0,-1.0,-1.0,2020-01-07 09:44:51.020284,298.14,298.19,0
2020-01-07 09:44:52,N,AAPL,298.14,3.0,298.19,1.0,0.0,-1.0,2020-01-07 09:44:52.057005,298.22,298.26,1
2020-01-07 09:44:53,N,AAPL,298.22,1.0,298.26,2.0,-2.0,1.0,2020-01-07 09:44:53.173160,298.27,298.31,1
2020-01-07 09:44:54,N,AAPL,298.27,1.0,298.31,4.0,-2.0,3.0,2020-01-07 09:44:54.453583,298.33,298.36,1
2020-01-07 09:44:55,N,AAPL,298.33,1.0,298.36,2.0,-2.0,0.0,2020-01-07 09:44:55.172835,298.28,298.32,-1
2020-01-07 09:44:56,N,AAPL,298.28,3.0,298.32,2.0,0.0,1.0,2020-01-07 09:44:56.169425,298.28,298.3,0
2020-01-07 09:44:57,N,AAPL,298.28,1.0,298.3,1.0,-4.0,-1.0,2020-01-07 09:44:57.371143,298.26,298.3,0
2020-01-07 09:44:58,N,AAPL,298.26,1.0,298.3,1.0,0.0,0.0,2020-01-07 09:44:58.181124,298.16,298.21,-1
2020-01-07 09:44:59,N,AAPL,298.16,2.0,298.21,1.0,0.0,-1.0,2020-01-07 09:44:59.253525,298.16,298.2,0
2020-01-07 09:45:00,N,AAPL,298.16,1.0,298.2,3.0,-3.0,0.0,2020-01-07 09:45:00.001189,298.13,298.18,0
2020-01-07 09:45:01,N,AAPL,298.13,3.0,298.18,4.0,0.0,0.0,2020-01-07 09:45:01.006196,298.14,298.19,0
2020-01-07 09:45:02,N,AAPL,298.14,1.0,298.19,3.0,0.0,0.0,2020-01-07 09:45:02.045907,298.13,298.16,0
2020-01-07 09:45:03,N,AAPL,298.13,1.0,298.16,2.0,-2.0,1.0,2020-01-07 09:45:03.476460,298.13,298.16,0
2020-01-07 09:45:04,N,AAPL,298.13,3.0,298.16,4.0,2.0,2.0,2020-01-07 09:45:04.046394,298.06,298.09,-1
2020-01-07 09:45:05,N,AAPL,298.06,3.0,298.09,2.0,1.0,-2.0,2020-01-07 09:45:05.172240,298.08,298.13,0
2020-01-07 09:45:06,N,AAPL,298.08,4.0,298.13,3.0,1.0,1.0,2020-01-07 09:45:06.327035,298.1,298.15,0
2020-01-07 09:45:07,N,AAPL,298.1,2.0,298.15,2.0,0.0,0.0,2020-01-07 09:45:07.251358,298.15,298.18,0
2020-01-07 09:45:08,N,AAPL,298.15,1.0,298.18,1.0,0.0,0.0,2020-01-07 09:45:08.025910,298.21,298.22,1
2020-01-07 09:45:09,N,AAPL,298.21,1.0,298.22,1.0,0.0,-2.0,2020-01-07 09:45:09.801712,298.2,298.23,0
2020-01-07 09:45:10,N,AAPL,298.2,1.0,298.23,1.0,0.0,-4.0,2020-01-07 09:45:10.363947,298.18,298.21,0
2020-01-07 09:45:11,N,AAPL,298.18,4.0,298.21,2.0,3.0,-1.0,2020-01-07 09:45:11.176794,298.19,298.24,0
2020-01-07 09:45:12,N,AAPL,298.19,3.0,298.24,2.0,1.0,0.0,2020-01-07 09:45:12.076060,298.12,298.16,-1
2020-01-07 09:45:13,N,AAPL,298.12,4.0,298.16,1.0,3.0,-1.0,2020-01-07 09:45:13.095498,298.16,298.2,0
2020-01-07 09:45:14,N,AAPL,298.16,3.0,298.2,1.0,2.0,-1.0,2020-01-07 09:45:14.027379,298.21,298.24,1
2020-01-07 09:45:15,N,AAPL,298.21,1.0,298.24,1.0,0.0,-1.0,2020-01-07 09:45:15.092733,298.28,298.33,1
2020-01-07 09:45:16,N,AAPL,298.28,3.0,298.33,2.0,0.0,1.0,2020-01-07 09:45:16.012454,298.28,298.32,0
2020-01-07 09:45:17,N,AAPL,298.28,3.0,298.32,2.0,2.0,0.0,2020-01-07 09:45:17.664953,298.36,298.4,1
2020-01-07 09:45:18,N,AAPL,298.36,5.0,298.4,2.0,2.0,-2.0,2020-01-07 09:45:18.696608,298.37,298.4,0
2020-01-07 09:45:19,N,AAPL,298.37,1.0,298.4,1.0,-1.0,-1.0,2020-01-07 09:45:19.075121,298.52,298.55,1
2020-01-07 09:45:20,N,AAPL,298.52,1.0,298.55,1.0,-1.0,-2.0,2020-01-07 09:45:20.037677,298.6,298.65,1
2020-01-07 09:45:21,N,AAPL,298.6,3.0,298.65,2.0,2.0,0.0,2020-01-07 09:45:21.133693,298.67,298.71,1
2020-01-07 09:45:22,N,AAPL,298.67,1.0,298.71,1.0,-2.0,0.0,2020-01-07 09:45:22.526292,298.69,298.74,0
2020-01-07 09:45:23,N,AAPL,298.69,1.0,298.74,3.0,0.0,2.0,2020-01-07 09:45:23.423101,298.68,298.71,0
2020-01-07 09:45:24,N,AAPL,298.68,4.0,298.71,1.0,1.0,-2.0,2020-01-07 09:45:24.463833,298.68,298.73,0
2020-01-07 09:45:25,N,AAPL,298.68,2.0,298.73,2.0,-2.0,1.0,2020-01-07 09:45:25.445080,298.86,298.88,1
2020-01-07 09:45:27,N,AAPL,298.86,1.0,298.88,1.0,-1.0,-1.0,2020-01-07 09:45:27.764634,298.81,298.85,-1
2020-01-07 09:45:28,N,AAPL,298.81,1.0,298.85,2.0,0.0,0.0,2020-01-07 09:45:28.528482,298.75,298.81,0
2020-01-07 09:45:29,N,AAPL,298.75,5.0,298.81,2.0,3.0,-1.0,2020-01-07 09:45:29.188998,298.71,298.75,0
2020-01-07 09:45:30,N,AAPL,298.71,2.0,298.75,3.0,-3.0,1.0,2020-01-07 09:45:30.554191,298.68,298.71,0
2020-01-07 09:45:31,N,AAPL,298.68,1.0,298.71,2.0,-1.0,1.0,2020-01-07 09:45:31.214948,298.65,298.7,0
2020-01-07 09:45:32,N,AAPL,298.65,3.0,298.7,9.0,2.0,2.0,2020-01-07 09:45:32.224350,298.66,298.69,0
2020-01-07 09:45:33,N,AAPL,298.66,1.0,298.69,1.0,0.0,-5.0,2020-01-07 09:45:33.371460,298.67,298.71,0
2020-01-07 09:45:34,N,AAPL,298.67,1.0,298.71,1.0,-2.0,-1.0,2020-01-07 09:45:34.025789,298.65,298.69,0
2020-01-07 09:45:35,N,AAPL,298.65,3.0,298.69,2.0,2.0,0.0,2020-01-07 09:45:35.641313,298.67,298.72,0
2020-01-07 09:45:36,N,AAPL,298.67,1.0,298.72,2.0,0.0,-2.0,2020-01-07 09:45:36.110585,298.63,298.67,0
2020-01-07 09:45:37,N,AAPL,298.63,1.0,298.67,2.0,-1.0,1.0,2020-01-07 09:45:37.470849,298.58,298.61,-1
2020-01-07 09:45:38,N,AAPL,298.58,2.0,298.61,1.0,-2.0,-2.0,2020-01-07 09:45:38.765581,298.54,298.58,0
2020-01-07 09:45:39,N,AAPL,298.54,1.0,298.58,3.0,-5.0,2.0,2020-01-07 09:45:39.246924,298.53,298.55,0
2020-01-07 09:45:40,N,AAPL,298.53,1.0,298.55,2.0,-2.0,1.0,2020-01-07 09:45:40.188305,298.53,298.56,0
2020-01-07 09:45:41,N,AAPL,298.53,1.0,298.56,1.0,0.0,-2.0,2020-01-07 09:45:41.064022,298.54,298.58,0
2020-01-07 09:45:42,N,AAPL,298.54,3.0,298.58,1.0,-3.0,-3.0,2020-01-07 09:45:42.206169,298.53,298.55,0
2020-01-07 09:45:44,N,AAPL,298.53,1.0,298.55,1.0,0.0,0.0,2020-01-07 09:45:44.785739,298.49,298.53,0
2020-01-07 09:45:45,N,AAPL,298.49,2.0,298.53,4.0,1.0,3.0,2020-01-07 09:45:45.390282,298.5,298.53,0
2020-01-07 09:45:46,N,AAPL,298.5,1.0,298.53,3.0,0.0,1.0,2020-01-07 09:45:46.603325,298.45,298.49,-1
2020-01-07 09:45:47,N,AAPL,298.45,3.0,298.49,2.0,2.0,-1.0,2020-01-07 09:45:47.209010,298.46,298.53,0
2020-01-07 09:45:48,N,AAPL,298.46,3.0,298.53,1.0,0.0,-1.0,2020-01-07 09:45:48.103854,298.48,298.52,0
2020-01-07 09:45:49,N,AAPL,298.48,1.0,298.52,1.0,-2.0,-1.0,2020-01-07 09:45:49.823720,298.48,298.52,0
2020-01-07 09:45:50,N,AAPL,298.48,1.0,298.52,1.0,0.0,0.0,2020-01-07 09:45:50.175372,298.46,298.51,0
2020-01-07 09:45:51,N,AAPL,298.46,3.0,298.51,2.0,2.0,1.0,2020-01-07 09:45:51.070172,298.39,298.42,-1
2020-01-07 09:45:53,N,AAPL,298.39,2.0,298.42,3.0,1.0,0.0,2020-01-07 09:45:53.169302,298.46,298.51,1
2020-01-07 09:45:56,N,AAPL,298.46,3.0,298.51,1.0,1.0,-2.0,2020-01-07 09:45:56.783804,298.45,298.48,0
2020-01-07 09:45:57,N,AAPL,298.45,2.0,298.48,2.0,1.0,0.0,2020-01-07 09:45:57.370235,298.45,298.47,0
2020-01-07 09:45:58,N,AAPL,298.45,1.0,298.47,3.0,0.0,1.0,2020-01-07 09:45:58.070813,298.43,298.47,0
2020-01-07 09:45:59,N,AAPL,298.43,1.0,298.47,4.0,0.0,2.0,2020-01-07 09:45:59.287152,298.38,298.41,-1
2020-01-07 09:46:00,N,AAPL,298.38,1.0,298.41,2.0,0.0,-1.0,2020-01-07 09:46:00.249982,298.36,298.41,0
2020-01-07 09:46:01,N,AAPL,298.36,2.0,298.41,1.0,1.0,-2.0,2020-01-07 09:46:01.013307,298.36,298.39,0
2020-01-07 09:46:02,N,AAPL,298.36,1.0,298.39,4.0,-1.0,3.0,2020-01-07 09:46:02.912189,298.36,298.41,0
2020-01-07 09:46:03,N,AAPL,298.36,1.0,298.41,2.0,0.0,1.0,2020-01-07 09:46:03.014463,298.37,298.41,0
2020-01-07 09:46:04,N,AAPL,298.37,4.0,298.41,4.0,1.0,0.0,2020-01-07 09:46:04.188770,298.34,298.39,0
2020-01-07 09:46:05,N,AAPL,298.34,1.0,298.39,3.0,-3.0,0.0,2020-01-07 09:46:05.003009,298.28,298.32,-1
2020-01-07 09:46:06,N,AAPL,298.28,2.0,298.32,1.0,0.0,0.0,2020-01-07 09:46:06.156656,298.24,298.28,0
2020-01-07 09:46:07,N,AAPL,298.24,2.0,298.28,3.0,1.0,2.0,2020-01-07 09:46:07.283096,298.29,298.31,1
2020-01-07 09:46:09,N,AAPL,298.29,2.0,298.31,3.0,1.0,1.0,2020-01-07 09:46:09.549446,298.28,298.32,0
2020-01-07 09:46:12,N,AAPL,298.28,1.0,298.32,2.0,-1.0,-1.0,2020-01-07 09:46:12.899772,298.3,298.34,0
2020-01-07 09:46:13,N,AAPL,298.3,1.0,298.34,2.0,-2.0,0.0,2020-01-07 09:46:13.095508,298.26,298.3,0
2020-01-07 09:46:14,N,AAPL,298.26,1.0,298.3,2.0,0.0,-3.0,2020-01-07 09:46:14.012901,298.27,298.29,0
2020-01-07 09:46:15,N,AAPL,298.27,2.0,298.29,1.0,0.0,0.0,2020-01-07 09:46:15.574115,298.26,298.31,0
2020-01-07 09:46:16,N,AAPL,298.26,3.0,298.31,2.0,2.0,-2.0,2020-01-07 09:46:16.072931,298.2,298.23,-1
2020-01-07 09:46:19,N,AAPL,298.2,1.0,298.23,2.0,-1.0,0.0,2020-01-07 09:46:19.210151,298.22,298.23,0
2020-01-07 09:46:22,N,AAPL,298.22,1.0,298.23,2.0,0.0,0.0,2020-01-07 09:46:22.720193,298.23,298.26,0
2020-01-07 09:46:25,N,AAPL,298.23,1.0,298.26,3.0,0.0,1.0,2020-01-07 09:46:25.294338,298.19,298.22,-1
2020-01-07 09:46:26,N,AAPL,298.19,3.0,298.22,4.0,2.0,1.0,2020-01-07 09:46:26.877357,298.11,298.15,-1
2020-01-07 09:46:27,N,AAPL,298.11,11.0,298.15,1.0,8.0,-2.0,2020-01-07 09:46:27.895222,298.13,298.17,0
2020-01-07 09:46:28,N,AAPL,298.13,2.0,298.17,2.0,-3.0,1.0,2020-01-07 09:46:28.956157,298.16,298.21,0
2020-01-07 09:46:29,N,AAPL,298.16,3.0,298.21,2.0,1.0,0.0,2020-01-07 09:46:29.187944,298.18,298.19,0
2020-01-07 09:46:30,N,AAPL,298.18,4.0,298.19,1.0,2.0,-1.0,2020-01-07 09:46:30.003187,298.11,298.16,-1
2020-01-07 09:46:31,N,AAPL,298.11,2.0,298.16,1.0,0.0,0.0,2020-01-07 09:46:31.053099,298.13,298.16,0
2020-01-07 09:46:32,N,AAPL,298.13,1.0,298.16,2.0,0.0,-1.0,2020-01-07 09:46:32.131105,298.16,298.18,0
2020-01-07 09:46:33,N,AAPL,298.16,1.0,298.18,1.0,-1.0,0.0,2020-01-07 09:46:33.779943,298.15,298.2,0
2020-01-07 09:46:34,N,AAPL,298.15,3.0,298.2,2.0,0.0,1.0,2020-01-07 09:46:34.081061,298.24,298.26,1
2020-01-07 09:46:35,N,AAPL,298.24,1.0,298.26,1.0,0.0,0.0,2020-01-07 09:46:35.004030,298.23,298.29,0
2020-01-07 09:46:36,N,AAPL,298.23,2.0,298.29,6.0,-1.0,-4.0,2020-01-07 09:46:36.121799,298.19,298.24,0
2020-01-07 09:46:37,N,AAPL,298.19,3.0,298.24,2.0,2.0,0.0,2020-01-07 09:46:37.044444,298.09,298.11,-1
2020-01-07 09:46:38,N,AAPL,298.09,2.0,298.11,4.0,0.0,0.0,2020-01-07 09:46:38.238680,297.84,297.87,-1
2020-01-07 09:46:39,N,AAPL,297.84,3.0,297.87,84.0,2.0,-4.0,2020-01-07 09:46:39.364592,297.84,297.87,0
2020-01-07 09:46:40,N,AAPL,297.84,1.0,297.87,38.0,-2.0,-10.0,2020-01-07 09:46:40.205061,297.85,297.86,0
2020-01-07 09:46:41,N,AAPL,297.85,1.0,297.86,2.0,0.0,-37.0,2020-01-07 09:46:41.057254,297.82,297.87,0
2020-01-07 09:46:42,N,AAPL,297.82,2.0,297.87,1.0,1.0,0.0,2020-01-07 09:46:42.104469,297.85,297.89,0
2020-01-07 09:46:44,N,AAPL,297.85,3.0,297.89,3.0,1.0,0.0,2020-01-07 09:46:44.040816,297.84,297.89,0
2020-01-07 09:46:45,N,AAPL,297.84,3.0,297.89,1.0,0.0,-2.0,2020-01-07 09:46:45.500365,297.89,297.94,0
2020-01-07 09:46:46,N,AAPL,297.89,2.0,297.94,2.0,0.0,-3.0,2020-01-07 09:46:46.003808,297.89,297.93,0
2020-01-07 09:46:48,N,AAPL,297.89,1.0,297.93,3.0,0.0,2.0,2020-01-07 09:46:48.314858,297.92,297.96,0
2020-01-07 09:46:49,N,AAPL,297.92,2.0,297.96,2.0,1.0,-1.0,2020-01-07 09:46:49.560828,297.9,297.94,0
2020-01-07 09:46:50,N,AAPL,297.9,10.0,297.94,2.0,9.0,1.0,2020-01-07 09:46:50.031197,297.78,297.83,-1
2020-01-07 09:46:51,N,AAPL,297.78,1.0,297.83,3.0,0.0,2.0,2020-01-07 09:46:51.256272,297.82,297.87,0
2020-01-07 09:46:52,N,AAPL,297.82,1.0,297.87,2.0,0.0,1.0,2020-01-07 09:46:52.230574,297.87,297.9,0
2020-01-07 09:46:53,N,AAPL,297.87,1.0,297.9,1.0,0.0,0.0,2020-01-07 09:46:53.114999,297.93,297.96,1
2020-01-07 09:46:54,N,AAPL,297.93,1.0,297.96,2.0,-1.0,0.0,2020-01-07 09:46:54.415154,297.99,298.0,1
2020-01-07 09:46:55,N,AAPL,297.99,1.0,298.0,2.0,0.0,-2.0,2020-01-07 09:46:55.480082,298.01,298.05,1
2020-01-07 09:46:56,N,AAPL,298.01,1.0,298.05,2.0,-4.0,-1.0,2020-01-07 09:46:56.026142,298.03,298.05,0
2020-01-07 09:46:57,N,AAPL,298.03,3.0,298.05,2.0,2.0,-1.0,2020-01-07 09:46:57.097356,298.08,298.1,1
2020-01-07 09:46:58,N,AAPL,298.08,1.0,298.1,1.0,-1.0,-1.0,2020-01-07 09:46:58.173118,298.05,298.09,0
2020-01-07 09:46:59,N,AAPL,298.05,2.0,298.09,1.0,-8.0,-1.0,2020-01-07 09:46:59.424013,298.03,298.06,0
2020-01-07 09:47:00,N,AAPL,298.03,1.0,298.06,3.0,0.0,2.0,2020-01-07 09:47:00.000783,298.0,298.04,0
2020-01-07 09:47:02,N,AAPL,298.0,1.0,298.04,2.0,0.0,-1.0,2020-01-07 09:47:02.616630,298.02,298.06,0
2020-01-07 09:47:03,N,AAPL,298.02,2.0,298.06,3.0,1.0,2.0,2020-01-07 09:47:03.125581,298.09,298.13,1
2020-01-07 09:47:04,N,AAPL,298.09,1.0,298.13,4.0,0.0,1.0,2020-01-07 09:47:04.086102,298.1,298.13,0
2020-01-07 09:47:05,N,AAPL,298.1,3.0,298.13,1.0,1.0,0.0,2020-01-07 09:47:05.001066,298.1,298.15,0
2020-01-07 09:47:06,N,AAPL,298.1,10.0,298.15,4.0,0.0,3.0,2020-01-07 09:47:06.023053,298.13,298.17,0
2020-01-07 09:47:07,N,AAPL,298.13,2.0,298.17,2.0,0.0,-1.0,2020-01-07 09:47:07.058452,298.15,298.19,0
2020-01-07 09:47:08,N,AAPL,298.15,2.0,298.19,2.0,0.0,0.0,2020-01-07 09:47:08.071545,298.19,298.23,0
2020-01-07 09:47:09,N,AAPL,298.19,1.0,298.23,2.0,-2.0,-1.0,2020-01-07 09:47:09.148934,298.24,298.29,1
2020-01-07 09:47:10,N,AAPL,298.24,4.0,298.29,2.0,1.0,0.0,2020-01-07 09:47:10.066348,298.21,298.26,0
2020-01-07 09:47:11,N,AAPL,298.21,4.0,298.26,2.0,2.0,0.0,2020-01-07 09:47:11.168564,298.23,298.29,0
2020-01-07 09:47:12,N,AAPL,298.23,1.0,298.29,2.0,-2.0,0.0,2020-01-07 09:47:12.084324,298.19,298.22,-1
2020-01-07 09:47:13,N,AAPL,298.19,2.0,298.22,1.0,1.0,0.0,2020-01-07 09:47:13.715011,298.2,298.25,0
2020-01-07 09:47:14,N,AAPL,298.2,2.0,298.25,2.0,1.0,1.0,2020-01-07 09:47:14.855644,298.19,298.23,0
2020-01-07 09:47:15,N,AAPL,298.19,1.0,298.23,1.0,-1.0,0.0,2020-01-07 09:47:15.344338,298.2,298.24,0
2020-01-07 09:47:16,N,AAPL,298.2,2.0,298.24,1.0,0.0,-2.0,2020-01-07 09:47:16.110819,298.2,298.24,0
2020-01-07 09:47:17,N,AAPL,298.2,1.0,298.24,1.0,-1.0,-2.0,2020-01-07 09:47:17.255177,298.28,298.31,1
2020-01-07 09:47:18,N,AAPL,298.28,3.0,298.31,1.0,1.0,-1.0,2020-01-07 09:47:18.715105,298.33,298.38,1
2020-01-07 09:47:19,N,AAPL,298.33,2.0,298.38,2.0,-1.0,0.0,2020-01-07 09:47:19.223035,298.36,298.4,0
2020-01-07 09:47:20,N,AAPL,298.36,2.0,298.4,1.0,1.0,-3.0,2020-01-07 09:47:20.111615,298.4,298.44,0
2020-01-07 09:47:21,N,AAPL,298.4,1.0,298.44,2.0,0.0,0.0,2020-01-07 09:47:21.126938,298.38,298.42,0
2020-01-07 09:47:22,N,AAPL,298.38,2.0,298.42,2.0,1.0,1.0,2020-01-07 09:47:22.177137,298.43,298.47,1
2020-01-07 09:47:23,N,AAPL,298.43,2.0,298.47,1.0,1.0,-1.0,2020-01-07 09:47:23.019510,298.38,298.42,-1
2020-01-07 09:47:24,N,AAPL,298.38,4.0,298.42,1.0,-3.0,-2.0,2020-01-07 09:47:24.010601,298.4,298.45,0
2020-01-07 09:47:25,N,AAPL,298.4,5.0,298.45,2.0,4.0,-1.0,2020-01-07 09:47:25.109933,298.41,298.46,0
2020-01-07 09:47:26,N,AAPL,298.41,2.0,298.46,4.0,-1.0,3.0,2020-01-07 09:47:26.183471,298.4,298.42,0
2020-01-07 09:47:28,N,AAPL,298.4,1.0,298.42,2.0,-1.0,-1.0,2020-01-07 09:47:28.523257,298.38,298.42,0
2020-01-07 09:47:29,N,AAPL,298.38,3.0,298.42,2.0,0.0,1.0,2020-01-07 09:47:29.421101,298.41,298.43,0
2020-01-07 09:47:30,N,AAPL,298.41,2.0,298.43,1.0,0.0,-1.0,2020-01-07 09:47:30.107242,298.41,298.46,0
2020-01-07 09:47:31,N,AAPL,298.41,5.0,298.46,2.0,4.0,-1.0,2020-01-07 09:47:31.242231,298.3,298.33,-1
2020-01-07 09:47:32,N,AAPL,298.3,2.0,298.33,1.0,1.0,-2.0,2020-01-07 09:47:32.441149,298.3,298.34,0
2020-01-07 09:47:33,N,AAPL,298.3,2.0,298.34,1.0,-3.0,0.0,2020-01-07 09:47:33.001454,298.3,298.33,0
2020-01-07 09:47:34,N,AAPL,298.3,4.0,298.33,1.0,2.0,0.0,2020-01-07 09:47:34.057668,298.32,298.35,0
2020-01-07 09:47:35,N,AAPL,298.32,2.0,298.35,1.0,0.0,0.0,2020-01-07 09:47:35.296867,298.34,298.38,0
2020-01-07 09:47:36,N,AAPL,298.34,1.0,298.38,2.0,-1.0,0.0,2020-01-07 09:47:36.215829,298.26,298.31,-1
2020-01-07 09:47:37,N,AAPL,298.26,1.0,298.31,3.0,-1.0,-1.0,2020-01-07 09:47:37.337018,298.24,298.27,0
2020-01-07 09:47:38,N,AAPL,298.24,2.0,298.27,1.0,-2.0,-2.0,2020-01-07 09:47:38.121257,298.21,298.25,0
2020-01-07 09:47:39,N,AAPL,298.21,2.0,298.25,3.0,1.0,2.0,2020-01-07 09:47:39.511526,298.18,298.22,0
2020-01-07 09:47:40,N,AAPL,298.18,1.0,298.22,2.0,0.0,-1.0,2020-01-07 09:47:40.241906,298.14,298.18,0
2020-01-07 09:47:41,N,AAPL,298.14,3.0,298.18,4.0,1.0,1.0,2020-01-07 09:47:41.139512,298.16,298.2,0
2020-01-07 09:47:42,N,AAPL,298.16,1.0,298.2,1.0,-2.0,0.0,2020-01-07 09:47:42.310427,298.12,298.15,-1
2020-01-07 09:47:43,N,AAPL,298.12,5.0,298.15,1.0,-1.0,-1.0,2020-01-07 09:47:43.370331,298.21,298.23,1
2020-01-07 09:47:44,N,AAPL,298.21,17.0,298.23,3.0,0.0,0.0,2020-01-07 09:47:44.004496,298.14,298.16,-1
2020-01-07 09:47:45,N,AAPL,298.14,2.0,298.16,10.0,-1.0,1.0,2020-01-07 09:47:45.439626,298.04,298.09,-1
2020-01-07 09:47:47,N,AAPL,298.04,3.0,298.09,10.0,1.0,0.0,2020-01-07 09:47:47.042419,298.04,298.09,0
2020-01-07 09:47:48,N,AAPL,298.04,1.0,298.09,2.0,-3.0,-13.0,2020-01-07 09:47:48.048029,298.03,298.06,0
2020-01-07 09:47:49,N,AAPL,298.03,2.0,298.06,2.0,1.0,0.0,2020-01-07 09:47:49.766680,298.02,298.07,0
2020-01-07 09:47:50,N,AAPL,298.02,2.0,298.07,3.0,0.0,1.0,2020-01-07 09:47:50.215897,298.02,298.09,0
2020-01-07 09:47:51,N,AAPL,298.02,2.0,298.09,3.0,-2.0,1.0,2020-01-07 09:47:51.425006,298.04,298.08,0
2020-01-07 09:47:52,N,AAPL,298.04,1.0,298.08,3.0,-1.0,2.0,2020-01-07 09:47:52.350476,298.02,298.06,0
2020-01-07 09:47:53,N,AAPL,298.02,2.0,298.06,3.0,1.0,0.0,2020-01-07 09:47:53.045733,298.02,298.06,0
2020-01-07 09:47:54,N,AAPL,298.02,2.0,298.06,1.0,1.0,-2.0,2020-01-07 09:47:54.526160,298.03,298.06,0
2020-01-07 09:47:55,N,AAPL,298.03,1.0,298.06,2.0,-1.0,1.0,2020-01-07 09:47:55.072218,298.02,298.06,0
2020-01-07 09:47:56,N,AAPL,298.02,4.0,298.06,1.0,3.0,-1.0,2020-01-07 09:47:56.288012,298.01,298.05,0
2020-01-07 09:47:57,N,AAPL,298.01,2.0,298.05,3.0,1.0,0.0,2020-01-07 09:47:57.713569,298.03,298.06,0
2020-01-07 09:47:58,N,AAPL,298.03,2.0,298.06,1.0,0.0,-2.0,2020-01-07 09:47:58.624321,298.01,298.04,0
2020-01-07 09:47:59,N,AAPL,298.01,1.0,298.04,3.0,-2.0,2.0,2020-01-07 09:47:59.128074,298.0,298.02,0
2020-01-07 09:48:00,N,AAPL,298.0,3.0,298.02,5.0,-1.0,3.0,2020-01-07 09:48:00.601521,297.98,298.01,0
2020-01-07 09:48:01,N,AAPL,297.98,8.0,298.01,1.0,0.0,0.0,2020-01-07 09:48:01.335396,297.91,297.94,-1
2020-01-07 09:48:02,N,AAPL,297.91,2.0,297.94,3.0,-6.0,1.0,2020-01-07 09:48:02.524656,297.95,297.97,1
2020-01-07 09:48:04,N,AAPL,297.95,3.0,297.97,1.0,2.0,-2.0,2020-01-07 09:48:04.083745,298.0,298.03,1
2020-01-07 09:48:06,N,AAPL,298.0,3.0,298.03,2.0,2.0,1.0,2020-01-07 09:48:06.101517,297.96,298.01,0
2020-01-07 09:48:07,N,AAPL,297.96,3.0,298.01,1.0,1.0,-3.0,2020-01-07 09:48:07.002109,297.99,298.02,0
2020-01-07 09:48:09,N,AAPL,297.99,3.0,298.02,4.0,0.0,1.0,2020-01-07 09:48:09.537541,298.01,298.03,0
2020-01-07 09:48:10,N,AAPL,298.01,2.0,298.03,2.0,-1.0,-2.0,2020-01-07 09:48:10.376483,298.01,298.05,0
2020-01-07 09:48:11,N,AAPL,298.01,1.0,298.05,3.0,0.0,0.0,2020-01-07 09:48:11.607433,298.1,298.11,1
2020-01-07 09:48:17,N,AAPL,298.1,3.0,298.11,1.0,-1.0,-1.0,2020-01-07 09:48:17.518647,298.19,298.23,1
2020-01-07 09:48:19,N,AAPL,298.19,2.0,298.23,2.0,-2.0,1.0,2020-01-07 09:48:19.325485,298.24,298.29,1
2020-01-07 09:48:20,N,AAPL,298.24,2.0,298.29,2.0,1.0,1.0,2020-01-07 09:48:20.071130,298.38,298.44,1
2020-01-07 09:48:21,N,AAPL,298.38,3.0,298.44,2.0,1.0,0.0,2020-01-07 09:48:21.206937,298.35,298.38,0
2020-01-07 09:48:23,N,AAPL,298.35,1.0,298.38,2.0,0.0,-1.0,2020-01-07 09:48:23.592641,298.36,298.4,0
2020-01-07 09:48:24,N,AAPL,298.36,3.0,298.4,1.0,2.0,-2.0,2020-01-07 09:48:24.060671,298.37,298.41,0
2020-01-07 09:48:25,N,AAPL,298.37,1.0,298.41,5.0,0.0,4.0,2020-01-07 09:48:25.111645,298.49,298.5,1
2020-01-07 09:48:26,N,AAPL,298.49,1.0,298.5,1.0,0.0,-1.0,2020-01-07 09:48:26.689476,298.5,298.54,0
2020-01-07 09:48:27,N,AAPL,298.5,4.0,298.54,1.0,2.0,0.0,2020-01-07 09:48:27.914582,298.46,298.49,-1
2020-01-07 09:48:28,N,AAPL,298.46,2.0,298.49,3.0,-3.0,2.0,2020-01-07 09:48:28.664806,298.44,298.49,0
2020-01-07 09:48:29,N,AAPL,298.44,3.0,298.49,2.0,1.0,1.0,2020-01-07 09:48:29.111057,298.47,298.52,0
2020-01-07 09:48:30,N,AAPL,298.47,3.0,298.52,2.0,0.0,1.0,2020-01-07 09:48:30.111439,298.5,298.55,0
2020-01-07 09:48:31,N,AAPL,298.5,2.0,298.55,2.0,-1.0,0.0,2020-01-07 09:48:31.262934,298.41,298.46,-1
2020-01-07 09:48:32,N,AAPL,298.41,2.0,298.46,1.0,0.0,-2.0,2020-01-07 09:48:32.096605,298.53,298.56,1
2020-01-07 09:48:34,N,AAPL,298.53,1.0,298.56,2.0,-2.0,1.0,2020-01-07 09:48:34.191058,298.5,298.55,0
2020-01-07 09:48:35,N,AAPL,298.5,2.0,298.55,1.0,0.0,-2.0,2020-01-07 09:48:35.141878,298.44,298.48,-1
2020-01-07 09:48:36,N,AAPL,298.44,1.0,298.48,1.0,-1.0,0.0,2020-01-07 09:48:36.371146,298.48,298.51,0
2020-01-07 09:48:37,N,AAPL,298.48,1.0,298.51,2.0,-2.0,1.0,2020-01-07 09:48:37.101817,298.44,298.49,0
2020-01-07 09:48:38,N,AAPL,298.44,3.0,298.49,3.0,2.0,1.0,2020-01-07 09:48:38.551299,298.44,298.49,0
2020-01-07 09:48:39,N,AAPL,298.44,3.0,298.49,3.0,2.0,0.0,2020-01-07 09:48:39.062194,298.46,298.49,0
2020-01-07 09:48:40,N,AAPL,298.46,1.0,298.49,2.0,0.0,1.0,2020-01-07 09:48:40.054217,298.48,298.5,0
2020-01-07 09:48:41,N,AAPL,298.48,1.0,298.5,1.0,0.0,-1.0,2020-01-07 09:48:41.250496,298.39,298.43,-1
2020-01-07 09:48:42,N,AAPL,298.39,2.0,298.43,2.0,0.0,0.0,2020-01-07 09:48:42.269491,298.36,298.39,0
2020-01-07 09:48:43,N,AAPL,298.36,5.0,298.39,3.0,1.0,0.0,2020-01-07 09:48:43.017047,298.39,298.45,0
2020-01-07 09:48:44,N,AAPL,298.39,2.0,298.45,3.0,-1.0,0.0,2020-01-07 09:48:44.360005,298.39,298.45,0
2020-01-07 09:48:45,N,AAPL,298.39,2.0,298.45,3.0,0.0,0.0,2020-01-07 09:48:45.066057,298.41,298.45,0
2020-01-07 09:48:46,N,AAPL,298.41,4.0,298.45,1.0,2.0,0.0,2020-01-07 09:48:46.626463,298.46,298.5,1
2020-01-07 09:48:47,N,AAPL,298.46,4.0,298.5,3.0,0.0,2.0,2020-01-07 09:48:47.514567,298.44,298.49,0
2020-01-07 09:48:48,N,AAPL,298.44,2.0,298.49,4.0,0.0,2.0,2020-01-07 09:48:48.439091,298.42,298.47,0
2020-01-07 09:48:49,N,AAPL,298.42,1.0,298.47,4.0,0.0,0.0,2020-01-07 09:48:49.234250,298.3,298.34,-1
2020-01-07 09:48:50,N,AAPL,298.3,2.0,298.34,2.0,0.0,1.0,2020-01-07 09:48:50.124814,298.39,298.4,1
2020-01-07 09:48:51,N,AAPL,298.39,2.0,298.4,2.0,-2.0,-1.0,2020-01-07 09:48:51.038050,298.34,298.38,-1
2020-01-07 09:48:52,N,AAPL,298.34,2.0,298.38,1.0,-2.0,0.0,2020-01-07 09:48:52.022578,298.35,298.4,0
2020-01-07 09:48:53,N,AAPL,298.35,2.0,298.4,2.0,1.0,-1.0,2020-01-07 09:48:53.085130,298.48,298.52,1
2020-01-07 09:48:54,N,AAPL,298.48,5.0,298.52,1.0,4.0,0.0,2020-01-07 09:48:54.402244,298.49,298.52,0
2020-01-07 09:48:55,N,AAPL,298.49,1.0,298.52,1.0,-1.0,0.0,2020-01-07 09:48:55.498187,298.53,298.57,1
2020-01-07 09:48:56,N,AAPL,298.53,2.0,298.57,1.0,-1.0,-1.0,2020-01-07 09:48:56.640735,298.55,298.58,0
2020-01-07 09:48:57,N,AAPL,298.55,2.0,298.58,1.0,-1.0,0.0,2020-01-07 09:48:57.315261,298.59,298.62,1
2020-01-07 09:48:58,N,AAPL,298.59,2.0,298.62,2.0,1.0,-4.0,2020-01-07 09:48:58.647497,298.63,298.67,1
2020-01-07 09:48:59,N,AAPL,298.63,2.0,298.67,1.0,1.0,-1.0,2020-01-07 09:48:59.055670,298.64,298.67,0
2020-01-07 09:49:00,N,AAPL,298.64,1.0,298.67,2.0,0.0,1.0,2020-01-07 09:49:00.076390,298.62,298.66,0
2020-01-07 09:49:01,N,AAPL,298.62,2.0,298.66,1.0,0.0,-2.0,2020-01-07 09:49:01.092690,298.62,298.65,0
2020-01-07 09:49:02,N,AAPL,298.62,4.0,298.65,1.0,3.0,-1.0,2020-01-07 09:49:02.096780,298.66,298.71,1
2020-01-07 09:49:04,N,AAPL,298.66,5.0,298.71,2.0,3.0,-2.0,2020-01-07 09:49:04.851040,298.66,298.72,0
2020-01-07 09:49:05,N,AAPL,298.66,4.0,298.72,3.0,3.0,-1.0,2020-01-07 09:49:05.067280,298.72,298.75,0
2020-01-07 09:49:06,N,AAPL,298.72,4.0,298.75,10.0,3.0,9.0,2020-01-07 09:49:06.484194,298.72,298.75,0
2020-01-07 09:49:07,N,AAPL,298.72,5.0,298.75,11.0,-4.0,8.0,2020-01-07 09:49:07.029315,298.8,298.84,1
2020-01-07 09:49:08,N,AAPL,298.8,3.0,298.84,2.0,2.0,1.0,2020-01-07 09:49:08.270806,298.76,298.79,-1
2020-01-07 09:49:09,N,AAPL,298.76,2.0,298.79,1.0,0.0,-2.0,2020-01-07 09:49:09.154921,298.66,298.7,-1
2020-01-07 09:49:10,N,AAPL,298.66,1.0,298.7,2.0,0.0,0.0,2020-01-07 09:49:10.014336,298.62,298.66,0
2020-01-07 09:49:11,N,AAPL,298.62,2.0,298.66,1.0,-2.0,-4.0,2020-01-07 09:49:11.010992,298.66,298.71,0
2020-01-07 09:49:12,N,AAPL,298.66,1.0,298.71,2.0,-2.0,-1.0,2020-01-07 09:49:12.045968,298.71,298.74,0
2020-01-07 09:49:13,N,AAPL,298.71,4.0,298.74,2.0,3.0,0.0,2020-01-07 09:49:13.774145,298.72,298.76,0
2020-01-07 09:49:14,N,AAPL,298.72,1.0,298.76,1.0,0.0,-1.0,2020-01-07 09:49:14.149861,298.7,298.75,0
2020-01-07 09:49:15,N,AAPL,298.7,1.0,298.75,2.0,-2.0,1.0,2020-01-07 09:49:15.003188,298.69,298.74,0
2020-01-07 09:49:16,N,AAPL,298.69,1.0,298.74,1.0,-1.0,0.0,2020-01-07 09:49:16.014995,298.66,298.71,0
