last_interval,Exchange,Symbol,Best_Bid_Price,FB0,Best_Offer_Price,FA0,FB2,FA2,p_time,Next_Best_Bid,Next_Best_Offer,outcome
2020-01-14 09:30:00,N,AAPL,316.55,4.0,316.71,1.0,0.0,0.0,2020-01-14 09:30:00.243384,316.7,316.78,0
2020-01-14 09:30:01,N,AAPL,316.7,2.0,316.78,1.0,-2.0,0.0,2020-01-14 09:30:01.895947,316.73,316.79,0
2020-01-14 09:30:04,N,AAPL,316.73,2.0,316.79,1.0,0.0,0.0,2020-01-14 09:30:04.844286,317.02,317.08,1
2020-01-14 09:30:14,N,AAPL,317.02,2.0,317.08,1.0,-4.0,0.0,2020-01-14 09:30:14.088828,316.96,317.04,0
2020-01-14 09:30:15,N,AAPL,316.96,2.0,317.04,1.0,1.0,0.0,2020-01-14 09:30:15.236109,316.78,316.86,-1
2020-01-14 09:30:16,N,AAPL,316.78,1.0,316.86,1.0,-1.0,0.0,2020-01-14 09:30:16.188015,316.41,316.46,-1
2020-01-14 09:30:24,N,AAPL,316.41,1.0,316.46,2.0,0.0,1.0,2020-01-14 09:30:24.237480,316.34,316.37,-1
2020-01-14 09:30:25,N,AAPL,316.34,2.0,316.37,3.0,1.0,2.0,2020-01-14 09:30:25.027027,316.28,316.31,-1
2020-01-14 09:30:27,N,AAPL,316.28,2.0,316.31,2.0,1.0,-2.0,2020-01-14 09:30:27.571673,316.32,316.37,1
2020-01-14 09:30:29,N,AAPL,316.32,2.0,316.37,2.0,1.0,1.0,2020-01-14 09:30:29.198290,316.54,316.58,1
2020-01-14 09:30:30,N,AAPL,316.54,2.0,316.58,5.0,1.0,3.0,2020-01-14 09:30:30.234366,316.52,316.6,0
2020-01-14 09:30:32,N,AAPL,316.52,4.0,316.6,2.0,-2.0,0.0,2020-01-14 09:30:32.175254,316.75,316.84,1
2020-01-14 09:30:33,N,AAPL,316.75,1.0,316.84,2.0,-2.0,1.0,2020-01-14 09:30:33.021757,316.89,316.95,1
2020-01-14 09:30:35,N,AAPL,316.89,4.0,316.95,1.0,3.0,0.0,2020-01-14 09:30:35.388092,316.91,316.95,0
2020-01-14 09:30:38,N,AAPL,316.91,2.0,316.95,2.0,1.0,-2.0,2020-01-14 09:30:38.298451,316.91,316.94,0
2020-01-14 09:30:39,N,AAPL,316.91,3.0,316.94,2.0,2.0,0.0,2020-01-14 09:30:39.057325,316.99,317.04,1
2020-01-14 09:30:40,N,AAPL,316.99,1.0,317.04,1.0,-12.0,0.0,2020-01-14 09:30:40.126541,317.04,317.07,0
2020-01-14 09:30:43,N,AAPL,317.04,2.0,317.07,2.0,0.0,-14.0,2020-01-14 09:30:43.059270,317.04,317.11,0
2020-01-14 09:30:44,N,AAPL,317.04,2.0,317.11,3.0,0.0,0.0,2020-01-14 09:30:44.048969,317.01,317.11,0
2020-01-14 09:30:47,N,AAPL,317.01,8.0,317.11,4.0,6.0,1.0,2020-01-14 09:30:47.184295,317.02,317.08,0
2020-01-14 09:30:48,N,AAPL,317.02,1.0,317.08,2.0,-17.0,1.0,2020-01-14 09:30:48.435292,317.02,317.06,0
2020-01-14 09:30:49,N,AAPL,317.02,4.0,317.06,2.0,2.0,0.0,2020-01-14 09:30:49.308849,317.02,317.09,0
2020-01-14 09:30:50,N,AAPL,317.02,1.0,317.09,1.0,0.0,-3.0,2020-01-14 09:30:50.112597,317.02,317.06,0
2020-01-14 09:30:51,N,AAPL,317.02,4.0,317.06,1.0,-2.0,0.0,2020-01-14 09:30:51.914606,317.02,317.09,0
2020-01-14 09:30:52,N,AAPL,317.02,4.0,317.09,2.0,0.0,1.0,2020-01-14 09:30:52.511512,317.01,317.07,0
2020-01-14 09:30:53,N,AAPL,317.01,4.0,317.07,2.0,2.0,0.0,2020-01-14 09:30:53.875542,317.0,317.06,0
2020-01-14 09:30:54,N,AAPL,317.0,2.0,317.06,2.0,-2.0,0.0,2020-01-14 09:30:54.254535,316.96,317.01,0
2020-01-14 09:30:55,N,AAPL,316.96,4.0,317.01,2.0,3.0,-2.0,2020-01-14 09:30:55.962644,316.92,316.98,0
2020-01-14 09:30:56,N,AAPL,316.92,1.0,316.98,4.0,0.0,2.0,2020-01-14 09:30:56.036967,316.91,316.97,0
2020-01-14 09:30:57,N,AAPL,316.91,2.0,316.97,4.0,-2.0,-1.0,2020-01-14 09:30:57.030481,316.81,316.92,0
2020-01-14 09:30:58,N,AAPL,316.81,1.0,316.92,3.0,0.0,2.0,2020-01-14 09:30:58.161663,316.76,316.8,-1
2020-01-14 09:30:59,N,AAPL,316.76,2.0,316.8,1.0,-2.0,0.0,2020-01-14 09:30:59.496151,316.63,316.72,-1
2020-01-14 09:31:00,N,AAPL,316.63,4.0,316.72,1.0,3.0,0.0,2020-01-14 09:31:00.091651,316.63,316.7,0
2020-01-14 09:31:02,N,AAPL,316.63,1.0,316.7,1.0,-1.0,0.0,2020-01-14 09:31:02.026061,316.67,316.7,0
2020-01-14 09:31:03,N,AAPL,316.67,4.0,316.7,2.0,1.0,1.0,2020-01-14 09:31:03.321661,316.65,316.69,0
2020-01-14 09:31:04,N,AAPL,316.65,5.0,316.69,4.0,1.0,2.0,2020-01-14 09:31:04.139056,316.58,316.64,-1
2020-01-14 09:31:06,N,AAPL,316.58,2.0,316.64,4.0,1.0,2.0,2020-01-14 09:31:06.236164,316.58,316.63,0
2020-01-14 09:31:07,N,AAPL,316.58,2.0,316.63,1.0,0.0,-1.0,2020-01-14 09:31:07.041932,316.54,316.58,0
2020-01-14 09:31:08,N,AAPL,316.54,14.0,316.58,2.0,0.0,0.0,2020-01-14 09:31:08.848649,316.56,316.61,0
2020-01-14 09:31:09,N,AAPL,316.56,4.0,316.61,1.0,-10.0,-3.0,2020-01-14 09:31:09.474526,316.62,316.65,1
2020-01-14 09:31:10,N,AAPL,316.62,1.0,316.65,2.0,-3.0,0.0,2020-01-14 09:31:10.121339,316.72,316.77,1
2020-01-14 09:31:11,N,AAPL,316.72,2.0,316.77,2.0,1.0,0.0,2020-01-14 09:31:11.060737,316.67,316.74,0
2020-01-14 09:31:13,N,AAPL,316.67,2.0,316.74,1.0,-4.0,-1.0,2020-01-14 09:31:13.744452,316.66,316.74,0
2020-01-14 09:31:14,N,AAPL,316.66,1.0,316.74,4.0,-1.0,3.0,2020-01-14 09:31:14.265568,316.62,316.7,0
2020-01-14 09:31:15,N,AAPL,316.62,10.0,316.7,2.0,9.0,1.0,2020-01-14 09:31:15.035555,316.54,316.62,0
2020-01-14 09:31:16,N,AAPL,316.54,2.0,316.62,2.0,0.0,0.0,2020-01-14 09:31:16.002816,316.51,316.56,0
2020-01-14 09:31:17,N,AAPL,316.51,4.0,316.56,1.0,2.0,0.0,2020-01-14 09:31:17.302517,316.66,316.72,1
2020-01-14 09:31:19,N,AAPL,316.66,15.0,316.72,4.0,7.0,3.0,2020-01-14 09:31:19.659239,316.65,316.69,0
2020-01-14 09:31:20,N,AAPL,316.65,2.0,316.69,5.0,-13.0,1.0,2020-01-14 09:31:20.676329,316.58,316.68,0
2020-01-14 09:31:21,N,AAPL,316.58,1.0,316.68,2.0,0.0,0.0,2020-01-14 09:31:21.103093,316.49,316.51,-1
2020-01-14 09:31:22,N,AAPL,316.49,2.0,316.51,2.0,0.0,1.0,2020-01-14 09:31:22.216512,316.44,316.52,0
2020-01-14 09:31:23,N,AAPL,316.44,3.0,316.52,4.0,-17.0,3.0,2020-01-14 09:31:23.798908,316.45,316.52,0
2020-01-14 09:31:24,N,AAPL,316.45,1.0,316.52,4.0,0.0,0.0,2020-01-14 09:31:24.202721,316.45,316.51,0
2020-01-14 09:31:25,N,AAPL,316.45,1.0,316.51,2.0,0.0,0.0,2020-01-14 09:31:25.020743,316.44,316.47,0
2020-01-14 09:31:28,N,AAPL,316.44,5.0,316.47,2.0,4.0,-2.0,2020-01-14 09:31:28.198133,316.23,316.3,-1
2020-01-14 09:31:29,N,AAPL,316.23,2.0,316.3,4.0,-2.0,2.0,2020-01-14 09:31:29.372109,316.2,316.27,0
2020-01-14 09:31:30,N,AAPL,316.2,15.0,316.27,1.0,13.0,-1.0,2020-01-14 09:31:30.227622,316.2,316.23,0
2020-01-14 09:31:31,N,AAPL,316.2,2.0,316.23,1.0,1.0,-4.0,2020-01-14 09:31:31.001062,316.23,316.26,0
2020-01-14 09:31:33,N,AAPL,316.23,1.0,316.26,2.0,-1.0,1.0,2020-01-14 09:31:33.266355,316.16,316.21,-1
2020-01-14 09:31:34,N,AAPL,316.16,5.0,316.21,1.0,4.0,0.0,2020-01-14 09:31:34.612711,316.17,316.24,0
2020-01-14 09:31:35,N,AAPL,316.17,1.0,316.24,4.0,-4.0,3.0,2020-01-14 09:31:35.019559,316.17,316.24,0
2020-01-14 09:31:36,N,AAPL,316.17,4.0,316.24,2.0,1.0,1.0,2020-01-14 09:31:36.079905,316.04,316.07,-1
2020-01-14 09:31:37,N,AAPL,316.04,1.0,316.07,2.0,-2.0,-2.0,2020-01-14 09:31:37.458998,316.05,316.12,0
2020-01-14 09:31:38,N,AAPL,316.05,2.0,316.12,2.0,1.0,0.0,2020-01-14 09:31:38.245179,316.01,316.06,0
2020-01-14 09:31:39,N,AAPL,316.01,2.0,316.06,2.0,1.0,0.0,2020-01-14 09:31:39.209547,315.99,316.03,0
2020-01-14 09:31:41,N,AAPL,315.99,1.0,316.03,2.0,-3.0,1.0,2020-01-14 09:31:41.452850,316.02,316.08,0
2020-01-14 09:31:42,N,AAPL,316.02,2.0,316.08,6.0,0.0,2.0,2020-01-14 09:31:42.231442,316.01,316.03,0
2020-01-14 09:31:43,N,AAPL,316.01,1.0,316.03,1.0,-1.0,-3.0,2020-01-14 09:31:43.253579,316.0,316.04,0
2020-01-14 09:31:44,N,AAPL,316.0,3.0,316.04,2.0,-4.0,0.0,2020-01-14 09:31:44.071403,316.01,316.07,0
2020-01-14 09:31:45,N,AAPL,316.01,1.0,316.07,2.0,-1.0,-1.0,2020-01-14 09:31:45.493380,315.97,316.02,0
2020-01-14 09:31:46,N,AAPL,315.97,2.0,316.02,2.0,-3.0,0.0,2020-01-14 09:31:46.364903,316.02,316.05,0
2020-01-14 09:31:47,N,AAPL,316.02,1.0,316.05,2.0,-3.0,1.0,2020-01-14 09:31:47.625352,316.0,316.03,0
2020-01-14 09:31:49,N,AAPL,316.0,3.0,316.03,2.0,2.0,0.0,2020-01-14 09:31:49.970020,316.06,316.08,1
2020-01-14 09:31:50,N,AAPL,316.06,1.0,316.08,2.0,-1.0,0.0,2020-01-14 09:31:50.120183,316.01,316.07,0
2020-01-14 09:31:51,N,AAPL,316.01,2.0,316.07,2.0,0.0,0.0,2020-01-14 09:31:51.383852,315.97,316.02,0
2020-01-14 09:31:52,N,AAPL,315.97,1.0,316.02,4.0,-1.0,2.0,2020-01-14 09:31:52.530440,316.0,316.06,0
2020-01-14 09:31:53,N,AAPL,316.0,2.0,316.06,1.0,0.0,0.0,2020-01-14 09:31:53.020751,315.98,316.05,0
2020-01-14 09:31:54,N,AAPL,315.98,2.0,316.05,2.0,-2.0,-1.0,2020-01-14 09:31:54.550635,316.07,316.13,1
2020-01-14 09:31:55,N,AAPL,316.07,2.0,316.13,4.0,0.0,2.0,2020-01-14 09:31:55.086671,316.17,316.2,1
2020-01-14 09:31:56,N,AAPL,316.17,3.0,316.2,2.0,1.0,1.0,2020-01-14 09:31:56.113462,316.35,316.4,1
2020-01-14 09:31:57,N,AAPL,316.35,1.0,316.4,2.0,-1.0,0.0,2020-01-14 09:31:57.597481,316.4,316.49,0
2020-01-14 09:31:58,N,AAPL,316.4,2.0,316.49,13.0,0.0,12.0,2020-01-14 09:31:58.320616,316.26,316.32,-1
2020-01-14 09:32:01,N,AAPL,316.26,5.0,316.32,2.0,4.0,-2.0,2020-01-14 09:32:01.363843,316.17,316.28,0
2020-01-14 09:32:02,N,AAPL,316.17,2.0,316.28,2.0,0.0,-2.0,2020-01-14 09:32:02.990699,316.23,316.29,0
2020-01-14 09:32:03,N,AAPL,316.23,2.0,316.29,1.0,0.0,-1.0,2020-01-14 09:32:03.025418,316.26,316.3,0
2020-01-14 09:32:05,N,AAPL,316.26,4.0,316.3,1.0,2.0,0.0,2020-01-14 09:32:05.456694,316.21,316.28,0
2020-01-14 09:32:06,N,AAPL,316.21,9.0,316.28,2.0,8.0,1.0,2020-01-14 09:32:06.622645,316.18,316.2,-1
2020-01-14 09:32:07,N,AAPL,316.18,1.0,316.2,1.0,-8.0,-1.0,2020-01-14 09:32:07.052017,316.03,316.08,-1
2020-01-14 09:32:08,N,AAPL,316.03,4.0,316.08,2.0,3.0,-1.0,2020-01-14 09:32:08.869642,316.01,316.06,0
2020-01-14 09:32:09,N,AAPL,316.01,2.0,316.06,2.0,-2.0,0.0,2020-01-14 09:32:09.099672,315.9,315.93,-1
2020-01-14 09:32:11,N,AAPL,315.9,8.0,315.93,2.0,6.0,0.0,2020-01-14 09:32:11.239839,315.88,315.96,0
2020-01-14 09:32:13,N,AAPL,315.88,1.0,315.96,4.0,-7.0,3.0,2020-01-14 09:32:13.084180,315.91,315.98,0
2020-01-14 09:32:15,N,AAPL,315.91,2.0,315.98,1.0,1.0,-1.0,2020-01-14 09:32:15.190528,315.86,315.89,-1
2020-01-14 09:32:17,N,AAPL,315.86,7.0,315.89,2.0,5.0,1.0,2020-01-14 09:32:17.113116,315.91,315.96,1
2020-01-14 09:32:21,N,AAPL,315.91,2.0,315.96,2.0,1.0,1.0,2020-01-14 09:32:21.448551,315.88,315.93,0
2020-01-14 09:32:22,N,AAPL,315.88,1.0,315.93,1.0,-4.0,0.0,2020-01-14 09:32:22.679435,315.88,315.95,0
2020-01-14 09:32:23,N,AAPL,315.88,2.0,315.95,1.0,-2.0,0.0,2020-01-14 09:32:23.528337,315.88,315.94,0
2020-01-14 09:32:24,N,AAPL,315.88,2.0,315.94,1.0,1.0,-1.0,2020-01-14 09:32:24.115381,315.8,315.83,-1
2020-01-14 09:32:25,N,AAPL,315.8,1.0,315.83,3.0,-1.0,2.0,2020-01-14 09:32:25.677195,315.85,315.88,1
2020-01-14 09:32:26,N,AAPL,315.85,2.0,315.88,1.0,1.0,0.0,2020-01-14 09:32:26.504151,315.8,315.95,0
2020-01-14 09:32:27,N,AAPL,315.8,2.0,315.95,2.0,0.0,1.0,2020-01-14 09:32:27.034561,315.81,315.89,0
2020-01-14 09:32:28,N,AAPL,315.81,1.0,315.89,2.0,-1.0,0.0,2020-01-14 09:32:28.094632,315.79,315.86,0
2020-01-14 09:32:29,N,AAPL,315.79,4.0,315.86,2.0,3.0,0.0,2020-01-14 09:32:29.752766,315.79,315.85,0
2020-01-14 09:32:30,N,AAPL,315.79,4.0,315.85,2.0,0.0,0.0,2020-01-14 09:32:30.131570,315.83,315.91,0
2020-01-14 09:32:31,N,AAPL,315.83,1.0,315.91,4.0,-1.0,1.0,2020-01-14 09:32:31.326911,315.92,315.98,1
2020-01-14 09:32:32,N,AAPL,315.92,1.0,315.98,1.0,0.0,-3.0,2020-01-14 09:32:32.199596,316.02,316.1,1
2020-01-14 09:32:33,N,AAPL,316.02,2.0,316.1,2.0,0.0,0.0,2020-01-14 09:32:33.245394,316.0,316.08,0
2020-01-14 09:32:34,N,AAPL,316.0,1.0,316.08,1.0,-1.0,-1.0,2020-01-14 09:32:34.051888,315.95,316.03,0
2020-01-14 09:32:35,N,AAPL,315.95,2.0,316.03,2.0,1.0,0.0,2020-01-14 09:32:35.000904,315.97,316.03,0
2020-01-14 09:32:36,N,AAPL,315.97,1.0,316.03,2.0,-3.0,1.0,2020-01-14 09:32:36.546532,315.95,315.99,0
2020-01-14 09:32:37,N,AAPL,315.95,1.0,315.99,4.0,-6.0,3.0,2020-01-14 09:32:37.711554,315.95,315.99,0
2020-01-14 09:32:38,N,AAPL,315.95,1.0,315.99,1.0,0.0,0.0,2020-01-14 09:32:38.373186,315.95,316.03,0
2020-01-14 09:32:39,N,AAPL,315.95,1.0,316.03,2.0,0.0,0.0,2020-01-14 09:32:39.015750,315.99,316.03,0
2020-01-14 09:32:40,N,AAPL,315.99,2.0,316.03,1.0,1.0,-2.0,2020-01-14 09:32:40.190613,316.06,316.14,1
2020-01-14 09:32:41,N,AAPL,316.06,3.0,316.14,2.0,-1.0,1.0,2020-01-14 09:32:41.118793,316.08,316.14,0
2020-01-14 09:32:42,N,AAPL,316.08,2.0,316.14,2.0,0.0,-4.0,2020-01-14 09:32:42.229474,316.08,316.15,0
2020-01-14 09:32:45,N,AAPL,316.08,1.0,316.15,10.0,-3.0,4.0,2020-01-14 09:32:45.704721,316.12,316.15,0
2020-01-14 09:32:47,N,AAPL,316.12,1.0,316.15,5.0,0.0,-5.0,2020-01-14 09:32:47.150409,316.14,316.19,0
2020-01-14 09:32:49,N,AAPL,316.14,2.0,316.19,2.0,1.0,1.0,2020-01-14 09:32:49.020524,316.19,316.24,0
2020-01-14 09:32:50,N,AAPL,316.19,4.0,316.24,2.0,2.0,1.0,2020-01-14 09:32:50.386278,316.3,316.37,1
2020-01-14 09:32:52,N,AAPL,316.3,9.0,316.37,3.0,8.0,1.0,2020-01-14 09:32:52.331055,316.3,316.39,0
2020-01-14 09:32:53,N,AAPL,316.3,9.0,316.39,2.0,0.0,0.0,2020-01-14 09:32:53.326403,316.3,316.38,0
2020-01-14 09:32:54,N,AAPL,316.3,11.0,316.38,1.0,2.0,-1.0,2020-01-14 09:32:54.176501,316.17,316.24,-1
2020-01-14 09:32:55,N,AAPL,316.17,2.0,316.24,2.0,-3.0,0.0,2020-01-14 09:32:55.451385,316.04,316.11,-1
2020-01-14 09:32:56,N,AAPL,316.04,1.0,316.11,1.0,0.0,-1.0,2020-01-14 09:32:56.271107,316.06,316.1,0
2020-01-14 09:32:57,N,AAPL,316.06,2.0,316.1,2.0,1.0,1.0,2020-01-14 09:32:57.228126,316.05,316.1,0
2020-01-14 09:32:59,N,AAPL,316.05,2.0,316.1,1.0,1.0,-1.0,2020-01-14 09:32:59.823034,316.06,316.1,0
2020-01-14 09:33:00,N,AAPL,316.06,4.0,316.1,2.0,2.0,1.0,2020-01-14 09:33:00.351934,316.04,316.06,0
2020-01-14 09:33:01,N,AAPL,316.04,1.0,316.06,8.0,-1.0,2.0,2020-01-14 09:33:01.439676,315.91,315.95,-1
2020-01-14 09:33:02,N,AAPL,315.91,2.0,315.95,2.0,1.0,0.0,2020-01-14 09:33:02.031471,315.8,315.87,-1
2020-01-14 09:33:03,N,AAPL,315.8,4.0,315.87,4.0,1.0,2.0,2020-01-14 09:33:03.025579,315.81,315.85,0
2020-01-14 09:33:05,N,AAPL,315.81,2.0,315.85,1.0,-2.0,-3.0,2020-01-14 09:33:05.418890,315.82,315.87,0
2020-01-14 09:33:06,N,AAPL,315.82,2.0,315.87,2.0,0.0,1.0,2020-01-14 09:33:06.309320,315.83,315.86,0
2020-01-14 09:33:07,N,AAPL,315.83,4.0,315.86,1.0,2.0,-6.0,2020-01-14 09:33:07.607831,315.86,315.89,0
2020-01-14 09:33:08,N,AAPL,315.86,2.0,315.89,1.0,0.0,0.0,2020-01-14 09:33:08.103449,315.85,315.9,0
2020-01-14 09:33:09,N,AAPL,315.85,2.0,315.9,2.0,1.0,0.0,2020-01-14 09:33:09.257697,315.83,315.87,0
2020-01-14 09:33:10,N,AAPL,315.83,2.0,315.87,2.0,1.0,0.0,2020-01-14 09:33:10.923047,315.72,315.77,-1
2020-01-14 09:33:11,N,AAPL,315.72,2.0,315.77,1.0,1.0,-1.0,2020-01-14 09:33:11.002466,315.74,315.79,0
2020-01-14 09:33:15,N,AAPL,315.74,4.0,315.79,2.0,3.0,1.0,2020-01-14 09:33:15.322652,315.73,315.82,0
2020-01-14 09:33:16,N,AAPL,315.73,1.0,315.82,4.0,0.0,2.0,2020-01-14 09:33:16.043385,315.7,315.82,0
2020-01-14 09:33:17,N,AAPL,315.7,1.0,315.82,2.0,-1.0,0.0,2020-01-14 09:33:17.025948,315.7,315.79,0
2020-01-14 09:33:18,N,AAPL,315.7,3.0,315.79,2.0,2.0,0.0,2020-01-14 09:33:18.732237,315.7,315.75,0
2020-01-14 09:33:19,N,AAPL,315.7,1.0,315.75,2.0,-2.0,0.0,2020-01-14 09:33:19.068605,315.55,315.6,-1
2020-01-14 09:33:20,N,AAPL,315.55,1.0,315.6,1.0,-4.0,-1.0,2020-01-14 09:33:20.097182,315.63,315.7,1
2020-01-14 09:33:21,N,AAPL,315.63,1.0,315.7,2.0,-1.0,1.0,2020-01-14 09:33:21.232653,315.6,315.7,0
2020-01-14 09:33:22,N,AAPL,315.6,2.0,315.7,2.0,0.0,0.0,2020-01-14 09:33:22.045757,315.66,315.7,0
2020-01-14 09:33:23,N,AAPL,315.66,1.0,315.7,1.0,0.0,-1.0,2020-01-14 09:33:23.015152,315.73,315.79,1
2020-01-14 09:33:24,N,AAPL,315.73,5.0,315.79,1.0,4.0,-1.0,2020-01-14 09:33:24.246116,315.79,315.83,0
2020-01-14 09:33:25,N,AAPL,315.79,2.0,315.83,1.0,-2.0,-1.0,2020-01-14 09:33:25.028518,315.81,315.83,0
2020-01-14 09:33:26,N,AAPL,315.81,2.0,315.83,2.0,1.0,1.0,2020-01-14 09:33:26.682109,315.78,315.83,0
2020-01-14 09:33:27,N,AAPL,315.78,1.0,315.83,2.0,-7.0,1.0,2020-01-14 09:33:27.868318,315.78,315.83,0
2020-01-14 09:33:29,N,AAPL,315.78,1.0,315.83,1.0,0.0,-1.0,2020-01-14 09:33:29.538660,315.78,315.83,0
2020-01-14 09:33:30,N,AAPL,315.78,1.0,315.83,2.0,0.0,1.0,2020-01-14 09:33:30.319260,315.76,315.83,0
2020-01-14 09:33:31,N,AAPL,315.76,4.0,315.83,2.0,2.0,-2.0,2020-01-14 09:33:31.060058,315.75,315.8,0
2020-01-14 09:33:32,N,AAPL,315.75,2.0,315.8,2.0,-2.0,0.0,2020-01-14 09:33:32.243407,315.77,315.83,0
2020-01-14 09:33:34,N,AAPL,315.77,1.0,315.83,2.0,0.0,0.0,2020-01-14 09:33:34.060581,315.8,315.83,0
2020-01-14 09:33:35,N,AAPL,315.8,2.0,315.83,1.0,0.0,0.0,2020-01-14 09:33:35.210478,315.7,315.78,-1
2020-01-14 09:33:36,N,AAPL,315.7,4.0,315.78,2.0,0.0,-2.0,2020-01-14 09:33:36.013997,315.72,315.75,0
2020-01-14 09:33:37,N,AAPL,315.72,1.0,315.75,1.0,-1.0,0.0,2020-01-14 09:33:37.220987,315.72,315.78,0
2020-01-14 09:33:38,N,AAPL,315.72,1.0,315.78,1.0,0.0,-4.0,2020-01-14 09:33:38.793569,315.74,315.77,0
2020-01-14 09:33:39,N,AAPL,315.74,5.0,315.77,1.0,4.0,0.0,2020-01-14 09:33:39.072509,315.81,315.87,1
2020-01-14 09:33:40,N,AAPL,315.81,2.0,315.87,2.0,0.0,1.0,2020-01-14 09:33:40.183126,315.92,315.98,1
2020-01-14 09:33:41,N,AAPL,315.92,4.0,315.98,2.0,0.0,-3.0,2020-01-14 09:33:41.307097,315.93,315.98,0
2020-01-14 09:33:44,N,AAPL,315.93,2.0,315.98,2.0,-2.0,-2.0,2020-01-14 09:33:44.229257,315.9,315.98,0
2020-01-14 09:33:45,N,AAPL,315.9,10.0,315.98,2.0,1.0,0.0,2020-01-14 09:33:45.676471,315.93,316.0,0
2020-01-14 09:33:46,N,AAPL,315.93,2.0,316.0,2.0,0.0,0.0,2020-01-14 09:33:46.153594,315.93,316.0,0
2020-01-14 09:33:47,N,AAPL,315.93,6.0,316.0,1.0,4.0,0.0,2020-01-14 09:33:47.072081,315.9,315.98,0
2020-01-14 09:33:48,N,AAPL,315.9,10.0,315.98,1.0,9.0,-1.0,2020-01-14 09:33:48.537647,315.88,315.91,0
2020-01-14 09:33:49,N,AAPL,315.88,2.0,315.91,2.0,1.0,1.0,2020-01-14 09:33:49.525328,315.88,315.94,0
2020-01-14 09:33:50,N,AAPL,315.88,2.0,315.94,1.0,0.0,-1.0,2020-01-14 09:33:50.079578,315.91,315.93,0
2020-01-14 09:33:54,N,AAPL,315.91,2.0,315.93,2.0,0.0,1.0,2020-01-14 09:33:54.896705,315.87,315.9,-1
2020-01-14 09:33:56,N,AAPL,315.87,2.0,315.9,1.0,0.0,-1.0,2020-01-14 09:33:56.088886,315.87,315.93,0
2020-01-14 09:33:57,N,AAPL,315.87,1.0,315.93,4.0,-1.0,3.0,2020-01-14 09:33:57.175189,315.88,315.93,0
2020-01-14 09:33:58,N,AAPL,315.88,2.0,315.93,1.0,1.0,-3.0,2020-01-14 09:33:58.139697,315.88,315.94,0
2020-01-14 09:33:59,N,AAPL,315.88,2.0,315.94,2.0,0.0,1.0,2020-01-14 09:33:59.384785,315.94,315.98,0
2020-01-14 09:34:01,N,AAPL,315.94,2.0,315.98,1.0,0.0,-1.0,2020-01-14 09:34:01.570664,315.96,315.99,0
2020-01-14 09:34:02,N,AAPL,315.96,2.0,315.99,1.0,0.0,0.0,2020-01-14 09:34:02.524600,315.96,315.99,0
2020-01-14 09:34:03,N,AAPL,315.96,4.0,315.99,1.0,2.0,0.0,2020-01-14 09:34:03.081271,315.99,316.02,0
2020-01-14 09:34:04,N,AAPL,315.99,5.0,316.02,2.0,2.0,1.0,2020-01-14 09:34:04.021341,315.94,315.96,-1
2020-01-14 09:34:05,N,AAPL,315.94,1.0,315.96,2.0,0.0,0.0,2020-01-14 09:34:05.186881,315.88,315.97,0
2020-01-14 09:34:06,N,AAPL,315.88,2.0,315.97,2.0,0.0,-1.0,2020-01-14 09:34:06.041658,315.98,316.0,1
2020-01-14 09:34:07,N,AAPL,315.98,2.0,316.0,3.0,0.0,2.0,2020-01-14 09:34:07.050562,316.0,316.07,0
2020-01-14 09:34:08,N,AAPL,316.0,2.0,316.07,1.0,0.0,-3.0,2020-01-14 09:34:08.087169,315.96,316.01,0
2020-01-14 09:34:09,N,AAPL,315.96,7.0,316.01,2.0,5.0,0.0,2020-01-14 09:34:09.617854,315.96,316.04,0
2020-01-14 09:34:10,N,AAPL,315.96,8.0,316.04,2.0,1.0,0.0,2020-01-14 09:34:10.975032,315.99,316.04,0
2020-01-14 09:34:11,N,AAPL,315.99,1.0,316.04,2.0,-8.0,-2.0,2020-01-14 09:34:11.393680,315.98,316.02,0
2020-01-14 09:34:12,N,AAPL,315.98,2.0,316.02,1.0,0.0,-1.0,2020-01-14 09:34:12.073339,315.99,316.03,0
2020-01-14 09:34:14,N,AAPL,315.99,1.0,316.03,2.0,-1.0,1.0,2020-01-14 09:34:14.018774,316.02,316.07,0
2020-01-14 09:34:15,N,AAPL,316.02,1.0,316.07,2.0,0.0,1.0,2020-01-14 09:34:15.924515,316.06,316.09,0
2020-01-14 09:34:16,N,AAPL,316.06,2.0,316.09,1.0,1.0,-1.0,2020-01-14 09:34:16.782607,315.98,316.01,-1
2020-01-14 09:34:17,N,AAPL,315.98,1.0,316.01,1.0,0.0,0.0,2020-01-14 09:34:17.164005,315.96,316.0,0
2020-01-14 09:34:18,N,AAPL,315.96,1.0,316.0,4.0,0.0,3.0,2020-01-14 09:34:18.202563,315.99,316.02,0
2020-01-14 09:34:21,N,AAPL,315.99,1.0,316.02,1.0,0.0,0.0,2020-01-14 09:34:21.496773,315.96,316.02,0
2020-01-14 09:34:22,N,AAPL,315.96,2.0,316.02,1.0,0.0,0.0,2020-01-14 09:34:22.034659,316.07,316.12,1
2020-01-14 09:34:23,N,AAPL,316.07,2.0,316.12,4.0,0.0,3.0,2020-01-14 09:34:23.563780,316.09,316.13,0
2020-01-14 09:34:24,N,AAPL,316.09,2.0,316.13,2.0,0.0,-2.0,2020-01-14 09:34:24.450810,316.07,316.09,0
2020-01-14 09:34:26,N,AAPL,316.07,2.0,316.09,4.0,0.0,2.0,2020-01-14 09:34:26.817904,316.01,316.06,-1
2020-01-14 09:34:27,N,AAPL,316.01,5.0,316.06,2.0,3.0,-2.0,2020-01-14 09:34:27.145672,316.01,316.07,0
2020-01-14 09:34:28,N,AAPL,316.01,2.0,316.07,1.0,1.0,0.0,2020-01-14 09:34:28.261295,316.01,316.08,0
2020-01-14 09:34:29,N,AAPL,316.01,1.0,316.08,4.0,-1.0,2.0,2020-01-14 09:34:29.136422,316.01,316.07,0
2020-01-14 09:34:30,N,AAPL,316.01,1.0,316.07,4.0,0.0,2.0,2020-01-14 09:34:30.333187,316.03,316.11,0
2020-01-14 09:34:31,N,AAPL,316.03,3.0,316.11,1.0,2.0,-3.0,2020-01-14 09:34:31.145576,316.06,316.09,0
2020-01-14 09:34:34,N,AAPL,316.06,2.0,316.09,2.0,0.0,1.0,2020-01-14 09:34:34.069031,316.07,316.11,0
2020-01-14 09:34:36,N,AAPL,316.07,4.0,316.11,1.0,2.0,-1.0,2020-01-14 09:34:36.100005,316.14,316.18,1
2020-01-14 09:34:37,N,AAPL,316.14,2.0,316.18,2.0,0.0,0.0,2020-01-14 09:34:37.661161,316.19,316.23,1
2020-01-14 09:34:38,N,AAPL,316.19,2.0,316.23,2.0,1.0,1.0,2020-01-14 09:34:38.175344,316.23,316.25,0
2020-01-14 09:34:42,N,AAPL,316.23,1.0,316.25,2.0,-1.0,1.0,2020-01-14 09:34:42.440175,316.19,316.25,0
2020-01-14 09:34:43,N,AAPL,316.19,4.0,316.25,3.0,-2.0,1.0,2020-01-14 09:34:43.043442,316.22,316.25,0
2020-01-14 09:34:45,N,AAPL,316.22,1.0,316.25,2.0,-3.0,-1.0,2020-01-14 09:34:45.526160,316.24,316.27,0
2020-01-14 09:34:46,N,AAPL,316.24,2.0,316.27,1.0,1.0,-1.0,2020-01-14 09:34:46.206870,316.27,316.31,0
2020-01-14 09:34:47,N,AAPL,316.27,1.0,316.31,1.0,0.0,-1.0,2020-01-14 09:34:47.458988,316.28,316.34,0
2020-01-14 09:34:48,N,AAPL,316.28,4.0,316.34,2.0,3.0,0.0,2020-01-14 09:34:48.000495,316.29,316.34,0
2020-01-14 09:34:49,N,AAPL,316.29,2.0,316.34,2.0,0.0,1.0,2020-01-14 09:34:49.356824,316.29,316.35,0
2020-01-14 09:34:50,N,AAPL,316.29,3.0,316.35,2.0,1.0,0.0,2020-01-14 09:34:50.763387,316.3,316.36,0
2020-01-14 09:34:51,N,AAPL,316.3,2.0,316.36,2.0,-1.0,0.0,2020-01-14 09:34:51.064648,316.42,316.44,1
2020-01-14 09:34:52,N,AAPL,316.42,1.0,316.44,1.0,-1.0,-1.0,2020-01-14 09:34:52.006770,316.39,316.44,0
2020-01-14 09:34:53,N,AAPL,316.39,1.0,316.44,2.0,-1.0,1.0,2020-01-14 09:34:53.035636,316.46,316.49,1
2020-01-14 09:34:54,N,AAPL,316.46,3.0,316.49,2.0,1.0,-1.0,2020-01-14 09:34:54.663911,316.43,316.47,0
2020-01-14 09:34:56,N,AAPL,316.43,2.0,316.47,2.0,-1.0,1.0,2020-01-14 09:34:56.595796,316.38,316.44,0
2020-01-14 09:34:57,N,AAPL,316.38,4.0,316.44,2.0,3.0,0.0,2020-01-14 09:34:57.432278,316.43,316.5,0
2020-01-14 09:34:58,N,AAPL,316.43,4.0,316.5,10.0,2.0,0.0,2020-01-14 09:34:58.171217,316.4,316.44,0
2020-01-14 09:34:59,N,AAPL,316.4,2.0,316.44,1.0,-2.0,-9.0,2020-01-14 09:34:59.047814,316.37,316.41,0
2020-01-14 09:35:00,N,AAPL,316.37,2.0,316.41,1.0,0.0,-1.0,2020-01-14 09:35:00.314650,316.37,316.39,0
2020-01-14 09:35:01,N,AAPL,316.37,2.0,316.39,2.0,-2.0,-2.0,2020-01-14 09:35:01.364498,316.36,316.43,0
2020-01-14 09:35:02,N,AAPL,316.36,2.0,316.43,2.0,0.0,1.0,2020-01-14 09:35:02.260621,316.36,316.4,0
2020-01-14 09:35:03,N,AAPL,316.36,2.0,316.4,2.0,-2.0,0.0,2020-01-14 09:35:03.086545,316.36,316.43,0
2020-01-14 09:35:04,N,AAPL,316.36,3.0,316.43,3.0,1.0,0.0,2020-01-14 09:35:04.012950,316.28,316.31,-1
2020-01-14 09:35:05,N,AAPL,316.28,2.0,316.31,3.0,0.0,2.0,2020-01-14 09:35:05.318158,316.26,316.29,0
2020-01-14 09:35:06,N,AAPL,316.26,1.0,316.29,2.0,-1.0,-2.0,2020-01-14 09:35:06.607819,316.2,316.26,0
2020-01-14 09:35:07,N,AAPL,316.2,5.0,316.26,1.0,0.0,-1.0,2020-01-14 09:35:07.057091,316.15,316.21,0
2020-01-14 09:35:08,N,AAPL,316.15,2.0,316.21,4.0,-3.0,3.0,2020-01-14 09:35:08.563792,316.12,316.16,0
2020-01-14 09:35:09,N,AAPL,316.12,15.0,316.16,6.0,13.0,5.0,2020-01-14 09:35:09.873498,316.11,316.12,0
2020-01-14 09:35:10,N,AAPL,316.11,2.0,316.12,2.0,-13.0,-4.0,2020-01-14 09:35:10.549023,316.08,316.13,0
2020-01-14 09:35:11,N,AAPL,316.08,1.0,316.13,4.0,-1.0,1.0,2020-01-14 09:35:11.219860,316.14,316.18,1
2020-01-14 09:35:12,N,AAPL,316.14,2.0,316.18,1.0,1.0,-3.0,2020-01-14 09:35:12.412687,316.18,316.22,0
2020-01-14 09:35:13,N,AAPL,316.18,2.0,316.22,1.0,-2.0,-1.0,2020-01-14 09:35:13.058587,316.23,316.28,1
2020-01-14 09:35:14,N,AAPL,316.23,3.0,316.28,2.0,1.0,1.0,2020-01-14 09:35:14.897983,316.24,316.3,0
2020-01-14 09:35:15,N,AAPL,316.24,1.0,316.3,1.0,-2.0,-1.0,2020-01-14 09:35:15.103952,316.29,316.34,0
2020-01-14 09:35:16,N,AAPL,316.29,4.0,316.34,2.0,3.0,0.0,2020-01-14 09:35:16.460134,316.27,316.29,0
2020-01-14 09:35:17,N,AAPL,316.27,1.0,316.29,1.0,0.0,0.0,2020-01-14 09:35:17.850617,316.22,316.27,0
2020-01-14 09:35:19,N,AAPL,316.22,1.0,316.27,2.0,0.0,-2.0,2020-01-14 09:35:19.009525,316.25,316.29,0
2020-01-14 09:35:20,N,AAPL,316.25,3.0,316.29,1.0,1.0,0.0,2020-01-14 09:35:20.230258,316.23,316.29,0
2020-01-14 09:35:21,N,AAPL,316.23,4.0,316.29,2.0,3.0,0.0,2020-01-14 09:35:21.078171,316.25,316.3,0
2020-01-14 09:35:22,N,AAPL,316.25,3.0,316.3,1.0,0.0,0.0,2020-01-14 09:35:22.155021,316.27,316.32,0
2020-01-14 09:35:23,N,AAPL,316.27,4.0,316.32,1.0,3.0,-1.0,2020-01-14 09:35:23.063217,316.27,316.3,0
2020-01-14 09:35:24,N,AAPL,316.27,2.0,316.3,2.0,0.0,0.0,2020-01-14 09:35:24.298188,316.29,316.32,0
2020-01-14 09:35:25,N,AAPL,316.29,2.0,316.32,1.0,0.0,-1.0,2020-01-14 09:35:25.678093,316.29,316.35,0
2020-01-14 09:35:26,N,AAPL,316.29,4.0,316.35,1.0,2.0,0.0,2020-01-14 09:35:26.091868,316.29,316.32,0
2020-01-14 09:35:27,N,AAPL,316.29,1.0,316.32,2.0,0.0,0.0,2020-01-14 09:35:27.052448,316.28,316.34,0
2020-01-14 09:35:28,N,AAPL,316.28,2.0,316.34,4.0,0.0,0.0,2020-01-14 09:35:28.035368,316.34,316.38,0
2020-01-14 09:35:29,N,AAPL,316.34,1.0,316.38,2.0,-1.0,-2.0,2020-01-14 09:35:29.660210,316.29,316.34,0
2020-01-14 09:35:30,N,AAPL,316.29,2.0,316.34,4.0,1.0,2.0,2020-01-14 09:35:30.292360,316.28,316.32,0
2020-01-14 09:35:32,N,AAPL,316.28,1.0,316.32,1.0,0.0,-1.0,2020-01-14 09:35:32.236025,316.28,316.32,0
2020-01-14 09:35:33,N,AAPL,316.28,1.0,316.32,1.0,0.0,0.0,2020-01-14 09:35:33.312758,316.33,316.35,1
2020-01-14 09:35:34,N,AAPL,316.33,2.0,316.35,1.0,-2.0,0.0,2020-01-14 09:35:34.109775,316.32,316.36,0
2020-01-14 09:35:35,N,AAPL,316.32,4.0,316.36,2.0,2.0,1.0,2020-01-14 09:35:35.289044,316.35,316.39,0
2020-01-14 09:35:36,N,AAPL,316.35,1.0,316.39,2.0,-1.0,1.0,2020-01-14 09:35:36.568563,316.39,316.41,0
2020-01-14 09:35:37,N,AAPL,316.39,2.0,316.41,1.0,0.0,0.0,2020-01-14 09:35:37.414157,316.38,316.42,0
2020-01-14 09:35:39,N,AAPL,316.38,2.0,316.42,4.0,0.0,3.0,2020-01-14 09:35:39.028308,316.49,316.53,1
2020-01-14 09:35:40,N,AAPL,316.49,2.0,316.53,1.0,-1.0,-8.0,2020-01-14 09:35:40.347394,316.43,316.48,-1
2020-01-14 09:35:41,N,AAPL,316.43,5.0,316.48,5.0,2.0,0.0,2020-01-14 09:35:41.031776,316.42,316.46,0
2020-01-14 09:35:42,N,AAPL,316.42,2.0,316.46,1.0,0.0,-1.0,2020-01-14 09:35:42.107705,316.39,316.44,0
2020-01-14 09:35:43,N,AAPL,316.39,2.0,316.44,5.0,1.0,4.0,2020-01-14 09:35:43.500528,316.4,316.45,0
2020-01-14 09:35:44,N,AAPL,316.4,6.0,316.45,1.0,4.0,-1.0,2020-01-14 09:35:44.257223,316.43,316.49,0
2020-01-14 09:35:45,N,AAPL,316.43,2.0,316.49,3.0,0.0,1.0,2020-01-14 09:35:45.101627,316.43,316.45,0
2020-01-14 09:35:48,N,AAPL,316.43,2.0,316.45,3.0,0.0,0.0,2020-01-14 09:35:48.568578,316.38,316.42,-1
2020-01-14 09:35:49,N,AAPL,316.38,2.0,316.42,2.0,-4.0,0.0,2020-01-14 09:35:49.618397,316.38,316.43,0
2020-01-14 09:35:50,N,AAPL,316.38,2.0,316.43,1.0,0.0,-1.0,2020-01-14 09:35:50.169217,316.32,316.35,-1
2020-01-14 09:35:51,N,AAPL,316.32,2.0,316.35,2.0,1.0,0.0,2020-01-14 09:35:51.094041,316.32,316.36,0
2020-01-14 09:35:52,N,AAPL,316.32,3.0,316.36,2.0,2.0,0.0,2020-01-14 09:35:52.185470,316.34,316.38,0
2020-01-14 09:35:53,N,AAPL,316.34,2.0,316.38,1.0,-2.0,-1.0,2020-01-14 09:35:53.190577,316.36,316.4,0
2020-01-14 09:35:54,N,AAPL,316.36,4.0,316.4,1.0,0.0,0.0,2020-01-14 09:35:54.299332,316.36,316.41,0
2020-01-14 09:35:55,N,AAPL,316.36,5.0,316.41,1.0,0.0,-1.0,2020-01-14 09:35:55.254613,316.35,316.39,0
2020-01-14 09:35:56,N,AAPL,316.35,5.0,316.39,4.0,0.0,3.0,2020-01-14 09:35:56.378042,316.35,316.36,0
2020-01-14 09:35:57,N,AAPL,316.35,15.0,316.36,1.0,10.0,-3.0,2020-01-14 09:35:57.872756,316.31,316.34,-1
2020-01-14 09:35:59,N,AAPL,316.31,4.0,316.34,2.0,-11.0,1.0,2020-01-14 09:35:59.775805,316.27,316.3,-1
2020-01-14 09:36:00,N,AAPL,316.27,2.0,316.3,2.0,-2.0,0.0,2020-01-14 09:36:00.836045,316.3,316.32,0
2020-01-14 09:36:01,N,AAPL,316.3,4.0,316.32,1.0,0.0,-1.0,2020-01-14 09:36:01.439124,316.31,316.33,0
2020-01-14 09:36:02,N,AAPL,316.31,2.0,316.33,2.0,0.0,1.0,2020-01-14 09:36:02.525896,316.31,316.35,0
2020-01-14 09:36:03,N,AAPL,316.31,2.0,316.35,4.0,-2.0,3.0,2020-01-14 09:36:03.496586,316.19,316.24,-1
2020-01-14 09:36:04,N,AAPL,316.19,2.0,316.24,2.0,0.0,0.0,2020-01-14 09:36:04.259866,316.19,316.24,0
2020-01-14 09:36:05,N,AAPL,316.19,2.0,316.24,2.0,0.0,0.0,2020-01-14 09:36:05.257384,316.19,316.23,0
2020-01-14 09:36:06,N,AAPL,316.19,1.0,316.23,2.0,0.0,1.0,2020-01-14 09:36:06.341602,316.16,316.21,0
2020-01-14 09:36:07,N,AAPL,316.16,4.0,316.21,2.0,0.0,0.0,2020-01-14 09:36:07.005328,316.14,316.18,0
2020-01-14 09:36:08,N,AAPL,316.14,1.0,316.18,1.0,0.0,-2.0,2020-01-14 09:36:08.060560,316.11,316.16,0
2020-01-14 09:36:09,N,AAPL,316.11,2.0,316.16,1.0,0.0,-1.0,2020-01-14 09:36:09.040238,316.09,316.14,0
2020-01-14 09:36:10,N,AAPL,316.09,2.0,316.14,4.0,1.0,3.0,2020-01-14 09:36:10.468786,316.11,316.15,0
2020-01-14 09:36:11,N,AAPL,316.11,2.0,316.15,1.0,0.0,0.0,2020-01-14 09:36:11.132682,316.14,316.17,0
2020-01-14 09:36:13,N,AAPL,316.14,1.0,316.17,1.0,-1.0,0.0,2020-01-14 09:36:13.135699,316.17,316.2,0
2020-01-14 09:36:15,N,AAPL,316.17,1.0,316.2,2.0,0.0,0.0,2020-01-14 09:36:15.241156,316.13,316.17,0
2020-01-14 09:36:16,N,AAPL,316.13,4.0,316.17,2.0,2.0,1.0,2020-01-14 09:36:16.665923,316.15,316.17,0
2020-01-14 09:36:17,N,AAPL,316.15,1.0,316.17,2.0,0.0,1.0,2020-01-14 09:36:17.639119,316.15,316.19,0
2020-01-14 09:36:18,N,AAPL,316.15,1.0,316.19,1.0,0.0,-3.0,2020-01-14 09:36:18.482590,316.12,316.13,-1
2020-01-14 09:36:19,N,AAPL,316.12,1.0,316.13,1.0,0.0,0.0,2020-01-14 09:36:19.486174,316.07,316.1,-1
2020-01-14 09:36:20,N,AAPL,316.07,2.0,316.1,2.0,1.0,1.0,2020-01-14 09:36:20.768990,316.05,316.09,0
2020-01-14 09:36:22,N,AAPL,316.05,4.0,316.09,1.0,0.0,-1.0,2020-01-14 09:36:22.192294,316.07,316.09,0
2020-01-14 09:36:23,N,AAPL,316.07,5.0,316.09,2.0,2.0,0.0,2020-01-14 09:36:23.404508,316.08,316.09,0
2020-01-14 09:36:24,N,AAPL,316.08,1.0,316.09,2.0,-4.0,-2.0,2020-01-14 09:36:24.865562,316.09,316.12,0
2020-01-14 09:36:25,N,AAPL,316.09,2.0,316.12,2.0,1.0,0.0,2020-01-14 09:36:25.017674,316.11,316.12,0
2020-01-14 09:36:28,N,AAPL,316.11,1.0,316.12,2.0,-1.0,-1.0,2020-01-14 09:36:28.371860,316.08,316.12,0
2020-01-14 09:36:29,N,AAPL,316.08,1.0,316.12,3.0,0.0,1.0,2020-01-14 09:36:29.053289,316.07,316.11,0
2020-01-14 09:36:30,N,AAPL,316.07,5.0,316.11,2.0,0.0,0.0,2020-01-14 09:36:30.001494,316.09,316.12,0
2020-01-14 09:36:31,N,AAPL,316.09,1.0,316.12,1.0,-5.0,0.0,2020-01-14 09:36:31.044538,316.07,316.1,0
2020-01-14 09:36:32,N,AAPL,316.07,3.0,316.1,4.0,1.0,2.0,2020-01-14 09:36:32.030816,316.05,316.09,0
2020-01-14 09:36:33,N,AAPL,316.05,2.0,316.09,2.0,-2.0,0.0,2020-01-14 09:36:33.598411,316.06,316.1,0
2020-01-14 09:36:34,N,AAPL,316.06,2.0,316.1,1.0,-1.0,-1.0,2020-01-14 09:36:34.025449,316.07,316.11,0
2020-01-14 09:36:35,N,AAPL,316.07,2.0,316.11,2.0,-2.0,1.0,2020-01-14 09:36:35.323893,316.02,316.06,-1
2020-01-14 09:36:36,N,AAPL,316.02,2.0,316.06,2.0,0.0,-1.0,2020-01-14 09:36:36.076402,316.0,316.01,-1
2020-01-14 09:36:37,N,AAPL,316.0,31.0,316.01,4.0,28.0,0.0,2020-01-14 09:36:37.536008,315.99,316.01,0
2020-01-14 09:36:39,N,AAPL,315.99,1.0,316.01,2.0,-1.0,0.0,2020-01-14 09:36:39.164334,315.98,316.0,0
2020-01-14 09:36:41,N,AAPL,315.98,4.0,316.0,1.0,2.0,-1.0,2020-01-14 09:36:41.301272,316.01,316.05,1
2020-01-14 09:36:42,N,AAPL,316.01,2.0,316.05,1.0,-2.0,-2.0,2020-01-14 09:36:42.310627,315.9,315.95,-1
2020-01-14 09:36:44,N,AAPL,315.9,6.0,315.95,2.0,5.0,1.0,2020-01-14 09:36:44.969358,315.96,316.0,1
2020-01-14 09:36:45,N,AAPL,315.96,1.0,316.0,2.0,-5.0,0.0,2020-01-14 09:36:45.407161,315.98,316.01,0
2020-01-14 09:36:47,N,AAPL,315.98,2.0,316.01,2.0,0.0,1.0,2020-01-14 09:36:47.588147,316.03,316.06,1
2020-01-14 09:36:48,N,AAPL,316.03,3.0,316.06,2.0,1.0,0.0,2020-01-14 09:36:48.610620,316.01,316.05,0
2020-01-14 09:36:49,N,AAPL,316.01,4.0,316.05,1.0,1.0,-1.0,2020-01-14 09:36:49.208605,316.06,316.11,1
2020-01-14 09:36:50,N,AAPL,316.06,2.0,316.11,4.0,1.0,2.0,2020-01-14 09:36:50.247053,316.02,316.06,0
2020-01-14 09:36:51,N,AAPL,316.02,1.0,316.06,4.0,-1.0,-15.0,2020-01-14 09:36:51.291049,315.96,316.02,0
2020-01-14 09:36:52,N,AAPL,315.96,2.0,316.02,18.0,1.0,14.0,2020-01-14 09:36:52.231811,316.01,316.03,0
2020-01-14 09:36:55,N,AAPL,316.01,2.0,316.03,2.0,0.0,-16.0,2020-01-14 09:36:55.018384,316.02,316.05,0
2020-01-14 09:36:57,N,AAPL,316.02,2.0,316.05,15.0,1.0,14.0,2020-01-14 09:36:57.532860,316.0,316.01,-1
2020-01-14 09:36:58,N,AAPL,316.0,1.0,316.01,4.0,-1.0,-11.0,2020-01-14 09:36:58.945840,316.0,316.01,0
2020-01-14 09:36:59,N,AAPL,316.0,2.0,316.01,4.0,0.0,2.0,2020-01-14 09:36:59.001778,315.99,316.02,0
2020-01-14 09:37:00,N,AAPL,315.99,2.0,316.02,1.0,0.0,0.0,2020-01-14 09:37:00.245056,315.92,315.98,-1
2020-01-14 09:37:01,N,AAPL,315.92,2.0,315.98,1.0,-2.0,-1.0,2020-01-14 09:37:01.275568,315.92,315.96,0
2020-01-14 09:37:02,N,AAPL,315.92,2.0,315.96,2.0,0.0,1.0,2020-01-14 09:37:02.928834,315.94,315.98,0
2020-01-14 09:37:03,N,AAPL,315.94,1.0,315.98,3.0,-1.0,1.0,2020-01-14 09:37:03.510456,315.99,316.04,1
2020-01-14 09:37:04,N,AAPL,315.99,4.0,316.04,2.0,2.0,-3.0,2020-01-14 09:37:04.470924,316.08,316.11,1
2020-01-14 09:37:05,N,AAPL,316.08,1.0,316.11,4.0,-2.0,1.0,2020-01-14 09:37:05.119274,316.08,316.12,0
2020-01-14 09:37:06,N,AAPL,316.08,1.0,316.12,3.0,0.0,0.0,2020-01-14 09:37:06.116247,316.1,316.13,0
2020-01-14 09:37:07,N,AAPL,316.1,2.0,316.13,1.0,-1.0,0.0,2020-01-14 09:37:07.186070,316.06,316.1,0
2020-01-14 09:37:08,N,AAPL,316.06,1.0,316.1,4.0,-1.0,3.0,2020-01-14 09:37:08.399063,316.09,316.13,0
2020-01-14 09:37:09,N,AAPL,316.09,2.0,316.13,1.0,1.0,0.0,2020-01-14 09:37:09.302101,316.07,316.12,0
2020-01-14 09:37:10,N,AAPL,316.07,1.0,316.12,4.0,-2.0,-1.0,2020-01-14 09:37:10.604586,316.12,316.15,0
2020-01-14 09:37:11,N,AAPL,316.12,2.0,316.15,1.0,1.0,-1.0,2020-01-14 09:37:11.055640,316.15,316.2,0
2020-01-14 09:37:12,N,AAPL,316.15,2.0,316.2,1.0,-2.0,0.0,2020-01-14 09:37:12.021285,316.28,316.34,1
2020-01-14 09:37:13,N,AAPL,316.28,2.0,316.34,2.0,1.0,1.0,2020-01-14 09:37:13.071352,316.26,316.3,0
2020-01-14 09:37:14,N,AAPL,316.26,2.0,316.3,2.0,0.0,0.0,2020-01-14 09:37:14.208664,316.25,316.29,0
2020-01-14 09:37:15,N,AAPL,316.25,1.0,316.29,2.0,-1.0,0.0,2020-01-14 09:37:15.541040,316.25,316.31,0
2020-01-14 09:37:16,N,AAPL,316.25,1.0,316.31,2.0,0.0,0.0,2020-01-14 09:37:16.028835,316.27,316.31,0
2020-01-14 09:37:17,N,AAPL,316.27,1.0,316.31,2.0,0.0,1.0,2020-01-14 09:37:17.193243,316.28,316.32,0
2020-01-14 09:37:22,N,AAPL,316.28,1.0,316.32,1.0,0.0,-1.0,2020-01-14 09:37:22.272973,316.26,316.29,0
2020-01-14 09:37:23,N,AAPL,316.26,1.0,316.29,1.0,0.0,-1.0,2020-01-14 09:37:23.517835,316.31,316.34,1
2020-01-14 09:37:24,N,AAPL,316.31,2.0,316.34,1.0,1.0,-1.0,2020-01-14 09:37:24.018509,316.29,316.33,0
2020-01-14 09:37:25,N,AAPL,316.29,2.0,316.33,1.0,0.0,0.0,2020-01-14 09:37:25.054831,316.37,316.4,1
2020-01-14 09:37:26,N,AAPL,316.37,2.0,316.4,4.0,0.0,-1.0,2020-01-14 09:37:26.123356,316.32,316.35,-1
2020-01-14 09:37:27,N,AAPL,316.32,1.0,316.35,2.0,0.0,1.0,2020-01-14 09:37:27.286577,316.33,316.37,0
2020-01-14 09:37:28,N,AAPL,316.33,1.0,316.37,2.0,-1.0,1.0,2020-01-14 09:37:28.493171,316.33,316.37,0
2020-01-14 09:37:29,N,AAPL,316.33,1.0,316.37,2.0,0.0,1.0,2020-01-14 09:37:29.135821,316.34,316.39,0
2020-01-14 09:37:30,N,AAPL,316.34,2.0,316.39,2.0,1.0,-3.0,2020-01-14 09:37:30.322535,316.37,316.39,0
2020-01-14 09:37:31,N,AAPL,316.37,1.0,316.39,2.0,-1.0,0.0,2020-01-14 09:37:31.850644,316.34,316.39,0
2020-01-14 09:37:32,N,AAPL,316.34,1.0,316.39,2.0,0.0,0.0,2020-01-14 09:37:32.047262,316.35,316.4,0
2020-01-14 09:37:33,N,AAPL,316.35,5.0,316.4,4.0,4.0,3.0,2020-01-14 09:37:33.370576,316.35,316.38,0
2020-01-14 09:37:34,N,AAPL,316.35,1.0,316.38,1.0,-1.0,-3.0,2020-01-14 09:37:34.021301,316.36,316.39,0
2020-01-14 09:37:36,N,AAPL,316.36,1.0,316.39,2.0,-1.0,-1.0,2020-01-14 09:37:36.353560,316.35,316.38,0
2020-01-14 09:37:37,N,AAPL,316.35,1.0,316.38,4.0,0.0,2.0,2020-01-14 09:37:37.420966,316.34,316.35,0
2020-01-14 09:37:38,N,AAPL,316.34,1.0,316.35,2.0,0.0,-2.0,2020-01-14 09:37:38.228867,316.37,316.4,1
2020-01-14 09:37:39,N,AAPL,316.37,1.0,316.4,3.0,-1.0,1.0,2020-01-14 09:37:39.872288,316.41,316.43,1
2020-01-14 09:37:40,N,AAPL,316.41,1.0,316.43,2.0,0.0,-1.0,2020-01-14 09:37:40.602217,316.5,316.52,1
2020-01-14 09:37:41,N,AAPL,316.5,1.0,316.52,5.0,-1.0,3.0,2020-01-14 09:37:41.032400,316.48,316.51,0
2020-01-14 09:37:42,N,AAPL,316.48,3.0,316.51,2.0,2.0,-3.0,2020-01-14 09:37:42.148535,316.49,316.54,0
2020-01-14 09:37:43,N,AAPL,316.49,2.0,316.54,2.0,1.0,0.0,2020-01-14 09:37:43.033970,316.45,316.49,0
2020-01-14 09:37:44,N,AAPL,316.45,2.0,316.49,2.0,0.0,0.0,2020-01-14 09:37:44.742353,316.44,316.49,0
2020-01-14 09:37:45,N,AAPL,316.44,2.0,316.49,4.0,0.0,2.0,2020-01-14 09:37:45.489042,316.47,316.5,0
2020-01-14 09:37:46,N,AAPL,316.47,4.0,316.5,2.0,2.0,1.0,2020-01-14 09:37:46.036261,316.49,316.53,0
2020-01-14 09:37:47,N,AAPL,316.49,5.0,316.53,4.0,1.0,2.0,2020-01-14 09:37:47.489996,316.48,316.51,0
2020-01-14 09:37:48,N,AAPL,316.48,1.0,316.51,2.0,0.0,1.0,2020-01-14 09:37:48.246822,316.54,316.58,1
2020-01-14 09:37:49,N,AAPL,316.54,1.0,316.58,4.0,0.0,3.0,2020-01-14 09:37:49.582152,316.53,316.57,0
2020-01-14 09:37:51,N,AAPL,316.53,1.0,316.57,4.0,0.0,0.0,2020-01-14 09:37:51.051566,316.47,316.5,-1
2020-01-14 09:37:55,N,AAPL,316.47,7.0,316.5,17.0,2.0,16.0,2020-01-14 09:37:55.172783,316.44,316.47,0
2020-01-14 09:37:57,N,AAPL,316.44,2.0,316.47,4.0,-5.0,-13.0,2020-01-14 09:37:57.530730,316.47,316.5,0
2020-01-14 09:37:58,N,AAPL,316.47,4.0,316.5,1.0,2.0,-2.0,2020-01-14 09:37:58.365494,316.5,316.51,0
2020-01-14 09:37:59,N,AAPL,316.5,3.0,316.51,3.0,1.0,2.0,2020-01-14 09:37:59.792138,316.49,316.51,0
2020-01-14 09:38:02,N,AAPL,316.49,2.0,316.51,4.0,-1.0,3.0,2020-01-14 09:38:02.312207,316.54,316.58,1
2020-01-14 09:38:03,N,AAPL,316.54,2.0,316.58,2.0,1.0,1.0,2020-01-14 09:38:03.188011,316.64,316.69,1
2020-01-14 09:38:04,N,AAPL,316.64,2.0,316.69,1.0,0.0,0.0,2020-01-14 09:38:04.834713,316.63,316.67,0
2020-01-14 09:38:05,N,AAPL,316.63,1.0,316.67,5.0,0.0,1.0,2020-01-14 09:38:05.003388,316.67,316.71,0
2020-01-14 09:38:06,N,AAPL,316.67,1.0,316.71,2.0,0.0,1.0,2020-01-14 09:38:06.071811,316.65,316.7,0
2020-01-14 09:38:07,N,AAPL,316.65,1.0,316.7,1.0,0.0,-1.0,2020-01-14 09:38:07.475341,316.62,316.67,0
2020-01-14 09:38:08,N,AAPL,316.62,4.0,316.67,2.0,3.0,1.0,2020-01-14 09:38:08.172115,316.62,316.66,0
2020-01-14 09:38:09,N,AAPL,316.62,2.0,316.66,1.0,-2.0,-1.0,2020-01-14 09:38:09.473302,316.65,316.71,0
2020-01-14 09:38:11,N,AAPL,316.65,2.0,316.71,2.0,-1.0,1.0,2020-01-14 09:38:11.289546,316.65,316.7,0
2020-01-14 09:38:12,N,AAPL,316.65,3.0,316.7,1.0,0.0,-1.0,2020-01-14 09:38:12.756156,316.7,316.73,0
2020-01-14 09:38:13,N,AAPL,316.7,2.0,316.73,1.0,1.0,-1.0,2020-01-14 09:38:13.415699,316.76,316.78,1
2020-01-14 09:38:14,N,AAPL,316.76,1.0,316.78,1.0,-2.0,0.0,2020-01-14 09:38:14.078758,316.83,316.86,1
2020-01-14 09:38:15,N,AAPL,316.83,4.0,316.86,1.0,3.0,-2.0,2020-01-14 09:38:15.062555,316.85,316.89,0
2020-01-14 09:38:17,N,AAPL,316.85,2.0,316.89,2.0,0.0,0.0,2020-01-14 09:38:17.716092,316.84,316.88,0
2020-01-14 09:38:18,N,AAPL,316.84,2.0,316.88,5.0,0.0,3.0,2020-01-14 09:38:18.078501,316.83,316.86,0
2020-01-14 09:38:19,N,AAPL,316.83,2.0,316.86,1.0,-1.0,-1.0,2020-01-14 09:38:19.071668,316.82,316.85,0
2020-01-14 09:38:20,N,AAPL,316.82,2.0,316.85,2.0,0.0,0.0,2020-01-14 09:38:20.472528,316.88,316.9,1
2020-01-14 09:38:23,N,AAPL,316.88,2.0,316.9,2.0,0.0,0.0,2020-01-14 09:38:23.565035,316.85,316.89,0
2020-01-14 09:38:24,N,AAPL,316.85,2.0,316.89,2.0,0.0,0.0,2020-01-14 09:38:24.805916,316.84,316.89,0
2020-01-14 09:38:25,N,AAPL,316.84,3.0,316.89,1.0,1.0,-2.0,2020-01-14 09:38:25.190371,316.84,316.88,0
2020-01-14 09:38:26,N,AAPL,316.84,2.0,316.88,4.0,0.0,3.0,2020-01-14 09:38:26.143395,316.83,316.86,0
2020-01-14 09:38:27,N,AAPL,316.83,1.0,316.86,4.0,-2.0,2.0,2020-01-14 09:38:27.620959,316.81,316.85,0
2020-01-14 09:38:28,N,AAPL,316.81,3.0,316.85,2.0,0.0,0.0,2020-01-14 09:38:28.798610,316.77,316.81,0
2020-01-14 09:38:29,N,AAPL,316.77,1.0,316.81,3.0,0.0,2.0,2020-01-14 09:38:29.406033,316.77,316.82,0
2020-01-14 09:38:30,N,AAPL,316.77,3.0,316.82,1.0,2.0,-2.0,2020-01-14 09:38:30.135666,316.78,316.82,0
2020-01-14 09:38:31,N,AAPL,316.78,2.0,316.82,1.0,1.0,-1.0,2020-01-14 09:38:31.017880,316.78,316.83,0
2020-01-14 09:38:32,N,AAPL,316.78,2.0,316.83,4.0,0.0,3.0,2020-01-14 09:38:32.036880,316.77,316.81,0
2020-01-14 09:38:33,N,AAPL,316.77,2.0,316.81,1.0,0.0,-3.0,2020-01-14 09:38:33.081595,316.71,316.76,-1
2020-01-14 09:38:34,N,AAPL,316.71,1.0,316.76,3.0,-1.0,1.0,2020-01-14 09:38:34.368335,316.78,316.8,1
2020-01-14 09:38:35,N,AAPL,316.78,4.0,316.8,5.0,2.0,3.0,2020-01-14 09:38:35.214903,316.75,316.79,0
2020-01-14 09:38:36,N,AAPL,316.75,2.0,316.79,2.0,-2.0,1.0,2020-01-14 09:38:36.128263,316.72,316.79,0
2020-01-14 09:38:37,N,AAPL,316.72,2.0,316.79,2.0,0.0,0.0,2020-01-14 09:38:37.179329,316.74,316.79,0
2020-01-14 09:38:38,N,AAPL,316.74,2.0,316.79,1.0,0.0,-1.0,2020-01-14 09:38:38.111298,316.71,316.76,0
2020-01-14 09:38:39,N,AAPL,316.71,1.0,316.76,4.0,-3.0,3.0,2020-01-14 09:38:39.126829,316.7,316.72,0
2020-01-14 09:38:40,N,AAPL,316.7,1.0,316.72,2.0,0.0,0.0,2020-01-14 09:38:40.261128,316.72,316.75,0
2020-01-14 09:38:42,N,AAPL,316.72,1.0,316.75,2.0,0.0,0.0,2020-01-14 09:38:42.232168,316.74,316.77,0
2020-01-14 09:38:43,N,AAPL,316.74,5.0,316.77,3.0,3.0,2.0,2020-01-14 09:38:43.384171,316.83,316.86,1
2020-01-14 09:38:44,N,AAPL,316.83,2.0,316.86,1.0,0.0,0.0,2020-01-14 09:38:44.372596,316.87,316.9,1
2020-01-14 09:38:45,N,AAPL,316.87,2.0,316.9,2.0,0.0,0.0,2020-01-14 09:38:45.292686,316.86,316.91,0
2020-01-14 09:38:46,N,AAPL,316.86,2.0,316.91,2.0,0.0,-3.0,2020-01-14 09:38:46.006223,316.87,316.91,0
2020-01-14 09:38:47,N,AAPL,316.87,1.0,316.91,3.0,-1.0,1.0,2020-01-14 09:38:47.662479,316.89,316.91,0
2020-01-14 09:38:51,N,AAPL,316.89,2.0,316.91,2.0,1.0,-1.0,2020-01-14 09:38:51.077860,316.84,316.86,-1
2020-01-14 09:38:52,N,AAPL,316.84,1.0,316.86,2.0,-1.0,0.0,2020-01-14 09:38:52.210125,316.86,316.91,0
2020-01-14 09:38:54,N,AAPL,316.86,4.0,316.91,4.0,3.0,1.0,2020-01-14 09:38:54.290292,316.87,316.9,0
2020-01-14 09:38:55,N,AAPL,316.87,2.0,316.9,2.0,0.0,0.0,2020-01-14 09:38:55.702199,316.85,316.88,0
2020-01-14 09:38:56,N,AAPL,316.85,2.0,316.88,2.0,-1.0,1.0,2020-01-14 09:38:56.320247,316.8,316.84,-1
2020-01-14 09:38:57,N,AAPL,316.8,4.0,316.84,1.0,2.0,0.0,2020-01-14 09:38:57.455637,316.78,316.79,-1
2020-01-14 09:38:58,N,AAPL,316.78,2.0,316.79,1.0,1.0,0.0,2020-01-14 09:38:58.386756,316.78,316.84,0
2020-01-14 09:38:59,N,AAPL,316.78,4.0,316.84,4.0,3.0,1.0,2020-01-14 09:38:59.003113,316.78,316.84,0
2020-01-14 09:39:00,N,AAPL,316.78,4.0,316.84,3.0,0.0,1.0,2020-01-14 09:39:00.000348,316.79,316.82,0
2020-01-14 09:39:01,N,AAPL,316.79,1.0,316.82,1.0,-1.0,-3.0,2020-01-14 09:39:01.469116,316.81,316.85,0
2020-01-14 09:39:03,N,AAPL,316.81,2.0,316.85,2.0,0.0,0.0,2020-01-14 09:39:03.582164,316.89,316.93,1
2020-01-14 09:39:05,N,AAPL,316.89,4.0,316.93,2.0,0.0,0.0,2020-01-14 09:39:05.177886,316.92,316.94,0
2020-01-14 09:39:06,N,AAPL,316.92,2.0,316.94,1.0,1.0,0.0,2020-01-14 09:39:06.384723,316.93,316.96,0
2020-01-14 09:39:07,N,AAPL,316.93,1.0,316.96,2.0,-1.0,1.0,2020-01-14 09:39:07.011402,316.96,316.99,0
2020-01-14 09:39:08,N,AAPL,316.96,2.0,316.99,2.0,1.0,-4.0,2020-01-14 09:39:08.302930,316.96,316.99,0
2020-01-14 09:39:09,N,AAPL,316.96,1.0,316.99,1.0,-1.0,0.0,2020-01-14 09:39:09.572521,316.97,316.99,0
2020-01-14 09:39:10,N,AAPL,316.97,1.0,316.99,1.0,0.0,-21.0,2020-01-14 09:39:10.021665,317.04,317.08,1
2020-01-14 09:39:11,N,AAPL,317.04,1.0,317.08,2.0,-5.0,0.0,2020-01-14 09:39:11.335422,317.03,317.08,0
2020-01-14 09:39:12,N,AAPL,317.03,1.0,317.08,1.0,0.0,0.0,2020-01-14 09:39:12.167064,317.09,317.1,1
2020-01-14 09:39:13,N,AAPL,317.09,1.0,317.1,20.0,0.0,19.0,2020-01-14 09:39:13.258112,317.02,317.04,-1
2020-01-14 09:39:14,N,AAPL,317.02,2.0,317.04,2.0,0.0,1.0,2020-01-14 09:39:14.088965,316.93,316.95,-1
2020-01-14 09:39:15,N,AAPL,316.93,1.0,316.95,2.0,-2.0,0.0,2020-01-14 09:39:15.001915,317.0,317.03,1
2020-01-14 09:39:16,N,AAPL,317.0,3.0,317.03,3.0,2.0,1.0,2020-01-14 09:39:16.460355,317.01,317.05,0
2020-01-14 09:39:17,N,AAPL,317.01,4.0,317.05,1.0,3.0,0.0,2020-01-14 09:39:17.080130,317.02,317.06,0
2020-01-14 09:39:18,N,AAPL,317.02,2.0,317.06,8.0,1.0,0.0,2020-01-14 09:39:18.139401,317.03,317.06,0
2020-01-14 09:39:19,N,AAPL,317.03,1.0,317.06,10.0,-1.0,-1.0,2020-01-14 09:39:19.283161,317.05,317.08,0
2020-01-14 09:39:20,N,AAPL,317.05,2.0,317.08,2.0,0.0,-2.0,2020-01-14 09:39:20.063672,317.02,317.04,-1
2020-01-14 09:39:21,N,AAPL,317.02,3.0,317.04,1.0,1.0,0.0,2020-01-14 09:39:21.734991,317.02,317.06,0
2020-01-14 09:39:23,N,AAPL,317.02,1.0,317.06,1.0,-2.0,0.0,2020-01-14 09:39:23.865307,317.05,317.09,0
2020-01-14 09:39:24,N,AAPL,317.05,3.0,317.09,1.0,2.0,0.0,2020-01-14 09:39:24.708161,317.07,317.1,0
2020-01-14 09:39:25,N,AAPL,317.07,2.0,317.1,33.0,1.0,32.0,2020-01-14 09:39:25.028826,317.06,317.1,0
2020-01-14 09:39:26,N,AAPL,317.06,1.0,317.1,33.0,0.0,0.0,2020-01-14 09:39:26.087887,317.04,317.08,0
2020-01-14 09:39:27,N,AAPL,317.04,1.0,317.08,1.0,0.0,-3.0,2020-01-14 09:39:27.012992,317.04,317.09,0
2020-01-14 09:39:28,N,AAPL,317.04,1.0,317.09,4.0,0.0,1.0,2020-01-14 09:39:28.203908,317.06,317.09,0
2020-01-14 09:39:29,N,AAPL,317.06,1.0,317.09,5.0,0.0,4.0,2020-01-14 09:39:29.494493,317.09,317.11,0
2020-01-14 09:39:32,N,AAPL,317.09,2.0,317.11,2.0,-1.0,-31.0,2020-01-14 09:39:32.791623,317.2,317.22,1
2020-01-14 09:39:33,N,AAPL,317.2,1.0,317.22,2.0,0.0,-6.0,2020-01-14 09:39:33.036787,317.13,317.16,-1
2020-01-14 09:39:34,N,AAPL,317.13,1.0,317.16,2.0,0.0,0.0,2020-01-14 09:39:34.064890,317.13,317.16,0
2020-01-14 09:39:36,N,AAPL,317.13,4.0,317.16,2.0,2.0,0.0,2020-01-14 09:39:36.095910,317.19,317.21,1
2020-01-14 09:39:41,N,AAPL,317.19,2.0,317.21,2.0,0.0,-1.0,2020-01-14 09:39:41.539836,317.09,317.12,-1
2020-01-14 09:39:42,N,AAPL,317.09,1.0,317.12,2.0,-1.0,0.0,2020-01-14 09:39:42.059624,317.13,317.18,1
2020-01-14 09:39:43,N,AAPL,317.13,1.0,317.18,15.0,0.0,13.0,2020-01-14 09:39:43.126196,317.13,317.16,0
2020-01-14 09:39:44,N,AAPL,317.13,2.0,317.16,1.0,-1.0,-2.0,2020-01-14 09:39:44.107767,317.13,317.17,0
2020-01-14 09:39:45,N,AAPL,317.13,4.0,317.17,1.0,1.0,-1.0,2020-01-14 09:39:45.140084,317.11,317.13,0
2020-01-14 09:39:46,N,AAPL,317.11,2.0,317.13,1.0,-3.0,0.0,2020-01-14 09:39:46.356976,317.1,317.16,0
2020-01-14 09:39:47,N,AAPL,317.1,2.0,317.16,2.0,0.0,1.0,2020-01-14 09:39:47.130071,317.09,317.11,0
2020-01-14 09:39:48,N,AAPL,317.09,1.0,317.11,3.0,0.0,-2.0,2020-01-14 09:39:48.079661,317.08,317.13,0
2020-01-14 09:39:49,N,AAPL,317.08,2.0,317.13,3.0,0.0,0.0,2020-01-14 09:39:49.032593,317.01,317.04,-1
2020-01-14 09:39:50,N,AAPL,317.01,3.0,317.04,3.0,2.0,2.0,2020-01-14 09:39:50.046969,317.02,317.05,0
2020-01-14 09:39:51,N,AAPL,317.02,2.0,317.05,1.0,0.0,-1.0,2020-01-14 09:39:51.730554,317.01,317.04,0
2020-01-14 09:39:52,N,AAPL,317.01,4.0,317.04,2.0,2.0,1.0,2020-01-14 09:39:52.582108,317.01,317.06,0
2020-01-14 09:39:53,N,AAPL,317.01,2.0,317.06,4.0,-2.0,3.0,2020-01-14 09:39:53.186618,316.89,316.9,-1
2020-01-14 09:39:54,N,AAPL,316.89,2.0,316.9,1.0,-2.0,0.0,2020-01-14 09:39:54.167106,316.83,316.87,-1
2020-01-14 09:39:55,N,AAPL,316.83,2.0,316.87,1.0,0.0,0.0,2020-01-14 09:39:55.119169,316.79,316.84,0
2020-01-14 09:39:56,N,AAPL,316.79,3.0,316.84,1.0,1.0,-1.0,2020-01-14 09:39:56.016356,316.86,316.91,1
2020-01-14 09:39:57,N,AAPL,316.86,2.0,316.91,2.0,-1.0,-2.0,2020-01-14 09:39:57.231012,316.81,316.86,0
2020-01-14 09:39:58,N,AAPL,316.81,3.0,316.86,3.0,1.0,1.0,2020-01-14 09:39:58.188534,316.83,316.88,0
2020-01-14 09:39:59,N,AAPL,316.83,2.0,316.88,2.0,1.0,1.0,2020-01-14 09:39:59.206505,316.84,316.88,0
2020-01-14 09:40:00,N,AAPL,316.84,1.0,316.88,2.0,-3.0,0.0,2020-01-14 09:40:00.019553,316.86,316.91,0
2020-01-14 09:40:01,N,AAPL,316.86,3.0,316.91,1.0,1.0,0.0,2020-01-14 09:40:01.132799,316.96,316.98,1
2020-01-14 09:40:02,N,AAPL,316.96,1.0,316.98,4.0,-5.0,2.0,2020-01-14 09:40:02.954165,316.96,317.01,0
2020-01-14 09:40:03,N,AAPL,316.96,4.0,317.01,1.0,-4.0,-3.0,2020-01-14 09:40:03.043843,317.05,317.08,1
2020-01-14 09:40:04,N,AAPL,317.05,6.0,317.08,2.0,-2.0,1.0,2020-01-14 09:40:04.429202,317.12,317.15,1
2020-01-14 09:40:06,N,AAPL,317.12,7.0,317.15,2.0,4.0,1.0,2020-01-14 09:40:06.116555,317.09,317.13,0
2020-01-14 09:40:07,N,AAPL,317.09,3.0,317.13,2.0,2.0,-1.0,2020-01-14 09:40:07.026055,317.06,317.09,0
2020-01-14 09:40:08,N,AAPL,317.06,1.0,317.09,2.0,0.0,1.0,2020-01-14 09:40:08.208673,317.07,317.1,0
2020-01-14 09:40:09,N,AAPL,317.07,2.0,317.1,1.0,1.0,-1.0,2020-01-14 09:40:09.793133,317.04,317.08,0
2020-01-14 09:40:10,N,AAPL,317.04,1.0,317.08,2.0,-1.0,-2.0,2020-01-14 09:40:10.476024,316.98,317.02,-1
2020-01-14 09:40:11,N,AAPL,316.98,1.0,317.02,2.0,-1.0,-1.0,2020-01-14 09:40:11.158189,316.94,316.98,0
2020-01-14 09:40:12,N,AAPL,316.94,2.0,316.98,2.0,1.0,0.0,2020-01-14 09:40:12.213538,316.99,317.04,1
2020-01-14 09:40:13,N,AAPL,316.99,1.0,317.04,2.0,-1.0,0.0,2020-01-14 09:40:13.104920,317.0,317.05,0
2020-01-14 09:40:14,N,AAPL,317.0,1.0,317.05,2.0,0.0,0.0,2020-01-14 09:40:14.162712,317.01,317.05,0
2020-01-14 09:40:15,N,AAPL,317.01,4.0,317.05,1.0,2.0,-1.0,2020-01-14 09:40:15.340550,317.02,317.05,0
2020-01-14 09:40:16,N,AAPL,317.02,1.0,317.05,2.0,0.0,1.0,2020-01-14 09:40:16.544008,316.96,317.01,-1
2020-01-14 09:40:17,N,AAPL,316.96,2.0,317.01,2.0,1.0,1.0,2020-01-14 09:40:17.115715,316.92,316.97,0
2020-01-14 09:40:18,N,AAPL,316.92,2.0,316.97,2.0,1.0,0.0,2020-01-14 09:40:18.191382,316.95,316.99,0
2020-01-14 09:40:19,N,AAPL,316.95,1.0,316.99,2.0,-1.0,0.0,2020-01-14 09:40:19.169210,316.95,316.99,0
2020-01-14 09:40:20,N,AAPL,316.95,1.0,316.99,1.0,0.0,0.0,2020-01-14 09:40:20.327116,316.97,317.01,0
2020-01-14 09:40:21,N,AAPL,316.97,1.0,317.01,1.0,0.0,-6.0,2020-01-14 09:40:21.353548,316.98,316.99,0
2020-01-14 09:40:22,N,AAPL,316.98,4.0,316.99,2.0,3.0,0.0,2020-01-14 09:40:22.287606,316.94,316.98,0
2020-01-14 09:40:23,N,AAPL,316.94,2.0,316.98,2.0,0.0,-1.0,2020-01-14 09:40:23.017566,316.95,316.98,0
2020-01-14 09:40:24,N,AAPL,316.95,1.0,316.98,2.0,-1.0,-4.0,2020-01-14 09:40:24.069097,316.86,316.91,-1
2020-01-14 09:40:25,N,AAPL,316.86,3.0,316.91,1.0,2.0,-3.0,2020-01-14 09:40:25.005593,316.92,316.98,1
2020-01-14 09:40:26,N,AAPL,316.92,2.0,316.98,2.0,-3.0,1.0,2020-01-14 09:40:26.101620,316.95,316.98,0
2020-01-14 09:40:27,N,AAPL,316.95,2.0,316.98,1.0,1.0,-1.0,2020-01-14 09:40:27.312313,316.93,316.99,0
2020-01-14 09:40:28,N,AAPL,316.93,2.0,316.99,2.0,-1.0,-4.0,2020-01-14 09:40:28.373233,316.91,316.95,0
2020-01-14 09:40:29,N,AAPL,316.91,2.0,316.95,3.0,0.0,1.0,2020-01-14 09:40:29.327254,316.87,316.91,0
2020-01-14 09:40:30,N,AAPL,316.87,5.0,316.91,2.0,3.0,0.0,2020-01-14 09:40:30.804951,316.85,316.91,0
2020-01-14 09:40:31,N,AAPL,316.85,45.0,316.91,2.0,43.0,0.0,2020-01-14 09:40:31.337699,316.86,316.89,0
2020-01-14 09:40:32,N,AAPL,316.86,4.0,316.89,5.0,-33.0,3.0,2020-01-14 09:40:32.697142,316.87,316.89,0
2020-01-14 09:40:33,N,AAPL,316.87,1.0,316.89,5.0,0.0,0.0,2020-01-14 09:40:33.483804,316.85,316.87,0
2020-01-14 09:40:34,N,AAPL,316.85,36.0,316.87,1.0,35.0,-4.0,2020-01-14 09:40:34.118337,316.78,316.81,-1
2020-01-14 09:40:35,N,AAPL,316.78,2.0,316.81,1.0,-1.0,-1.0,2020-01-14 09:40:35.335598,316.72,316.75,-1
2020-01-14 09:40:36,N,AAPL,316.72,1.0,316.75,2.0,-1.0,1.0,2020-01-14 09:40:36.091128,316.66,316.71,-1
2020-01-14 09:40:37,N,AAPL,316.66,2.0,316.71,1.0,0.0,-1.0,2020-01-14 09:40:37.047390,316.6,316.64,-1
2020-01-14 09:40:38,N,AAPL,316.6,1.0,316.64,3.0,-1.0,1.0,2020-01-14 09:40:38.023217,316.61,316.67,0
2020-01-14 09:40:39,N,AAPL,316.61,3.0,316.67,2.0,2.0,0.0,2020-01-14 09:40:39.496854,316.6,316.65,0
2020-01-14 09:40:40,N,AAPL,316.6,2.0,316.65,4.0,0.0,2.0,2020-01-14 09:40:40.010227,316.62,316.67,0
2020-01-14 09:40:42,N,AAPL,316.62,1.0,316.67,2.0,-1.0,-2.0,2020-01-14 09:40:42.399521,316.62,316.67,0
2020-01-14 09:40:43,N,AAPL,316.62,2.0,316.67,1.0,1.0,-1.0,2020-01-14 09:40:43.185225,316.57,316.63,0
2020-01-14 09:40:44,N,AAPL,316.57,13.0,316.63,1.0,11.0,0.0,2020-01-14 09:40:44.104668,316.57,316.62,0
2020-01-14 09:40:45,N,AAPL,316.57,12.0,316.62,4.0,-1.0,3.0,2020-01-14 09:40:45.134957,316.64,316.69,1
2020-01-14 09:40:46,N,AAPL,316.64,1.0,316.69,2.0,0.0,0.0,2020-01-14 09:40:46.116112,316.65,316.69,0
2020-01-14 09:40:47,N,AAPL,316.65,2.0,316.69,2.0,1.0,1.0,2020-01-14 09:40:47.126846,316.66,316.69,0
2020-01-14 09:40:48,N,AAPL,316.66,3.0,316.69,4.0,0.0,2.0,2020-01-14 09:40:48.609946,316.65,316.69,0
2020-01-14 09:40:50,N,AAPL,316.65,2.0,316.69,3.0,0.0,-1.0,2020-01-14 09:40:50.778865,316.64,316.66,0
2020-01-14 09:40:52,N,AAPL,316.64,2.0,316.66,3.0,0.0,0.0,2020-01-14 09:40:52.287839,316.57,316.61,-1
2020-01-14 09:40:53,N,AAPL,316.57,8.0,316.61,4.0,-3.0,2.0,2020-01-14 09:40:53.208366,316.57,316.59,0
2020-01-14 09:40:54,N,AAPL,316.57,2.0,316.59,1.0,-3.0,-1.0,2020-01-14 09:40:54.347580,316.6,316.64,1
2020-01-14 09:40:55,N,AAPL,316.6,2.0,316.64,2.0,1.0,0.0,2020-01-14 09:40:55.161758,316.64,316.68,0
2020-01-14 09:40:56,N,AAPL,316.64,2.0,316.68,1.0,1.0,0.0,2020-01-14 09:40:56.234308,316.62,316.66,0
2020-01-14 09:40:57,N,AAPL,316.62,1.0,316.66,1.0,-1.0,-1.0,2020-01-14 09:40:57.001955,316.6,316.65,0
2020-01-14 09:40:58,N,AAPL,316.6,2.0,316.65,2.0,1.0,0.0,2020-01-14 09:40:58.088928,316.64,316.68,0
2020-01-14 09:40:59,N,AAPL,316.64,2.0,316.68,1.0,0.0,0.0,2020-01-14 09:40:59.392018,316.64,316.69,0
2020-01-14 09:41:00,N,AAPL,316.64,1.0,316.69,2.0,0.0,0.0,2020-01-14 09:41:00.177709,316.73,316.77,1
2020-01-14 09:41:01,N,AAPL,316.73,1.0,316.77,3.0,-1.0,2.0,2020-01-14 09:41:01.025875,316.76,316.8,0
2020-01-14 09:41:02,N,AAPL,316.76,1.0,316.8,1.0,0.0,-1.0,2020-01-14 09:41:02.199232,316.76,316.8,0
2020-01-14 09:41:03,N,AAPL,316.76,1.0,316.8,2.0,0.0,1.0,2020-01-14 09:41:03.056471,316.76,316.79,0
2020-01-14 09:41:04,N,AAPL,316.76,1.0,316.79,2.0,0.0,1.0,2020-01-14 09:41:04.020341,316.71,316.73,-1
2020-01-14 09:41:05,N,AAPL,316.71,2.0,316.73,2.0,-18.0,-3.0,2020-01-14 09:41:05.230627,316.61,316.65,-1
2020-01-14 09:41:06,N,AAPL,316.61,1.0,316.65,2.0,-2.0,0.0,2020-01-14 09:41:06.208242,316.57,316.62,0
2020-01-14 09:41:07,N,AAPL,316.57,2.0,316.62,1.0,1.0,0.0,2020-01-14 09:41:07.127971,316.55,316.59,0
2020-01-14 09:41:08,N,AAPL,316.55,2.0,316.59,3.0,1.0,1.0,2020-01-14 09:41:08.014566,316.55,316.59,0
2020-01-14 09:41:09,N,AAPL,316.55,1.0,316.59,1.0,0.0,-2.0,2020-01-14 09:41:09.016916,316.54,316.57,0
2020-01-14 09:41:10,N,AAPL,316.54,2.0,316.57,2.0,-1.0,0.0,2020-01-14 09:41:10.012929,316.53,316.58,0
2020-01-14 09:41:11,N,AAPL,316.53,2.0,316.58,4.0,-1.0,3.0,2020-01-14 09:41:11.627032,316.53,316.57,0
2020-01-14 09:41:12,N,AAPL,316.53,2.0,316.57,2.0,0.0,0.0,2020-01-14 09:41:12.053923,316.51,316.55,0
2020-01-14 09:41:13,N,AAPL,316.51,1.0,316.55,3.0,-2.0,1.0,2020-01-14 09:41:13.295842,316.46,316.5,-1
2020-01-14 09:41:14,N,AAPL,316.46,2.0,316.5,2.0,0.0,0.0,2020-01-14 09:41:14.423416,316.46,316.5,0
2020-01-14 09:41:15,N,AAPL,316.46,2.0,316.5,4.0,0.0,-1.0,2020-01-14 09:41:15.320549,316.5,316.54,0
2020-01-14 09:41:16,N,AAPL,316.5,3.0,316.54,1.0,0.0,0.0,2020-01-14 09:41:16.321367,316.55,316.57,1
2020-01-14 09:41:17,N,AAPL,316.55,2.0,316.57,1.0,1.0,0.0,2020-01-14 09:41:17.018194,316.59,316.61,1
2020-01-14 09:41:18,N,AAPL,316.59,3.0,316.61,2.0,1.0,0.0,2020-01-14 09:41:18.149072,316.62,316.64,1
2020-01-14 09:41:19,N,AAPL,316.62,1.0,316.64,2.0,-2.0,-1.0,2020-01-14 09:41:19.642731,316.62,316.65,0
2020-01-14 09:41:20,N,AAPL,316.62,1.0,316.65,1.0,0.0,-1.0,2020-01-14 09:41:20.157742,316.49,316.53,-1
2020-01-14 09:41:21,N,AAPL,316.49,2.0,316.53,3.0,1.0,1.0,2020-01-14 09:41:21.636389,316.46,316.5,0
2020-01-14 09:41:22,N,AAPL,316.46,1.0,316.5,1.0,-1.0,0.0,2020-01-14 09:41:22.245731,316.52,316.56,1
2020-01-14 09:41:23,N,AAPL,316.52,3.0,316.56,1.0,-1.0,-1.0,2020-01-14 09:41:23.255303,316.54,316.58,0
2020-01-14 09:41:24,N,AAPL,316.54,1.0,316.58,2.0,-2.0,1.0,2020-01-14 09:41:24.309162,316.55,316.59,0
2020-01-14 09:41:25,N,AAPL,316.55,4.0,316.59,5.0,3.0,3.0,2020-01-14 09:41:25.981076,316.54,316.58,0
2020-01-14 09:41:26,N,AAPL,316.54,2.0,316.58,2.0,-3.0,-3.0,2020-01-14 09:41:26.177220,316.47,316.51,-1
2020-01-14 09:41:30,N,AAPL,316.47,2.0,316.51,1.0,0.0,-1.0,2020-01-14 09:41:30.187969,316.51,316.54,0
2020-01-14 09:41:31,N,AAPL,316.51,3.0,316.54,1.0,1.0,0.0,2020-01-14 09:41:31.993768,316.54,316.58,0
2020-01-14 09:41:32,N,AAPL,316.54,2.0,316.58,4.0,-1.0,3.0,2020-01-14 09:41:32.256784,316.57,316.59,0
2020-01-14 09:41:33,N,AAPL,316.57,4.0,316.59,4.0,3.0,-1.0,2020-01-14 09:41:33.274290,316.53,316.57,0
2020-01-14 09:41:35,N,AAPL,316.53,3.0,316.57,2.0,2.0,0.0,2020-01-14 09:41:35.120505,316.55,316.59,0
2020-01-14 09:41:36,N,AAPL,316.55,2.0,316.59,4.0,-1.0,0.0,2020-01-14 09:41:36.339983,316.55,316.59,0
2020-01-14 09:41:37,N,AAPL,316.55,4.0,316.59,3.0,2.0,0.0,2020-01-14 09:41:37.104890,316.55,316.59,0
2020-01-14 09:41:38,N,AAPL,316.55,1.0,316.59,5.0,0.0,0.0,2020-01-14 09:41:38.300182,316.57,316.59,0
2020-01-14 09:41:39,N,AAPL,316.57,4.0,316.59,3.0,3.0,-2.0,2020-01-14 09:41:39.362432,316.55,316.58,0
2020-01-14 09:41:42,N,AAPL,316.55,3.0,316.58,4.0,2.0,1.0,2020-01-14 09:41:42.031802,316.51,316.52,-1
2020-01-14 09:41:43,N,AAPL,316.51,1.0,316.52,4.0,-3.0,3.0,2020-01-14 09:41:43.688476,316.46,316.5,-1
2020-01-14 09:41:44,N,AAPL,316.46,2.0,316.5,3.0,1.0,-2.0,2020-01-14 09:41:44.070953,316.4,316.44,-1
2020-01-14 09:41:45,N,AAPL,316.4,7.0,316.44,1.0,6.0,-2.0,2020-01-14 09:41:45.063159,316.37,316.41,0
2020-01-14 09:41:46,N,AAPL,316.37,2.0,316.41,3.0,0.0,-3.0,2020-01-14 09:41:46.067884,316.28,316.3,-1
2020-01-14 09:41:47,N,AAPL,316.28,1.0,316.3,1.0,0.0,0.0,2020-01-14 09:41:47.035992,316.33,316.37,1
2020-01-14 09:41:48,N,AAPL,316.33,1.0,316.37,5.0,0.0,4.0,2020-01-14 09:41:48.306192,316.42,316.46,1
2020-01-14 09:41:49,N,AAPL,316.42,2.0,316.46,2.0,0.0,-1.0,2020-01-14 09:41:49.105393,316.44,316.48,0
2020-01-14 09:41:50,N,AAPL,316.44,1.0,316.48,1.0,0.0,0.0,2020-01-14 09:41:50.274308,316.43,316.47,0
2020-01-14 09:41:51,N,AAPL,316.43,2.0,316.47,4.0,1.0,1.0,2020-01-14 09:41:51.422572,316.4,316.45,0
2020-01-14 09:41:52,N,AAPL,316.4,3.0,316.45,4.0,0.0,2.0,2020-01-14 09:41:52.934882,316.4,316.44,0
2020-01-14 09:41:53,N,AAPL,316.4,4.0,316.44,4.0,1.0,0.0,2020-01-14 09:41:53.383488,316.26,316.3,-1
2020-01-14 09:41:54,N,AAPL,316.26,2.0,316.3,4.0,0.0,3.0,2020-01-14 09:41:54.870152,316.26,316.3,0
2020-01-14 09:41:55,N,AAPL,316.26,3.0,316.3,1.0,2.0,-4.0,2020-01-14 09:41:55.011567,316.29,316.33,0
2020-01-14 09:41:56,N,AAPL,316.29,3.0,316.33,2.0,1.0,0.0,2020-01-14 09:41:56.182199,316.32,316.35,0
2020-01-14 09:42:00,N,AAPL,316.32,2.0,316.35,1.0,1.0,-1.0,2020-01-14 09:42:00.270833,316.27,316.31,-1
2020-01-14 09:42:01,N,AAPL,316.27,2.0,316.31,2.0,0.0,-1.0,2020-01-14 09:42:01.010918,316.32,316.34,1
2020-01-14 09:42:02,N,AAPL,316.32,1.0,316.34,2.0,0.0,0.0,2020-01-14 09:42:02.427081,316.28,316.31,-1
2020-01-14 09:42:03,N,AAPL,316.28,2.0,316.31,2.0,-1.0,-1.0,2020-01-14 09:42:03.043650,316.28,316.32,0
2020-01-14 09:42:04,N,AAPL,316.28,2.0,316.32,3.0,0.0,1.0,2020-01-14 09:42:04.056356,316.27,316.32,0
2020-01-14 09:42:05,N,AAPL,316.27,6.0,316.32,1.0,4.0,0.0,2020-01-14 09:42:05.442016,316.21,316.23,-1
2020-01-14 09:42:06,N,AAPL,316.21,1.0,316.23,3.0,-2.0,2.0,2020-01-14 09:42:06.048667,316.15,316.19,-1
2020-01-14 09:42:07,N,AAPL,316.15,3.0,316.19,1.0,2.0,-2.0,2020-01-14 09:42:07.648665,316.19,316.23,0
2020-01-14 09:42:08,N,AAPL,316.19,1.0,316.23,1.0,0.0,-2.0,2020-01-14 09:42:08.035958,316.21,316.26,0
2020-01-14 09:42:10,N,AAPL,316.21,1.0,316.26,3.0,0.0,2.0,2020-01-14 09:42:10.410306,316.19,316.23,0
2020-01-14 09:42:12,N,AAPL,316.19,2.0,316.23,2.0,1.0,-1.0,2020-01-14 09:42:12.122543,316.2,316.23,0
2020-01-14 09:42:13,N,AAPL,316.2,5.0,316.23,4.0,3.0,2.0,2020-01-14 09:42:13.565274,316.13,316.18,-1
2020-01-14 09:42:14,N,AAPL,316.13,2.0,316.18,1.0,0.0,0.0,2020-01-14 09:42:14.092934,316.13,316.17,0
2020-01-14 09:42:15,N,AAPL,316.13,2.0,316.17,1.0,-1.0,-2.0,2020-01-14 09:42:15.387005,316.19,316.23,1
2020-01-14 09:42:16,N,AAPL,316.19,2.0,316.23,1.0,-1.0,-2.0,2020-01-14 09:42:16.080654,316.21,316.23,0
2020-01-14 09:42:17,N,AAPL,316.21,1.0,316.23,1.0,0.0,0.0,2020-01-14 09:42:17.173611,316.23,316.27,0
2020-01-14 09:42:19,N,AAPL,316.23,2.0,316.27,43.0,-1.0,39.0,2020-01-14 09:42:19.122241,316.2,316.24,0
2020-01-14 09:42:20,N,AAPL,316.2,2.0,316.24,2.0,1.0,0.0,2020-01-14 09:42:20.097584,316.27,316.3,1
2020-01-14 09:42:21,N,AAPL,316.27,2.0,316.3,4.0,0.0,-38.0,2020-01-14 09:42:21.865925,316.28,316.32,0
2020-01-14 09:42:22,N,AAPL,316.28,1.0,316.32,2.0,-1.0,1.0,2020-01-14 09:42:22.447172,316.27,316.31,0
2020-01-14 09:42:23,N,AAPL,316.27,1.0,316.31,3.0,0.0,-2.0,2020-01-14 09:42:23.000781,316.23,316.26,-1
2020-01-14 09:42:24,N,AAPL,316.23,4.0,316.26,4.0,0.0,1.0,2020-01-14 09:42:24.284351,316.25,316.29,0
2020-01-14 09:42:25,N,AAPL,316.25,2.0,316.29,2.0,1.0,-1.0,2020-01-14 09:42:25.363614,316.28,316.31,0
2020-01-14 09:42:26,N,AAPL,316.28,1.0,316.31,2.0,0.0,0.0,2020-01-14 09:42:26.119612,316.28,316.32,0
2020-01-14 09:42:27,N,AAPL,316.28,2.0,316.32,3.0,0.0,0.0,2020-01-14 09:42:27.127150,316.29,316.32,0
2020-01-14 09:42:28,N,AAPL,316.29,2.0,316.32,3.0,0.0,0.0,2020-01-14 09:42:28.130550,316.35,316.39,1
2020-01-14 09:42:29,N,AAPL,316.35,2.0,316.39,2.0,1.0,-3.0,2020-01-14 09:42:29.016841,316.39,316.44,0
2020-01-14 09:42:30,N,AAPL,316.39,2.0,316.44,3.0,1.0,0.0,2020-01-14 09:42:30.180833,316.45,316.49,1
2020-01-14 09:42:31,N,AAPL,316.45,1.0,316.49,2.0,0.0,-2.0,2020-01-14 09:42:31.192894,316.43,316.46,0
2020-01-14 09:42:32,N,AAPL,316.43,2.0,316.46,2.0,0.0,-1.0,2020-01-14 09:42:32.263762,316.44,316.48,0
2020-01-14 09:42:33,N,AAPL,316.44,2.0,316.48,2.0,1.0,-1.0,2020-01-14 09:42:33.018401,316.42,316.44,0
2020-01-14 09:42:34,N,AAPL,316.42,2.0,316.44,3.0,1.0,-1.0,2020-01-14 09:42:34.702144,316.38,316.41,-1
2020-01-14 09:42:38,N,AAPL,316.38,2.0,316.41,3.0,0.0,-2.0,2020-01-14 09:42:38.014063,316.35,316.39,0
2020-01-14 09:42:39,N,AAPL,316.35,1.0,316.39,2.0,0.0,1.0,2020-01-14 09:42:39.181911,316.32,316.35,0
2020-01-14 09:42:40,N,AAPL,316.32,1.0,316.35,2.0,0.0,-1.0,2020-01-14 09:42:40.135121,316.28,316.31,-1
2020-01-14 09:42:41,N,AAPL,316.28,1.0,316.31,2.0,-1.0,1.0,2020-01-14 09:42:41.480428,316.25,316.29,0
2020-01-14 09:42:42,N,AAPL,316.25,2.0,316.29,1.0,1.0,-1.0,2020-01-14 09:42:42.130133,316.27,316.29,0
2020-01-14 09:42:43,N,AAPL,316.27,2.0,316.29,2.0,-2.0,-1.0,2020-01-14 09:42:43.446136,316.29,316.32,0
2020-01-14 09:42:44,N,AAPL,316.29,2.0,316.32,1.0,-1.0,-1.0,2020-01-14 09:42:44.145687,316.31,316.34,0
2020-01-14 09:42:45,N,AAPL,316.31,2.0,316.34,2.0,1.0,0.0,2020-01-14 09:42:45.075764,316.32,316.36,0
2020-01-14 09:42:47,N,AAPL,316.32,1.0,316.36,2.0,0.0,1.0,2020-01-14 09:42:47.317011,316.25,316.28,-1
2020-01-14 09:42:48,N,AAPL,316.25,3.0,316.28,2.0,-1.0,-16.0,2020-01-14 09:42:48.017972,316.22,316.26,0
2020-01-14 09:42:49,N,AAPL,316.22,2.0,316.26,2.0,1.0,-2.0,2020-01-14 09:42:49.018237,316.22,316.26,0
2020-01-14 09:42:50,N,AAPL,316.22,3.0,316.26,1.0,1.0,0.0,2020-01-14 09:42:50.334425,316.2,316.24,0
2020-01-14 09:42:51,N,AAPL,316.2,10.0,316.24,4.0,0.0,2.0,2020-01-14 09:42:51.028888,316.2,316.24,0
2020-01-14 09:42:52,N,AAPL,316.2,10.0,316.24,4.0,6.0,2.0,2020-01-14 09:42:52.026595,316.21,316.26,0
2020-01-14 09:42:53,N,AAPL,316.21,4.0,316.26,2.0,3.0,0.0,2020-01-14 09:42:53.015709,316.21,316.26,0
2020-01-14 09:42:54,N,AAPL,316.21,2.0,316.26,3.0,0.0,0.0,2020-01-14 09:42:54.139437,316.25,316.28,0
2020-01-14 09:42:55,N,AAPL,316.25,1.0,316.28,1.0,0.0,0.0,2020-01-14 09:42:55.328123,316.27,316.29,0
2020-01-14 09:42:56,N,AAPL,316.27,4.0,316.29,12.0,2.0,-5.0,2020-01-14 09:42:56.527009,316.24,316.26,-1
2020-01-14 09:42:58,N,AAPL,316.24,1.0,316.26,2.0,-1.0,-10.0,2020-01-14 09:42:58.069951,316.17,316.21,-1
2020-01-14 09:42:59,N,AAPL,316.17,1.0,316.21,3.0,0.0,2.0,2020-01-14 09:42:59.096283,316.2,316.21,0
2020-01-14 09:43:00,N,AAPL,316.2,2.0,316.21,4.0,-28.0,1.0,2020-01-14 09:43:00.388832,316.02,316.05,-1
2020-01-14 09:43:04,N,AAPL,316.02,4.0,316.05,1.0,2.0,0.0,2020-01-14 09:43:04.726515,316.04,316.06,0
2020-01-14 09:43:05,N,AAPL,316.04,1.0,316.06,4.0,-3.0,3.0,2020-01-14 09:43:05.202820,316.02,316.05,0
2020-01-14 09:43:06,N,AAPL,316.02,5.0,316.05,2.0,3.0,-1.0,2020-01-14 09:43:06.370174,316.0,316.02,0
2020-01-14 09:43:07,N,AAPL,316.0,19.0,316.02,1.0,17.0,0.0,2020-01-14 09:43:07.339620,315.97,315.99,-1
2020-01-14 09:43:08,N,AAPL,315.97,1.0,315.99,1.0,0.0,-6.0,2020-01-14 09:43:08.000314,316.01,316.05,1
2020-01-14 09:43:09,N,AAPL,316.01,3.0,316.05,1.0,1.0,-2.0,2020-01-14 09:43:09.018388,316.05,316.09,0
2020-01-14 09:43:11,N,AAPL,316.05,2.0,316.09,4.0,-1.0,3.0,2020-01-14 09:43:11.377608,316.03,316.05,0
2020-01-14 09:43:12,N,AAPL,316.03,2.0,316.05,2.0,1.0,-2.0,2020-01-14 09:43:12.902827,316.0,316.02,-1
2020-01-14 09:43:13,N,AAPL,316.0,28.0,316.02,2.0,1.0,1.0,2020-01-14 09:43:13.744522,316.01,316.03,0
2020-01-14 09:43:15,N,AAPL,316.01,15.0,316.03,1.0,-13.0,-1.0,2020-01-14 09:43:15.588300,316.03,316.06,0
2020-01-14 09:43:16,N,AAPL,316.03,1.0,316.06,2.0,-5.0,1.0,2020-01-14 09:43:16.454364,316.02,316.05,0
2020-01-14 09:43:17,N,AAPL,316.02,1.0,316.05,4.0,-14.0,0.0,2020-01-14 09:43:17.084319,316.06,316.1,1
2020-01-14 09:43:18,N,AAPL,316.06,4.0,316.1,2.0,2.0,0.0,2020-01-14 09:43:18.084184,316.13,316.16,1
2020-01-14 09:43:19,N,AAPL,316.13,1.0,316.16,4.0,-1.0,2.0,2020-01-14 09:43:19.541873,316.14,316.18,0
2020-01-14 09:43:20,N,AAPL,316.14,3.0,316.18,2.0,-1.0,-2.0,2020-01-14 09:43:20.086911,316.14,316.17,0
2020-01-14 09:43:21,N,AAPL,316.14,3.0,316.17,2.0,0.0,0.0,2020-01-14 09:43:21.443903,316.09,316.13,-1
2020-01-14 09:43:22,N,AAPL,316.09,2.0,316.13,2.0,-2.0,0.0,2020-01-14 09:43:22.588845,316.13,316.16,0
2020-01-14 09:43:23,N,AAPL,316.13,2.0,316.16,2.0,-1.0,1.0,2020-01-14 09:43:23.078454,316.12,316.17,0
2020-01-14 09:43:24,N,AAPL,316.12,2.0,316.17,2.0,0.0,0.0,2020-01-14 09:43:24.087119,316.08,316.12,0
2020-01-14 09:43:25,N,AAPL,316.08,2.0,316.12,2.0,0.0,0.0,2020-01-14 09:43:25.821285,316.08,316.11,0
2020-01-14 09:43:26,N,AAPL,316.08,1.0,316.11,1.0,0.0,-1.0,2020-01-14 09:43:26.277122,316.11,316.14,0
2020-01-14 09:43:27,N,AAPL,316.11,3.0,316.14,2.0,1.0,1.0,2020-01-14 09:43:27.019110,316.1,316.14,0
2020-01-14 09:43:28,N,AAPL,316.1,1.0,316.14,3.0,-1.0,-3.0,2020-01-14 09:43:28.541475,316.13,316.17,0
2020-01-14 09:43:29,N,AAPL,316.13,1.0,316.17,1.0,0.0,-1.0,2020-01-14 09:43:29.115353,316.15,316.18,0
2020-01-14 09:43:30,N,AAPL,316.15,1.0,316.18,1.0,-2.0,0.0,2020-01-14 09:43:30.252216,316.12,316.15,0
2020-01-14 09:43:31,N,AAPL,316.12,1.0,316.15,2.0,-2.0,1.0,2020-01-14 09:43:31.440665,316.12,316.15,0
2020-01-14 09:43:32,N,AAPL,316.12,1.0,316.15,4.0,0.0,2.0,2020-01-14 09:43:32.442716,316.07,316.1,-1
2020-01-14 09:43:33,N,AAPL,316.07,1.0,316.1,1.0,0.0,0.0,2020-01-14 09:43:33.234558,316.08,316.13,0
2020-01-14 09:43:34,N,AAPL,316.08,3.0,316.13,2.0,1.0,1.0,2020-01-14 09:43:34.015105,316.08,316.12,0
2020-01-14 09:43:35,N,AAPL,316.08,2.0,316.12,1.0,0.0,0.0,2020-01-14 09:43:35.033990,316.09,316.13,0
2020-01-14 09:43:36,N,AAPL,316.09,1.0,316.13,2.0,-1.0,1.0,2020-01-14 09:43:36.303199,316.12,316.15,0
2020-01-14 09:43:37,N,AAPL,316.12,2.0,316.15,2.0,1.0,0.0,2020-01-14 09:43:37.217081,316.12,316.16,0
2020-01-14 09:43:38,N,AAPL,316.12,3.0,316.16,3.0,-1.0,1.0,2020-01-14 09:43:38.218865,316.15,316.17,0
2020-01-14 09:43:39,N,AAPL,316.15,3.0,316.17,4.0,0.0,2.0,2020-01-14 09:43:39.414695,316.15,316.17,0
2020-01-14 09:43:40,N,AAPL,316.15,1.0,316.17,1.0,-2.0,-1.0,2020-01-14 09:43:40.206221,316.14,316.18,0
2020-01-14 09:43:41,N,AAPL,316.14,2.0,316.18,4.0,0.0,3.0,2020-01-14 09:43:41.120547,316.22,316.23,1
2020-01-14 09:43:42,N,AAPL,316.22,1.0,316.23,1.0,-2.0,0.0,2020-01-14 09:43:42.273869,316.21,316.24,0
2020-01-14 09:43:43,N,AAPL,316.21,1.0,316.24,3.0,0.0,0.0,2020-01-14 09:43:43.178047,316.13,316.16,-1
2020-01-14 09:43:45,N,AAPL,316.13,2.0,316.16,2.0,1.0,-1.0,2020-01-14 09:43:45.076798,316.13,316.16,0
2020-01-14 09:43:46,N,AAPL,316.13,3.0,316.16,2.0,2.0,1.0,2020-01-14 09:43:46.247789,316.12,316.15,0
2020-01-14 09:43:47,N,AAPL,316.12,1.0,316.15,1.0,0.0,-1.0,2020-01-14 09:43:47.049810,316.12,316.16,0
2020-01-14 09:43:48,N,AAPL,316.12,1.0,316.16,3.0,-1.0,2.0,2020-01-14 09:43:48.012034,316.03,316.07,-1
2020-01-14 09:43:49,N,AAPL,316.03,4.0,316.07,2.0,3.0,-2.0,2020-01-14 09:43:49.145831,316.02,316.06,0
2020-01-14 09:43:50,N,AAPL,316.02,4.0,316.06,2.0,3.0,0.0,2020-01-14 09:43:50.134866,316.03,316.08,0
2020-01-14 09:43:51,N,AAPL,316.03,3.0,316.08,3.0,0.0,2.0,2020-01-14 09:43:51.579427,316.06,316.1,0
2020-01-14 09:43:52,N,AAPL,316.06,2.0,316.1,1.0,1.0,-1.0,2020-01-14 09:43:52.334211,316.03,316.07,0
2020-01-14 09:43:53,N,AAPL,316.03,3.0,316.07,2.0,2.0,-3.0,2020-01-14 09:43:53.052014,316.02,316.03,0
2020-01-14 09:43:54,N,AAPL,316.02,1.0,316.03,2.0,-1.0,0.0,2020-01-14 09:43:54.630488,316.01,316.02,0
2020-01-14 09:43:56,N,AAPL,316.01,1.0,316.02,4.0,0.0,2.0,2020-01-14 09:43:56.734446,316.0,316.01,0
2020-01-14 09:43:57,N,AAPL,316.0,19.0,316.01,2.0,18.0,-2.0,2020-01-14 09:43:57.182672,316.01,316.03,0
2020-01-14 09:43:58,N,AAPL,316.01,2.0,316.03,2.0,-10.0,0.0,2020-01-14 09:43:58.052587,316.09,316.12,1
2020-01-14 09:43:59,N,AAPL,316.09,3.0,316.12,1.0,0.0,0.0,2020-01-14 09:43:59.214359,316.07,316.11,0
2020-01-14 09:44:00,N,AAPL,316.07,4.0,316.11,1.0,1.0,0.0,2020-01-14 09:44:00.017134,316.17,316.2,1
2020-01-14 09:44:01,N,AAPL,316.17,2.0,316.2,2.0,-1.0,0.0,2020-01-14 09:44:01.052187,316.21,316.25,1
2020-01-14 09:44:02,N,AAPL,316.21,5.0,316.25,3.0,3.0,2.0,2020-01-14 09:44:02.051419,316.24,316.28,0
2020-01-14 09:44:04,N,AAPL,316.24,4.0,316.28,2.0,3.0,0.0,2020-01-14 09:44:04.142500,316.19,316.24,0
2020-01-14 09:44:06,N,AAPL,316.19,1.0,316.24,6.0,-3.0,4.0,2020-01-14 09:44:06.588189,316.23,316.27,0
2020-01-14 09:44:07,N,AAPL,316.23,3.0,316.27,2.0,0.0,0.0,2020-01-14 09:44:07.103269,316.25,316.28,0
2020-01-14 09:44:10,N,AAPL,316.25,1.0,316.28,4.0,-2.0,2.0,2020-01-14 09:44:10.242382,316.26,316.29,0
2020-01-14 09:44:11,N,AAPL,316.26,1.0,316.29,1.0,-3.0,-1.0,2020-01-14 09:44:11.102157,316.34,316.38,1
2020-01-14 09:44:12,N,AAPL,316.34,1.0,316.38,3.0,-2.0,2.0,2020-01-14 09:44:12.233644,316.26,316.28,-1
2020-01-14 09:44:13,N,AAPL,316.26,2.0,316.28,1.0,1.0,-1.0,2020-01-14 09:44:13.337036,316.24,316.27,0
2020-01-14 09:44:14,N,AAPL,316.24,1.0,316.27,5.0,-1.0,4.0,2020-01-14 09:44:14.334013,316.27,316.28,0
2020-01-14 09:44:15,N,AAPL,316.27,6.0,316.28,1.0,4.0,0.0,2020-01-14 09:44:15.294508,316.26,316.3,0
2020-01-14 09:44:17,N,AAPL,316.26,3.0,316.3,6.0,-1.0,3.0,2020-01-14 09:44:17.978446,316.25,316.29,0
2020-01-14 09:44:18,N,AAPL,316.25,4.0,316.29,2.0,0.0,0.0,2020-01-14 09:44:18.081050,316.29,316.33,0
2020-01-14 09:44:19,N,AAPL,316.29,1.0,316.33,3.0,-1.0,1.0,2020-01-14 09:44:19.200032,316.34,316.36,1
2020-01-14 09:44:20,N,AAPL,316.34,1.0,316.36,2.0,-1.0,1.0,2020-01-14 09:44:20.478492,316.4,316.44,1
2020-01-14 09:44:21,N,AAPL,316.4,5.0,316.44,2.0,2.0,0.0,2020-01-14 09:44:21.010446,316.14,316.18,-1
2020-01-14 09:44:22,N,AAPL,316.14,1.0,316.18,1.0,0.0,0.0,2020-01-14 09:44:22.007539,316.25,316.3,1
2020-01-14 09:44:23,N,AAPL,316.25,1.0,316.3,2.0,0.0,1.0,2020-01-14 09:44:23.380718,316.18,316.23,-1
2020-01-14 09:44:24,N,AAPL,316.18,1.0,316.23,4.0,0.0,3.0,2020-01-14 09:44:24.487823,316.27,316.31,1
2020-01-14 09:44:25,N,AAPL,316.27,1.0,316.31,2.0,0.0,-3.0,2020-01-14 09:44:25.409714,316.26,316.31,0
2020-01-14 09:44:26,N,AAPL,316.26,2.0,316.31,2.0,1.0,0.0,2020-01-14 09:44:26.692435,316.26,316.29,0
2020-01-14 09:44:28,N,AAPL,316.26,2.0,316.29,4.0,1.0,2.0,2020-01-14 09:44:28.052419,316.24,316.29,0
2020-01-14 09:44:29,N,AAPL,316.24,2.0,316.29,3.0,1.0,1.0,2020-01-14 09:44:29.170725,316.25,316.28,0
2020-01-14 09:44:30,N,AAPL,316.25,1.0,316.28,2.0,0.0,1.0,2020-01-14 09:44:30.503270,316.17,316.23,-1
2020-01-14 09:44:31,N,AAPL,316.17,3.0,316.23,2.0,2.0,1.0,2020-01-14 09:44:31.286244,316.16,316.2,0
2020-01-14 09:44:32,N,AAPL,316.16,1.0,316.2,2.0,-2.0,0.0,2020-01-14 09:44:32.135139,316.12,316.15,-1
2020-01-14 09:44:34,N,AAPL,316.12,6.0,316.15,1.0,5.0,0.0,2020-01-14 09:44:34.051176,316.14,316.15,0
2020-01-14 09:44:35,N,AAPL,316.14,1.0,316.15,1.0,-5.0,0.0,2020-01-14 09:44:35.019090,316.13,316.15,0
2020-01-14 09:44:36,N,AAPL,316.13,1.0,316.15,1.0,0.0,0.0,2020-01-14 09:44:36.068229,316.1,316.14,0
2020-01-14 09:44:37,N,AAPL,316.1,3.0,316.14,2.0,2.0,0.0,2020-01-14 09:44:37.854505,316.1,316.15,0
2020-01-14 09:44:38,N,AAPL,316.1,4.0,316.15,1.0,1.0,-2.0,2020-01-14 09:44:38.032144,316.11,316.14,0
2020-01-14 09:44:39,N,AAPL,316.11,1.0,316.14,2.0,0.0,-1.0,2020-01-14 09:44:39.447793,316.09,316.12,0
2020-01-14 09:44:40,N,AAPL,316.09,1.0,316.12,2.0,0.0,-2.0,2020-01-14 09:44:40.314178,316.17,316.19,1
2020-01-14 09:44:41,N,AAPL,316.17,2.0,316.19,1.0,1.0,-1.0,2020-01-14 09:44:41.322023,316.16,316.2,0
2020-01-14 09:44:42,N,AAPL,316.16,1.0,316.2,2.0,-1.0,1.0,2020-01-14 09:44:42.103432,316.19,316.23,0
2020-01-14 09:44:44,N,AAPL,316.19,2.0,316.23,2.0,0.0,0.0,2020-01-14 09:44:44.016281,316.14,316.17,-1
2020-01-14 09:44:45,N,AAPL,316.14,2.0,316.17,1.0,1.0,-1.0,2020-01-14 09:44:45.053293,316.12,316.16,0
2020-01-14 09:44:46,N,AAPL,316.12,1.0,316.16,3.0,0.0,1.0,2020-01-14 09:44:46.029371,316.13,316.17,0
2020-01-14 09:44:49,N,AAPL,316.13,2.0,316.17,2.0,1.0,-3.0,2020-01-14 09:44:49.157273,316.18,316.21,1
2020-01-14 09:44:51,N,AAPL,316.18,1.0,316.21,1.0,0.0,-2.0,2020-01-14 09:44:51.074943,316.21,316.24,0
2020-01-14 09:44:52,N,AAPL,316.21,1.0,316.24,2.0,0.0,0.0,2020-01-14 09:44:52.046795,316.21,316.23,0
2020-01-14 09:44:53,N,AAPL,316.21,2.0,316.23,1.0,1.0,0.0,2020-01-14 09:44:53.032453,316.15,316.18,-1
2020-01-14 09:44:54,N,AAPL,316.15,1.0,316.18,1.0,0.0,-2.0,2020-01-14 09:44:54.073402,316.15,316.19,0
2020-01-14 09:44:55,N,AAPL,316.15,4.0,316.19,14.0,0.0,0.0,2020-01-14 09:44:55.026450,316.16,316.2,0
2020-01-14 09:44:56,N,AAPL,316.16,2.0,316.2,3.0,1.0,1.0,2020-01-14 09:44:56.150128,316.22,316.25,1
2020-01-14 09:44:57,N,AAPL,316.22,1.0,316.25,2.0,0.0,0.0,2020-01-14 09:44:57.702544,316.23,316.28,0
2020-01-14 09:44:58,N,AAPL,316.23,2.0,316.28,2.0,1.0,0.0,2020-01-14 09:44:58.062856,316.29,316.33,1
2020-01-14 09:44:59,N,AAPL,316.29,5.0,316.33,2.0,4.0,-2.0,2020-01-14 09:44:59.693920,316.27,316.3,0
2020-01-14 09:45:00,N,AAPL,316.27,2.0,316.3,4.0,0.0,1.0,2020-01-14 09:45:00.000769,316.21,316.24,-1
2020-01-14 09:45:01,N,AAPL,316.21,1.0,316.24,3.0,0.0,1.0,2020-01-14 09:45:01.038301,316.28,316.29,1
2020-01-14 09:45:02,N,AAPL,316.28,2.0,316.29,2.0,1.0,0.0,2020-01-14 09:45:02.737384,316.22,316.26,-1
2020-01-14 09:45:03,N,AAPL,316.22,1.0,316.26,3.0,0.0,2.0,2020-01-14 09:45:03.303454,316.22,316.26,0
2020-01-14 09:45:04,N,AAPL,316.22,1.0,316.26,3.0,-1.0,1.0,2020-01-14 09:45:04.095150,316.23,316.26,0
2020-01-14 09:45:06,N,AAPL,316.23,5.0,316.26,2.0,4.0,-1.0,2020-01-14 09:45:06.379526,316.23,316.28,0
2020-01-14 09:45:07,N,AAPL,316.23,2.0,316.28,1.0,0.0,-1.0,2020-01-14 09:45:07.012696,316.25,316.29,0
2020-01-14 09:45:08,N,AAPL,316.25,2.0,316.29,2.0,-1.0,0.0,2020-01-14 09:45:08.076810,316.21,316.23,-1
2020-01-14 09:45:09,N,AAPL,316.21,2.0,316.23,2.0,-1.0,1.0,2020-01-14 09:45:09.111920,316.22,316.25,0
2020-01-14 09:45:10,N,AAPL,316.22,1.0,316.25,2.0,0.0,0.0,2020-01-14 09:45:10.095122,316.2,316.22,0
2020-01-14 09:45:12,N,AAPL,316.2,1.0,316.22,2.0,0.0,-1.0,2020-01-14 09:45:12.090328,316.25,316.28,1
2020-01-14 09:45:13,N,AAPL,316.25,2.0,316.28,1.0,1.0,-2.0,2020-01-14 09:45:13.878327,316.27,316.29,0
2020-01-14 09:45:14,N,AAPL,316.27,3.0,316.29,2.0,1.0,1.0,2020-01-14 09:45:14.747414,316.25,316.29,0
2020-01-14 09:45:15,N,AAPL,316.25,2.0,316.29,2.0,0.0,-1.0,2020-01-14 09:45:15.086593,316.22,316.25,0
2020-01-14 09:45:16,N,AAPL,316.22,1.0,316.25,2.0,-1.0,0.0,2020-01-14 09:45:16.167710,316.19,316.21,-1
2020-01-14 09:45:17,N,AAPL,316.19,1.0,316.21,1.0,0.0,-1.0,2020-01-14 09:45:17.428407,316.21,316.25,0
2020-01-14 09:45:18,N,AAPL,316.21,1.0,316.25,2.0,-3.0,0.0,2020-01-14 09:45:18.104797,316.21,316.24,0
2020-01-14 09:45:19,N,AAPL,316.21,3.0,316.24,2.0,2.0,0.0,2020-01-14 09:45:19.443118,316.15,316.19,-1
2020-01-14 09:45:20,N,AAPL,316.15,1.0,316.19,4.0,-5.0,3.0,2020-01-14 09:45:20.463352,316.16,316.2,0
2020-01-14 09:45:22,N,AAPL,316.16,1.0,316.2,2.0,0.0,-3.0,2020-01-14 09:45:22.983136,316.15,316.18,0
2020-01-14 09:45:23,N,AAPL,316.15,10.0,316.18,1.0,0.0,0.0,2020-01-14 09:45:23.000872,316.15,316.18,0
2020-01-14 09:45:24,N,AAPL,316.15,10.0,316.18,1.0,0.0,0.0,2020-01-14 09:45:24.624690,316.16,316.2,0
2020-01-14 09:45:25,N,AAPL,316.16,2.0,316.2,3.0,0.0,2.0,2020-01-14 09:45:25.262503,316.18,316.19,0
2020-01-14 09:45:26,N,AAPL,316.18,2.0,316.19,1.0,-10.0,-2.0,2020-01-14 09:45:26.233864,316.28,316.31,1
2020-01-14 09:45:27,N,AAPL,316.28,3.0,316.31,1.0,2.0,0.0,2020-01-14 09:45:27.140697,316.24,316.28,0
2020-01-14 09:45:28,N,AAPL,316.24,3.0,316.28,4.0,1.0,2.0,2020-01-14 09:45:28.136364,316.24,316.28,0
2020-01-14 09:45:29,N,AAPL,316.24,2.0,316.28,3.0,1.0,0.0,2020-01-14 09:45:29.059000,316.23,316.27,0
2020-01-14 09:45:30,N,AAPL,316.23,1.0,316.27,2.0,0.0,-1.0,2020-01-14 09:45:30.325967,316.21,316.24,0
2020-01-14 09:45:31,N,AAPL,316.21,1.0,316.24,4.0,0.0,3.0,2020-01-14 09:45:31.507789,316.18,316.22,0
2020-01-14 09:45:32,N,AAPL,316.18,2.0,316.22,4.0,-1.0,1.0,2020-01-14 09:45:32.023276,316.18,316.2,0
2020-01-14 09:45:33,N,AAPL,316.18,1.0,316.2,6.0,-1.0,3.0,2020-01-14 09:45:33.031550,316.14,316.18,0
2020-01-14 09:45:34,N,AAPL,316.14,2.0,316.18,2.0,0.0,-3.0,2020-01-14 09:45:34.028266,316.11,316.14,0
2020-01-14 09:45:35,N,AAPL,316.11,10.0,316.14,4.0,6.0,1.0,2020-01-14 09:45:35.075728,316.13,316.16,0
2020-01-14 09:45:36,N,AAPL,316.13,1.0,316.16,4.0,-1.0,1.0,2020-01-14 09:45:36.410267,316.13,316.16,0
2020-01-14 09:45:37,N,AAPL,316.13,2.0,316.16,1.0,1.0,-2.0,2020-01-14 09:45:37.017953,316.11,316.13,0
2020-01-14 09:45:39,N,AAPL,316.11,5.0,316.13,5.0,4.0,3.0,2020-01-14 09:45:39.501281,316.1,316.12,0
2020-01-14 09:45:40,N,AAPL,316.1,12.0,316.12,1.0,10.0,-2.0,2020-01-14 09:45:40.372696,316.12,316.14,0
2020-01-14 09:45:42,N,AAPL,316.12,2.0,316.14,1.0,-10.0,0.0,2020-01-14 09:45:42.222809,316.11,316.14,0
2020-01-14 09:45:45,N,AAPL,316.11,2.0,316.14,5.0,0.0,4.0,2020-01-14 09:45:45.371838,316.11,316.14,0
2020-01-14 09:45:46,N,AAPL,316.11,1.0,316.14,2.0,-1.0,0.0,2020-01-14 09:45:46.026042,316.19,316.21,1
2020-01-14 09:45:48,N,AAPL,316.19,1.0,316.21,2.0,-1.0,1.0,2020-01-14 09:45:48.380791,316.2,316.24,0
2020-01-14 09:45:49,N,AAPL,316.2,1.0,316.24,5.0,-3.0,3.0,2020-01-14 09:45:49.115420,316.2,316.24,0
2020-01-14 09:45:50,N,AAPL,316.2,1.0,316.24,2.0,-1.0,0.0,2020-01-14 09:45:50.282236,316.2,316.24,0
2020-01-14 09:45:51,N,AAPL,316.2,2.0,316.24,1.0,1.0,-1.0,2020-01-14 09:45:51.090860,316.16,316.19,-1
2020-01-14 09:45:52,N,AAPL,316.16,1.0,316.19,1.0,0.0,-1.0,2020-01-14 09:45:52.080376,316.14,316.16,0
2020-01-14 09:45:59,N,AAPL,316.14,5.0,316.16,4.0,4.0,3.0,2020-01-14 09:45:59.778039,316.14,316.16,0
2020-01-14 09:46:00,N,AAPL,316.14,5.0,316.16,2.0,0.0,1.0,2020-01-14 09:46:00.092136,316.14,316.17,0
2020-01-14 09:46:03,N,AAPL,316.14,4.0,316.17,2.0,1.0,0.0,2020-01-14 09:46:03.305887,316.2,316.22,1
2020-01-14 09:46:04,N,AAPL,316.2,2.0,316.22,1.0,-2.0,0.0,2020-01-14 09:46:04.451579,316.21,316.24,0
2020-01-14 09:46:05,N,AAPL,316.21,2.0,316.24,1.0,1.0,-3.0,2020-01-14 09:46:05.325840,316.25,316.27,1
2020-01-14 09:46:08,N,AAPL,316.25,2.0,316.27,2.0,0.0,1.0,2020-01-14 09:46:08.431897,316.25,316.28,0
2020-01-14 09:46:09,N,AAPL,316.25,4.0,316.28,2.0,3.0,0.0,2020-01-14 09:46:09.388775,316.28,316.31,0
2020-01-14 09:46:10,N,AAPL,316.28,1.0,316.31,2.0,-1.0,1.0,2020-01-14 09:46:10.971105,316.3,316.32,0
2020-01-14 09:46:11,N,AAPL,316.3,2.0,316.32,1.0,1.0,-1.0,2020-01-14 09:46:11.769917,316.29,316.32,0
2020-01-14 09:46:12,N,AAPL,316.29,2.0,316.32,1.0,0.0,0.0,2020-01-14 09:46:12.104155,316.25,316.27,-1
2020-01-14 09:46:13,N,AAPL,316.25,1.0,316.27,2.0,0.0,-1.0,2020-01-14 09:46:13.528873,316.27,316.31,0
2020-01-14 09:46:14,N,AAPL,316.27,1.0,316.31,2.0,0.0,0.0,2020-01-14 09:46:14.467790,316.38,316.4,1
2020-01-14 09:46:16,N,AAPL,316.38,2.0,316.4,2.0,1.0,0.0,2020-01-14 09:46:16.301863,316.4,316.42,0
2020-01-14 09:46:19,N,AAPL,316.4,4.0,316.42,1.0,2.0,-1.0,2020-01-14 09:46:19.014195,316.42,316.45,0
2020-01-14 09:46:20,N,AAPL,316.42,1.0,316.45,1.0,-2.0,-1.0,2020-01-14 09:46:20.267618,316.39,316.42,0
2020-01-14 09:46:21,N,AAPL,316.39,1.0,316.42,5.0,-1.0,4.0,2020-01-14 09:46:21.276964,316.38,316.41,0
2020-01-14 09:46:22,N,AAPL,316.38,1.0,316.41,1.0,-1.0,-1.0,2020-01-14 09:46:22.838845,316.43,316.44,1
2020-01-14 09:46:23,N,AAPL,316.43,1.0,316.44,2.0,-1.0,-3.0,2020-01-14 09:46:23.371889,316.42,316.45,0
2020-01-14 09:46:24,N,AAPL,316.42,1.0,316.45,1.0,-2.0,0.0,2020-01-14 09:46:24.122793,316.39,316.41,-1
2020-01-14 09:46:25,N,AAPL,316.39,2.0,316.41,1.0,1.0,0.0,2020-01-14 09:46:25.022466,316.41,316.44,0
2020-01-14 09:46:26,N,AAPL,316.41,3.0,316.44,1.0,2.0,0.0,2020-01-14 09:46:26.343280,316.4,316.42,0
2020-01-14 09:46:29,N,AAPL,316.4,2.0,316.42,3.0,1.0,2.0,2020-01-14 09:46:29.820628,316.33,316.36,-1
2020-01-14 09:46:30,N,AAPL,316.33,2.0,316.36,2.0,-22.0,1.0,2020-01-14 09:46:30.119972,316.33,316.37,0
2020-01-14 09:46:31,N,AAPL,316.33,4.0,316.37,2.0,3.0,0.0,2020-01-14 09:46:31.049725,316.33,316.37,0
2020-01-14 09:46:32,N,AAPL,316.33,2.0,316.37,3.0,0.0,1.0,2020-01-14 09:46:32.216489,316.34,316.38,0
2020-01-14 09:46:33,N,AAPL,316.34,3.0,316.38,3.0,0.0,1.0,2020-01-14 09:46:33.050428,316.29,316.32,-1
2020-01-14 09:46:35,N,AAPL,316.29,2.0,316.32,2.0,-23.0,-1.0,2020-01-14 09:46:35.234898,316.33,316.37,1
2020-01-14 09:46:36,N,AAPL,316.33,3.0,316.37,2.0,2.0,1.0,2020-01-14 09:46:36.703794,316.33,316.37,0
2020-01-14 09:46:37,N,AAPL,316.33,3.0,316.37,2.0,0.0,0.0,2020-01-14 09:46:37.100914,316.33,316.37,0
2020-01-14 09:46:38,N,AAPL,316.33,2.0,316.37,2.0,0.0,1.0,2020-01-14 09:46:38.342614,316.3,316.33,0
2020-01-14 09:46:40,N,AAPL,316.3,2.0,316.33,3.0,1.0,-2.0,2020-01-14 09:46:40.945520,316.25,316.28,-1
2020-01-14 09:46:41,N,AAPL,316.25,2.0,316.28,1.0,1.0,-4.0,2020-01-14 09:46:41.050628,316.25,316.28,0
2020-01-14 09:46:42,N,AAPL,316.25,1.0,316.28,1.0,0.0,0.0,2020-01-14 09:46:42.777652,316.25,316.28,0
2020-01-14 09:46:43,N,AAPL,316.25,1.0,316.28,1.0,0.0,0.0,2020-01-14 09:46:43.050626,316.26,316.28,0
2020-01-14 09:46:44,N,AAPL,316.26,1.0,316.28,2.0,0.0,1.0,2020-01-14 09:46:44.092990,316.26,316.3,0
2020-01-14 09:46:46,N,AAPL,316.26,4.0,316.3,3.0,3.0,2.0,2020-01-14 09:46:46.649757,316.26,316.29,0
2020-01-14 09:46:47,N,AAPL,316.26,2.0,316.29,2.0,-2.0,-1.0,2020-01-14 09:46:47.018506,316.24,316.28,0
2020-01-14 09:46:48,N,AAPL,316.24,1.0,316.28,2.0,-1.0,1.0,2020-01-14 09:46:48.935937,316.23,316.26,0
2020-01-14 09:46:49,N,AAPL,316.23,2.0,316.26,1.0,1.0,-1.0,2020-01-14 09:46:49.007838,316.23,316.27,0
2020-01-14 09:46:50,N,AAPL,316.23,3.0,316.27,2.0,-1.0,1.0,2020-01-14 09:46:50.556114,316.25,316.27,0
2020-01-14 09:46:51,N,AAPL,316.25,2.0,316.27,1.0,-1.0,-1.0,2020-01-14 09:46:51.843849,316.22,316.26,0
2020-01-14 09:46:52,N,AAPL,316.22,1.0,316.26,2.0,0.0,0.0,2020-01-14 09:46:52.065126,316.23,316.27,0
2020-01-14 09:46:54,N,AAPL,316.23,3.0,316.27,2.0,0.0,0.0,2020-01-14 09:46:54.607619,316.22,316.26,0
2020-01-14 09:46:55,N,AAPL,316.22,1.0,316.26,2.0,-3.0,0.0,2020-01-14 09:46:55.108090,316.25,316.28,0
2020-01-14 09:46:56,N,AAPL,316.25,1.0,316.28,3.0,0.0,1.0,2020-01-14 09:46:56.179564,316.24,316.26,0
2020-01-14 09:46:58,N,AAPL,316.24,1.0,316.26,4.0,0.0,-27.0,2020-01-14 09:46:58.227616,316.25,316.28,0
2020-01-14 09:46:59,N,AAPL,316.25,1.0,316.28,2.0,-2.0,0.0,2020-01-14 09:46:59.202401,316.25,316.27,0
2020-01-14 09:47:01,N,AAPL,316.25,1.0,316.27,3.0,-2.0,2.0,2020-01-14 09:47:01.103029,316.22,316.24,-1
2020-01-14 09:47:02,N,AAPL,316.22,5.0,316.24,3.0,0.0,1.0,2020-01-14 09:47:02.041382,316.21,316.22,0
2020-01-14 09:47:04,N,AAPL,316.21,2.0,316.22,3.0,-6.0,-2.0,2020-01-14 09:47:04.596186,316.17,316.2,-1
2020-01-14 09:47:05,N,AAPL,316.17,1.0,316.2,2.0,-1.0,0.0,2020-01-14 09:47:05.327596,316.18,316.19,0
2020-01-14 09:47:07,N,AAPL,316.18,1.0,316.19,5.0,-1.0,4.0,2020-01-14 09:47:07.482914,316.17,316.21,0
2020-01-14 09:47:08,N,AAPL,316.17,1.0,316.21,4.0,-4.0,3.0,2020-01-14 09:47:08.419639,316.18,316.2,0
2020-01-14 09:47:09,N,AAPL,316.18,5.0,316.2,2.0,2.0,0.0,2020-01-14 09:47:09.039377,316.17,316.19,0
2020-01-14 09:47:10,N,AAPL,316.17,27.0,316.19,2.0,25.0,-1.0,2020-01-14 09:47:10.175443,316.14,316.16,-1
2020-01-14 09:47:11,N,AAPL,316.14,13.0,316.16,1.0,11.0,0.0,2020-01-14 09:47:11.640505,316.15,316.18,0
2020-01-14 09:47:12,N,AAPL,316.15,3.0,316.18,1.0,-10.0,0.0,2020-01-14 09:47:12.179381,316.14,316.17,0
2020-01-14 09:47:13,N,AAPL,316.14,13.0,316.17,4.0,12.0,2.0,2020-01-14 09:47:13.485345,316.06,316.08,-1
2020-01-14 09:47:14,N,AAPL,316.06,1.0,316.08,1.0,-3.0,-1.0,2020-01-14 09:47:14.053987,316.06,316.07,0
2020-01-14 09:47:15,N,AAPL,316.06,1.0,316.07,1.0,0.0,-1.0,2020-01-14 09:47:15.342472,316.02,316.06,0
2020-01-14 09:47:16,N,AAPL,316.02,2.0,316.06,1.0,0.0,-1.0,2020-01-14 09:47:16.277336,316.03,316.06,0
2020-01-14 09:47:17,N,AAPL,316.03,1.0,316.06,1.0,-1.0,0.0,2020-01-14 09:47:17.552205,316.05,316.09,0
2020-01-14 09:47:18,N,AAPL,316.05,2.0,316.09,2.0,1.0,1.0,2020-01-14 09:47:18.700982,316.04,316.07,0
2020-01-14 09:47:19,N,AAPL,316.04,2.0,316.07,2.0,1.0,-1.0,2020-01-14 09:47:19.142006,316.02,316.05,0
2020-01-14 09:47:20,N,AAPL,316.02,2.0,316.05,2.0,0.0,-1.0,2020-01-14 09:47:20.016477,316.01,316.04,0
2020-01-14 09:47:21,N,AAPL,316.01,1.0,316.04,1.0,-3.0,0.0,2020-01-14 09:47:21.021001,315.93,315.96,-1
2020-01-14 09:47:22,N,AAPL,315.93,3.0,315.96,3.0,1.0,0.0,2020-01-14 09:47:22.185688,315.94,315.98,0
2020-01-14 09:47:23,N,AAPL,315.94,4.0,315.98,4.0,0.0,0.0,2020-01-14 09:47:23.054435,315.94,315.98,0
2020-01-14 09:47:24,N,AAPL,315.94,4.0,315.98,4.0,1.0,3.0,2020-01-14 09:47:24.700538,315.87,315.89,-1
2020-01-14 09:47:25,N,AAPL,315.87,2.0,315.89,1.0,-1.0,-3.0,2020-01-14 09:47:25.292502,315.89,315.92,0
2020-01-14 09:47:26,N,AAPL,315.89,1.0,315.92,2.0,-5.0,1.0,2020-01-14 09:47:26.003233,315.93,315.95,1
2020-01-14 09:47:27,N,AAPL,315.93,3.0,315.95,2.0,2.0,0.0,2020-01-14 09:47:27.127486,315.89,315.93,0
2020-01-14 09:47:28,N,AAPL,315.89,2.0,315.93,1.0,0.0,-1.0,2020-01-14 09:47:28.155327,315.88,315.92,0
2020-01-14 09:47:29,N,AAPL,315.88,7.0,315.92,2.0,6.0,-2.0,2020-01-14 09:47:29.097736,315.86,315.9,0
2020-01-14 09:47:30,N,AAPL,315.86,4.0,315.9,1.0,3.0,-1.0,2020-01-14 09:47:30.165086,315.86,315.9,0
2020-01-14 09:47:31,N,AAPL,315.86,2.0,315.9,2.0,-1.0,-1.0,2020-01-14 09:47:31.011569,315.86,315.88,0
2020-01-14 09:47:32,N,AAPL,315.86,2.0,315.88,2.0,-4.0,0.0,2020-01-14 09:47:32.503454,315.83,315.85,-1
2020-01-14 09:47:33,N,AAPL,315.83,1.0,315.85,4.0,-1.0,3.0,2020-01-14 09:47:33.363393,315.83,315.85,0
2020-01-14 09:47:34,N,AAPL,315.83,2.0,315.85,4.0,0.0,2.0,2020-01-14 09:47:34.426470,315.82,315.84,0
2020-01-14 09:47:35,N,AAPL,315.82,1.0,315.84,1.0,-2.0,0.0,2020-01-14 09:47:35.118561,315.82,315.85,0
2020-01-14 09:47:37,N,AAPL,315.82,2.0,315.85,1.0,0.0,0.0,2020-01-14 09:47:37.070845,315.82,315.84,0
2020-01-14 09:47:38,N,AAPL,315.82,1.0,315.84,2.0,-1.0,-2.0,2020-01-14 09:47:38.197956,315.84,315.86,0
2020-01-14 09:47:39,N,AAPL,315.84,3.0,315.86,1.0,2.0,-1.0,2020-01-14 09:47:39.018158,315.84,315.87,0
2020-01-14 09:47:40,N,AAPL,315.84,3.0,315.87,1.0,0.0,0.0,2020-01-14 09:47:40.026918,315.81,315.85,0
2020-01-14 09:47:41,N,AAPL,315.81,3.0,315.85,2.0,2.0,1.0,2020-01-14 09:47:41.194580,315.83,315.85,0
2020-01-14 09:47:42,N,AAPL,315.83,4.0,315.85,1.0,3.0,-1.0,2020-01-14 09:47:42.159731,315.82,315.85,0
2020-01-14 09:47:43,N,AAPL,315.82,4.0,315.85,2.0,1.0,1.0,2020-01-14 09:47:43.005314,315.81,315.83,0
2020-01-14 09:47:45,N,AAPL,315.81,2.0,315.83,3.0,1.0,2.0,2020-01-14 09:47:45.213946,315.84,315.87,1
2020-01-14 09:47:46,N,AAPL,315.84,3.0,315.87,2.0,2.0,1.0,2020-01-14 09:47:46.951621,315.84,315.87,0
2020-01-14 09:47:47,N,AAPL,315.84,2.0,315.87,2.0,-1.0,0.0,2020-01-14 09:47:47.002296,315.87,315.89,0
2020-01-14 09:47:49,N,AAPL,315.87,1.0,315.89,2.0,0.0,0.0,2020-01-14 09:47:49.911452,315.88,315.9,0
2020-01-14 09:47:50,N,AAPL,315.88,5.0,315.9,1.0,4.0,0.0,2020-01-14 09:47:50.513555,315.96,315.98,1
2020-01-14 09:47:51,N,AAPL,315.96,1.0,315.98,2.0,0.0,0.0,2020-01-14 09:47:51.055578,315.85,315.87,-1
2020-01-14 09:47:54,N,AAPL,315.85,10.0,315.87,1.0,8.0,-1.0,2020-01-14 09:47:54.669204,315.85,315.89,0
2020-01-14 09:47:55,N,AAPL,315.85,3.0,315.89,3.0,2.0,-1.0,2020-01-14 09:47:55.500003,315.86,315.9,0
2020-01-14 09:47:56,N,AAPL,315.86,4.0,315.9,3.0,1.0,1.0,2020-01-14 09:47:56.056978,315.86,315.89,0
2020-01-14 09:47:57,N,AAPL,315.86,1.0,315.89,2.0,0.0,-1.0,2020-01-14 09:47:57.347163,315.9,315.93,1
2020-01-14 09:47:58,N,AAPL,315.9,1.0,315.93,1.0,0.0,-1.0,2020-01-14 09:47:58.049378,315.9,315.93,0
2020-01-14 09:48:00,N,AAPL,315.9,1.0,315.93,6.0,-3.0,4.0,2020-01-14 09:48:00.524602,315.86,315.89,-1
2020-01-14 09:48:03,N,AAPL,315.86,2.0,315.89,4.0,0.0,0.0,2020-01-14 09:48:03.757629,315.81,315.83,-1
2020-01-14 09:48:05,N,AAPL,315.81,2.0,315.83,4.0,1.0,2.0,2020-01-14 09:48:05.298542,315.8,315.83,0
2020-01-14 09:48:06,N,AAPL,315.8,17.0,315.83,1.0,15.0,-3.0,2020-01-14 09:48:06.317435,315.8,315.83,0
2020-01-14 09:48:07,N,AAPL,315.8,17.0,315.83,1.0,15.0,0.0,2020-01-14 09:48:07.156803,315.81,315.84,0
2020-01-14 09:48:08,N,AAPL,315.81,2.0,315.84,1.0,-1.0,-1.0,2020-01-14 09:48:08.674031,315.81,315.82,0
2020-01-14 09:48:09,N,AAPL,315.81,2.0,315.82,2.0,1.0,-2.0,2020-01-14 09:48:09.052595,315.85,315.86,1
2020-01-14 09:48:11,N,AAPL,315.85,4.0,315.86,1.0,3.0,0.0,2020-01-14 09:48:11.044886,315.92,315.96,1
2020-01-14 09:48:12,N,AAPL,315.92,2.0,315.96,2.0,0.0,1.0,2020-01-14 09:48:12.309274,315.9,315.93,0
2020-01-14 09:48:13,N,AAPL,315.9,2.0,315.93,2.0,-1.0,1.0,2020-01-14 09:48:13.163561,315.87,315.89,-1
2020-01-14 09:48:14,N,AAPL,315.87,1.0,315.89,5.0,0.0,3.0,2020-01-14 09:48:14.051615,315.85,315.88,0
2020-01-14 09:48:15,N,AAPL,315.85,5.0,315.88,3.0,3.0,1.0,2020-01-14 09:48:15.879807,315.85,315.88,0
2020-01-14 09:48:16,N,AAPL,315.85,1.0,315.88,2.0,0.0,-1.0,2020-01-14 09:48:16.200062,315.86,315.88,0
2020-01-14 09:48:17,N,AAPL,315.86,2.0,315.88,1.0,1.0,0.0,2020-01-14 09:48:17.706450,315.84,315.87,0
2020-01-14 09:48:18,N,AAPL,315.84,1.0,315.87,1.0,0.0,0.0,2020-01-14 09:48:18.064745,315.8,315.82,-1
2020-01-14 09:48:19,N,AAPL,315.8,3.0,315.82,4.0,1.0,3.0,2020-01-14 09:48:19.162797,315.8,315.81,0
2020-01-14 09:48:20,N,AAPL,315.8,4.0,315.81,1.0,1.0,-2.0,2020-01-14 09:48:20.300532,315.81,315.83,0
2020-01-14 09:48:22,N,AAPL,315.81,3.0,315.83,2.0,-1.0,1.0,2020-01-14 09:48:22.765227,315.8,315.83,0
2020-01-14 09:48:24,N,AAPL,315.8,2.0,315.83,2.0,1.0,1.0,2020-01-14 09:48:24.090354,315.8,315.83,0
2020-01-14 09:48:25,N,AAPL,315.8,2.0,315.83,2.0,-7.0,1.0,2020-01-14 09:48:25.032244,315.81,315.84,0
2020-01-14 09:48:26,N,AAPL,315.81,2.0,315.84,3.0,0.0,2.0,2020-01-14 09:48:26.694803,315.8,315.83,0
2020-01-14 09:48:29,N,AAPL,315.8,5.0,315.83,3.0,3.0,0.0,2020-01-14 09:48:29.126919,315.8,315.82,0
2020-01-14 09:48:30,N,AAPL,315.8,5.0,315.82,4.0,0.0,3.0,2020-01-14 09:48:30.302487,315.81,315.84,0
2020-01-14 09:48:31,N,AAPL,315.81,3.0,315.84,1.0,2.0,-3.0,2020-01-14 09:48:31.989971,315.82,315.84,0
2020-01-14 09:48:33,N,AAPL,315.82,3.0,315.84,2.0,0.0,-1.0,2020-01-14 09:48:33.148193,315.82,315.85,0
2020-01-14 09:48:34,N,AAPL,315.82,2.0,315.85,4.0,0.0,3.0,2020-01-14 09:48:34.567213,315.82,315.84,0
2020-01-14 09:48:35,N,AAPL,315.82,1.0,315.84,4.0,0.0,1.0,2020-01-14 09:48:35.153147,315.74,315.75,-1
2020-01-14 09:48:36,N,AAPL,315.74,6.0,315.75,4.0,-65.0,3.0,2020-01-14 09:48:36.631168,315.75,315.76,0
2020-01-14 09:48:37,N,AAPL,315.75,13.0,315.76,4.0,-12.0,3.0,2020-01-14 09:48:37.326891,315.71,315.74,-1
2020-01-14 09:48:38,N,AAPL,315.71,1.0,315.74,1.0,0.0,-2.0,2020-01-14 09:48:38.273500,315.83,315.85,1
2020-01-14 09:48:39,N,AAPL,315.83,2.0,315.85,2.0,1.0,1.0,2020-01-14 09:48:39.197439,315.81,315.84,0
2020-01-14 09:48:40,N,AAPL,315.81,4.0,315.84,2.0,2.0,0.0,2020-01-14 09:48:40.121394,315.77,315.8,-1
2020-01-14 09:48:41,N,AAPL,315.77,2.0,315.8,2.0,-1.0,-1.0,2020-01-14 09:48:41.034113,315.75,315.79,0
2020-01-14 09:48:42,N,AAPL,315.75,5.0,315.79,5.0,-1.0,2.0,2020-01-14 09:48:42.367110,315.77,315.8,0
2020-01-14 09:48:43,N,AAPL,315.77,3.0,315.8,1.0,2.0,-4.0,2020-01-14 09:48:43.007382,315.79,315.81,0
2020-01-14 09:48:44,N,AAPL,315.79,2.0,315.81,4.0,-2.0,3.0,2020-01-14 09:48:44.510778,315.82,315.84,1
2020-01-14 09:48:46,N,AAPL,315.82,2.0,315.84,1.0,0.0,-2.0,2020-01-14 09:48:46.781259,315.83,315.85,0
2020-01-14 09:48:50,N,AAPL,315.83,2.0,315.85,4.0,0.0,3.0,2020-01-14 09:48:50.042746,315.82,315.85,0
2020-01-14 09:48:52,N,AAPL,315.82,1.0,315.85,3.0,-1.0,2.0,2020-01-14 09:48:52.259733,315.82,315.85,0
2020-01-14 09:48:54,N,AAPL,315.82,4.0,315.85,3.0,3.0,0.0,2020-01-14 09:48:54.021758,315.81,315.84,0
2020-01-14 09:48:55,N,AAPL,315.81,2.0,315.84,3.0,-1.0,1.0,2020-01-14 09:48:55.298772,315.79,315.8,-1
2020-01-14 09:48:56,N,AAPL,315.79,1.0,315.8,1.0,-1.0,0.0,2020-01-14 09:48:56.216632,315.75,315.78,-1
2020-01-14 09:48:57,N,AAPL,315.75,9.0,315.78,2.0,7.0,-2.0,2020-01-14 09:48:57.052765,315.74,315.76,0
2020-01-14 09:48:58,N,AAPL,315.74,1.0,315.76,3.0,-8.0,2.0,2020-01-14 09:48:58.862397,315.69,315.7,-1
2020-01-14 09:49:00,N,AAPL,315.69,2.0,315.7,2.0,1.0,-1.0,2020-01-14 09:49:00.670335,315.66,315.68,-1
2020-01-14 09:49:01,N,AAPL,315.66,2.0,315.68,3.0,0.0,1.0,2020-01-14 09:49:01.870580,315.63,315.65,-1
2020-01-14 09:49:03,N,AAPL,315.63,4.0,315.65,1.0,2.0,-2.0,2020-01-14 09:49:03.331103,315.64,315.66,0
2020-01-14 09:49:04,N,AAPL,315.64,2.0,315.66,1.0,0.0,-1.0,2020-01-14 09:49:04.113599,315.61,315.65,0
2020-01-14 09:49:05,N,AAPL,315.61,3.0,315.65,1.0,1.0,-1.0,2020-01-14 09:49:05.093632,315.61,315.64,0
2020-01-14 09:49:06,N,AAPL,315.61,2.0,315.64,2.0,0.0,0.0,2020-01-14 09:49:06.115670,315.58,315.6,-1
2020-01-14 09:49:07,N,AAPL,315.58,2.0,315.6,1.0,1.0,0.0,2020-01-14 09:49:07.067275,315.62,315.65,1
2020-01-14 09:49:09,N,AAPL,315.62,2.0,315.65,2.0,1.0,0.0,2020-01-14 09:49:09.759017,315.63,315.66,0
2020-01-14 09:49:10,N,AAPL,315.63,2.0,315.66,1.0,-3.0,0.0,2020-01-14 09:49:10.014093,315.66,315.68,0
2020-01-14 09:49:11,N,AAPL,315.66,1.0,315.68,3.0,-1.0,2.0,2020-01-14 09:49:11.298984,315.73,315.75,1
2020-01-14 09:49:13,N,AAPL,315.73,1.0,315.75,5.0,-1.0,4.0,2020-01-14 09:49:13.466354,315.7,315.72,-1
2020-01-14 09:49:14,N,AAPL,315.7,1.0,315.72,1.0,-1.0,-3.0,2020-01-14 09:49:14.528784,315.71,315.73,0
2020-01-14 09:49:16,N,AAPL,315.71,1.0,315.73,1.0,-1.0,-1.0,2020-01-14 09:49:16.961408,315.73,315.75,0
2020-01-14 09:49:17,N,AAPL,315.73,3.0,315.75,5.0,2.0,4.0,2020-01-14 09:49:17.335026,315.71,315.74,0
2020-01-14 09:49:18,N,AAPL,315.71,1.0,315.74,1.0,-2.0,-4.0,2020-01-14 09:49:18.573486,315.72,315.75,0
2020-01-14 09:49:19,N,AAPL,315.72,2.0,315.75,4.0,-1.0,2.0,2020-01-14 09:49:19.339291,315.72,315.75,0
2020-01-14 09:49:20,N,AAPL,315.72,5.0,315.75,1.0,1.0,0.0,2020-01-14 09:49:20.140645,315.74,315.75,0
2020-01-14 09:49:22,N,AAPL,315.74,5.0,315.75,2.0,0.0,1.0,2020-01-14 09:49:22.455628,315.73,315.75,0
2020-01-14 09:49:23,N,AAPL,315.73,2.0,315.75,1.0,-1.0,0.0,2020-01-14 09:49:23.108823,315.75,315.76,0
2020-01-14 09:49:27,N,AAPL,315.75,2.0,315.76,1.0,0.0,0.0,2020-01-14 09:49:27.081965,315.71,315.73,-1
2020-01-14 09:49:29,N,AAPL,315.71,2.0,315.73,1.0,-1.0,-1.0,2020-01-14 09:49:29.787633,315.67,315.71,0
2020-01-14 09:49:30,N,AAPL,315.67,3.0,315.71,3.0,1.0,0.0,2020-01-14 09:49:30.125153,315.66,315.69,0
2020-01-14 09:49:31,N,AAPL,315.66,1.0,315.69,2.0,0.0,0.0,2020-01-14 09:49:31.492127,315.65,315.68,0
2020-01-14 09:49:32,N,AAPL,315.65,2.0,315.68,2.0,-2.0,0.0,2020-01-14 09:49:32.684882,315.65,315.67,0
2020-01-14 09:49:33,N,AAPL,315.65,3.0,315.67,4.0,1.0,2.0,2020-01-14 09:49:33.190290,315.57,315.6,-1
2020-01-14 09:49:34,N,AAPL,315.57,4.0,315.6,4.0,2.0,3.0,2020-01-14 09:49:34.034626,315.58,315.6,0
2020-01-14 09:49:35,N,AAPL,315.58,4.0,315.6,1.0,0.0,0.0,2020-01-14 09:49:35.573996,315.62,315.66,1
2020-01-14 09:49:36,N,AAPL,315.62,2.0,315.66,2.0,0.0,0.0,2020-01-14 09:49:36.014569,315.52,315.55,-1
2020-01-14 09:49:38,N,AAPL,315.52,2.0,315.55,3.0,0.0,2.0,2020-01-14 09:49:38.809127,315.53,315.55,0
2020-01-14 09:49:39,N,AAPL,315.53,4.0,315.55,1.0,3.0,-2.0,2020-01-14 09:49:39.612197,315.52,315.55,0
2020-01-14 09:49:40,N,AAPL,315.52,2.0,315.55,3.0,-3.0,0.0,2020-01-14 09:49:40.132183,315.52,315.54,0
2020-01-14 09:49:42,N,AAPL,315.52,1.0,315.54,2.0,-1.0,1.0,2020-01-14 09:49:42.596626,315.52,315.55,0
2020-01-14 09:49:43,N,AAPL,315.52,4.0,315.55,6.0,3.0,4.0,2020-01-14 09:49:43.257445,315.55,315.57,0
2020-01-14 09:49:44,N,AAPL,315.55,2.0,315.57,2.0,-2.0,-1.0,2020-01-14 09:49:44.192775,315.51,315.55,0
2020-01-14 09:49:45,N,AAPL,315.51,5.0,315.55,2.0,4.0,1.0,2020-01-14 09:49:45.464229,315.52,315.55,0
2020-01-14 09:49:46,N,AAPL,315.52,4.0,315.55,1.0,2.0,0.0,2020-01-14 09:49:46.047778,315.54,315.55,0
2020-01-14 09:49:50,N,AAPL,315.54,4.0,315.55,1.0,2.0,0.0,2020-01-14 09:49:50.095717,315.53,315.55,0
2020-01-14 09:49:51,N,AAPL,315.53,2.0,315.55,1.0,1.0,0.0,2020-01-14 09:49:51.144432,315.53,315.55,0
2020-01-14 09:49:53,N,AAPL,315.53,2.0,315.55,1.0,0.0,0.0,2020-01-14 09:49:53.461970,315.53,315.55,0
2020-01-14 09:49:54,N,AAPL,315.53,1.0,315.55,1.0,0.0,0.0,2020-01-14 09:49:54.054036,315.51,315.53,0
2020-01-14 09:49:56,N,AAPL,315.51,2.0,315.53,4.0,1.0,3.0,2020-01-14 09:49:56.625827,315.5,315.51,0
2020-01-14 09:49:57,N,AAPL,315.5,33.0,315.51,8.0,31.0,4.0,2020-01-14 09:49:57.003992,315.32,315.35,-1
2020-01-14 09:49:58,N,AAPL,315.32,2.0,315.35,1.0,0.0,-1.0,2020-01-14 09:49:58.004409,315.33,315.37,0
2020-01-14 09:49:59,N,AAPL,315.33,1.0,315.37,3.0,0.0,1.0,2020-01-14 09:49:59.099447,315.37,315.39,0
2020-01-14 09:50:01,N,AAPL,315.37,1.0,315.39,2.0,-1.0,0.0,2020-01-14 09:50:01.404734,315.42,315.44,1
2020-01-14 09:50:02,N,AAPL,315.42,1.0,315.44,1.0,-4.0,0.0,2020-01-14 09:50:02.027030,315.48,315.51,1
2020-01-14 09:50:03,N,AAPL,315.48,2.0,315.51,2.0,1.0,0.0,2020-01-14 09:50:03.698630,315.48,315.52,0
2020-01-14 09:50:04,N,AAPL,315.48,2.0,315.52,1.0,0.0,-1.0,2020-01-14 09:50:04.233681,315.48,315.51,0
2020-01-14 09:50:05,N,AAPL,315.48,1.0,315.51,1.0,-1.0,-1.0,2020-01-14 09:50:05.454765,315.5,315.53,0
2020-01-14 09:50:06,N,AAPL,315.5,2.0,315.53,2.0,1.0,1.0,2020-01-14 09:50:06.611717,315.52,315.55,0
2020-01-14 09:50:07,N,AAPL,315.52,2.0,315.55,4.0,0.0,2.0,2020-01-14 09:50:07.034174,315.49,315.52,0
2020-01-14 09:50:08,N,AAPL,315.49,1.0,315.52,1.0,-2.0,-2.0,2020-01-14 09:50:08.236058,315.46,315.51,0
2020-01-14 09:50:09,N,AAPL,315.46,2.0,315.51,2.0,0.0,-1.0,2020-01-14 09:50:09.279490,315.45,315.46,0
2020-01-14 09:50:10,N,AAPL,315.45,6.0,315.46,1.0,-2.0,-1.0,2020-01-14 09:50:10.293532,315.39,315.41,-1
2020-01-14 09:50:11,N,AAPL,315.39,5.0,315.41,1.0,-11.0,-11.0,2020-01-14 09:50:11.228819,315.4,315.43,0
2020-01-14 09:50:12,N,AAPL,315.4,1.0,315.43,1.0,-1.0,-3.0,2020-01-14 09:50:12.509117,315.39,315.42,0
2020-01-14 09:50:13,N,AAPL,315.39,6.0,315.42,4.0,5.0,-1.0,2020-01-14 09:50:13.044480,315.38,315.4,0
2020-01-14 09:50:14,N,AAPL,315.38,1.0,315.4,2.0,0.0,-3.0,2020-01-14 09:50:14.389899,315.41,315.44,1
2020-01-14 09:50:15,N,AAPL,315.41,2.0,315.44,2.0,1.0,1.0,2020-01-14 09:50:15.289871,315.42,315.45,0
2020-01-14 09:50:16,N,AAPL,315.42,2.0,315.45,3.0,0.0,0.0,2020-01-14 09:50:16.009154,315.48,315.5,1
2020-01-14 09:50:17,N,AAPL,315.48,3.0,315.5,2.0,2.0,1.0,2020-01-14 09:50:17.270055,315.49,315.51,0
2020-01-14 09:50:18,N,AAPL,315.49,1.0,315.51,2.0,-2.0,0.0,2020-01-14 09:50:18.062583,315.45,315.49,0
2020-01-14 09:50:19,N,AAPL,315.45,4.0,315.49,3.0,0.0,2.0,2020-01-14 09:50:19.006187,315.43,315.46,0
2020-01-14 09:50:20,N,AAPL,315.43,1.0,315.46,4.0,0.0,0.0,2020-01-14 09:50:20.066882,315.55,315.56,1
2020-01-14 09:50:21,N,AAPL,315.55,2.0,315.56,2.0,1.0,1.0,2020-01-14 09:50:21.521566,315.55,315.57,0
2020-01-14 09:50:22,N,AAPL,315.55,2.0,315.57,2.0,0.0,0.0,2020-01-14 09:50:22.004106,315.5,315.52,-1
2020-01-14 09:50:23,N,AAPL,315.5,13.0,315.52,1.0,12.0,-1.0,2020-01-14 09:50:23.362121,315.5,315.53,0
2020-01-14 09:50:24,N,AAPL,315.5,13.0,315.53,1.0,11.0,0.0,2020-01-14 09:50:24.352291,315.43,315.47,-1
2020-01-14 09:50:25,N,AAPL,315.43,4.0,315.47,2.0,2.0,-2.0,2020-01-14 09:50:25.349315,315.41,315.42,-1
2020-01-14 09:50:26,N,AAPL,315.41,1.0,315.42,4.0,-1.0,1.0,2020-01-14 09:50:26.622119,315.31,315.35,-1
2020-01-14 09:50:27,N,AAPL,315.31,2.0,315.35,4.0,0.0,1.0,2020-01-14 09:50:27.315228,315.28,315.31,0
2020-01-14 09:50:28,N,AAPL,315.28,2.0,315.31,4.0,1.0,1.0,2020-01-14 09:50:28.216177,315.31,315.34,0
