last_interval,Exchange,Symbol,Best_Bid_Price,FB0,Best_Offer_Price,FA0,FB2,FA2,p_time,Next_Best_Bid,Next_Best_Offer,outcome
2020-01-23 09:30:25,N,AAPL,318.11,1.0,318.19,1.0,0.0,0.0,2020-01-23 09:30:25.861538,318.22,318.25,1
2020-01-23 09:30:28,N,AAPL,318.22,4.0,318.25,3.0,3.0,2.0,2020-01-23 09:30:28.573258,318.28,318.31,1
2020-01-23 09:30:29,N,AAPL,318.28,4.0,318.31,1.0,1.0,-1.0,2020-01-23 09:30:29.888120,318.27,318.3,0
2020-01-23 09:30:31,N,AAPL,318.27,1.0,318.3,2.0,-1.0,1.0,2020-01-23 09:30:31.214840,318.31,318.35,1
2020-01-23 09:30:32,N,AAPL,318.31,4.0,318.35,32.0,1.0,31.0,2020-01-23 09:30:32.050292,318.45,318.48,1
2020-01-23 09:30:33,N,AAPL,318.45,2.0,318.48,2.0,0.0,1.0,2020-01-23 09:30:33.016895,318.43,318.45,0
2020-01-23 09:30:35,N,AAPL,318.43,1.0,318.45,1.0,-2.0,-1.0,2020-01-23 09:30:35.763900,318.43,318.48,0
2020-01-23 09:30:36,N,AAPL,318.43,1.0,318.48,2.0,0.0,0.0,2020-01-23 09:30:36.007805,318.37,318.42,-1
2020-01-23 09:30:37,N,AAPL,318.37,1.0,318.42,4.0,-1.0,3.0,2020-01-23 09:30:37.860536,318.32,318.4,0
2020-01-23 09:30:38,N,AAPL,318.32,2.0,318.4,3.0,1.0,1.0,2020-01-23 09:30:38.190059,318.35,318.39,0
2020-01-23 09:30:39,N,AAPL,318.35,1.0,318.39,1.0,-1.0,0.0,2020-01-23 09:30:39.459668,318.26,318.3,-1
2020-01-23 09:30:40,N,AAPL,318.26,2.0,318.3,2.0,-28.0,1.0,2020-01-23 09:30:40.862105,318.22,318.24,-1
2020-01-23 09:30:41,N,AAPL,318.22,2.0,318.24,3.0,0.0,1.0,2020-01-23 09:30:41.240763,318.25,318.3,1
2020-01-23 09:30:42,N,AAPL,318.25,3.0,318.3,2.0,1.0,1.0,2020-01-23 09:30:42.530848,318.25,318.3,0
2020-01-23 09:30:43,N,AAPL,318.25,3.0,318.3,2.0,0.0,0.0,2020-01-23 09:30:43.524010,318.24,318.3,0
2020-01-23 09:30:44,N,AAPL,318.24,7.0,318.3,5.0,4.0,3.0,2020-01-23 09:30:44.708112,318.13,318.19,-1
2020-01-23 09:30:45,N,AAPL,318.13,3.0,318.19,1.0,1.0,0.0,2020-01-23 09:30:45.021498,318.03,318.09,-1
2020-01-23 09:30:46,N,AAPL,318.03,3.0,318.09,2.0,2.0,1.0,2020-01-23 09:30:46.004390,318.02,318.06,0
2020-01-23 09:30:47,N,AAPL,318.02,16.0,318.06,4.0,15.0,3.0,2020-01-23 09:30:47.725125,318.04,318.13,0
2020-01-23 09:30:48,N,AAPL,318.04,2.0,318.13,2.0,-2.0,1.0,2020-01-23 09:30:48.028484,318.03,318.12,0
2020-01-23 09:30:49,N,AAPL,318.03,2.0,318.12,2.0,0.0,0.0,2020-01-23 09:30:49.155801,318.09,318.17,0
2020-01-23 09:30:50,N,AAPL,318.09,3.0,318.17,1.0,1.0,-1.0,2020-01-23 09:30:50.112303,318.12,318.17,0
2020-01-23 09:30:52,N,AAPL,318.12,2.0,318.17,2.0,-1.0,1.0,2020-01-23 09:30:52.577792,318.08,318.13,0
2020-01-23 09:30:53,N,AAPL,318.08,2.0,318.13,2.0,0.0,0.0,2020-01-23 09:30:53.601686,318.07,318.15,0
2020-01-23 09:30:54,N,AAPL,318.07,3.0,318.15,3.0,1.0,1.0,2020-01-23 09:30:54.103315,318.11,318.12,0
2020-01-23 09:30:55,N,AAPL,318.11,3.0,318.12,1.0,1.0,-1.0,2020-01-23 09:30:55.670466,318.13,318.18,1
2020-01-23 09:30:56,N,AAPL,318.13,1.0,318.18,2.0,-3.0,1.0,2020-01-23 09:30:56.031444,318.05,318.13,0
2020-01-23 09:30:57,N,AAPL,318.05,2.0,318.13,1.0,1.0,-3.0,2020-01-23 09:30:57.221482,318.1,318.18,0
2020-01-23 09:30:58,N,AAPL,318.1,2.0,318.18,1.0,-1.0,0.0,2020-01-23 09:30:58.062760,318.3,318.36,1
2020-01-23 09:30:59,N,AAPL,318.3,3.0,318.36,2.0,2.0,0.0,2020-01-23 09:30:59.143805,318.26,318.33,0
2020-01-23 09:31:00,N,AAPL,318.26,2.0,318.33,4.0,1.0,2.0,2020-01-23 09:31:00.705000,318.33,318.37,0
2020-01-23 09:31:01,N,AAPL,318.33,2.0,318.37,2.0,-1.0,1.0,2020-01-23 09:31:01.384115,318.28,318.33,0
2020-01-23 09:31:02,N,AAPL,318.28,2.0,318.33,2.0,0.0,1.0,2020-01-23 09:31:02.699341,318.31,318.37,0
2020-01-23 09:31:03,N,AAPL,318.31,1.0,318.37,2.0,-1.0,1.0,2020-01-23 09:31:03.332990,318.25,318.33,0
2020-01-23 09:31:04,N,AAPL,318.25,4.0,318.33,2.0,2.0,0.0,2020-01-23 09:31:04.060226,318.24,318.3,0
2020-01-23 09:31:05,N,AAPL,318.24,2.0,318.3,2.0,0.0,0.0,2020-01-23 09:31:05.147600,318.27,318.33,0
2020-01-23 09:31:06,N,AAPL,318.27,1.0,318.33,1.0,-1.0,-3.0,2020-01-23 09:31:06.274323,318.24,318.3,0
2020-01-23 09:31:07,N,AAPL,318.24,2.0,318.3,1.0,1.0,0.0,2020-01-23 09:31:07.323577,318.19,318.23,-1
2020-01-23 09:31:08,N,AAPL,318.19,8.0,318.23,2.0,7.0,0.0,2020-01-23 09:31:08.004928,318.17,318.25,0
2020-01-23 09:31:09,N,AAPL,318.17,2.0,318.25,1.0,1.0,-1.0,2020-01-23 09:31:09.146714,318.15,318.2,0
2020-01-23 09:31:10,N,AAPL,318.15,2.0,318.2,4.0,0.0,2.0,2020-01-23 09:31:10.881838,318.09,318.12,-1
2020-01-23 09:31:11,N,AAPL,318.09,2.0,318.12,2.0,0.0,0.0,2020-01-23 09:31:11.129090,318.11,318.17,0
2020-01-23 09:31:12,N,AAPL,318.11,1.0,318.17,2.0,0.0,0.0,2020-01-23 09:31:12.093047,318.13,318.18,0
2020-01-23 09:31:14,N,AAPL,318.13,1.0,318.18,2.0,0.0,0.0,2020-01-23 09:31:14.274968,318.16,318.23,0
2020-01-23 09:31:15,N,AAPL,318.16,1.0,318.23,2.0,-2.0,1.0,2020-01-23 09:31:15.564056,318.18,318.24,0
2020-01-23 09:31:16,N,AAPL,318.18,4.0,318.24,1.0,2.0,-2.0,2020-01-23 09:31:16.037012,318.2,318.25,0
2020-01-23 09:31:17,N,AAPL,318.2,2.0,318.25,1.0,1.0,-1.0,2020-01-23 09:31:17.521133,318.23,318.28,0
2020-01-23 09:31:19,N,AAPL,318.23,4.0,318.28,2.0,3.0,0.0,2020-01-23 09:31:19.052423,318.24,318.28,0
2020-01-23 09:31:20,N,AAPL,318.24,1.0,318.28,2.0,-2.0,-3.0,2020-01-23 09:31:20.002152,318.28,318.31,0
2020-01-23 09:31:21,N,AAPL,318.28,1.0,318.31,2.0,0.0,-9.0,2020-01-23 09:31:21.410107,318.24,318.29,0
2020-01-23 09:31:22,N,AAPL,318.24,1.0,318.29,2.0,0.0,0.0,2020-01-23 09:31:22.626028,318.29,318.32,0
2020-01-23 09:31:25,N,AAPL,318.29,13.0,318.32,2.0,12.0,0.0,2020-01-23 09:31:25.927475,318.3,318.34,0
2020-01-23 09:31:26,N,AAPL,318.3,14.0,318.34,16.0,1.0,15.0,2020-01-23 09:31:26.975286,318.23,318.26,-1
2020-01-23 09:31:27,N,AAPL,318.23,3.0,318.26,3.0,-11.0,-13.0,2020-01-23 09:31:27.388376,318.14,318.17,-1
2020-01-23 09:31:28,N,AAPL,318.14,1.0,318.17,2.0,0.0,0.0,2020-01-23 09:31:28.348386,318.03,318.08,-1
2020-01-23 09:31:29,N,AAPL,318.03,1.0,318.08,2.0,0.0,1.0,2020-01-23 09:31:29.987936,318.04,318.1,0
2020-01-23 09:31:30,N,AAPL,318.04,1.0,318.1,2.0,0.0,0.0,2020-01-23 09:31:30.170661,318.04,318.14,0
2020-01-23 09:31:31,N,AAPL,318.04,11.0,318.14,2.0,10.0,0.0,2020-01-23 09:31:31.119675,318.03,318.09,0
2020-01-23 09:31:32,N,AAPL,318.03,2.0,318.09,2.0,-5.0,0.0,2020-01-23 09:31:32.944555,317.99,318.02,-1
2020-01-23 09:31:33,N,AAPL,317.99,1.0,318.02,4.0,-1.0,2.0,2020-01-23 09:31:33.226390,318.0,318.02,0
2020-01-23 09:31:34,N,AAPL,318.0,1.0,318.02,2.0,0.0,0.0,2020-01-23 09:31:34.108491,318.03,318.08,1
2020-01-23 09:31:35,N,AAPL,318.03,7.0,318.08,2.0,0.0,0.0,2020-01-23 09:31:35.007473,318.04,318.06,0
2020-01-23 09:31:36,N,AAPL,318.04,1.0,318.06,2.0,-12.0,0.0,2020-01-23 09:31:36.280093,318.0,318.04,0
2020-01-23 09:31:37,N,AAPL,318.0,14.0,318.04,2.0,0.0,1.0,2020-01-23 09:31:37.565621,317.96,318.01,0
2020-01-23 09:31:38,N,AAPL,317.96,2.0,318.01,1.0,1.0,-1.0,2020-01-23 09:31:38.344235,317.91,317.96,0
2020-01-23 09:31:39,N,AAPL,317.91,1.0,317.96,2.0,-2.0,0.0,2020-01-23 09:31:39.147447,317.9,317.92,0
2020-01-23 09:31:40,N,AAPL,317.9,4.0,317.92,4.0,3.0,2.0,2020-01-23 09:31:40.057163,317.84,317.9,0
2020-01-23 09:31:41,N,AAPL,317.84,5.0,317.9,4.0,1.0,2.0,2020-01-23 09:31:41.449442,317.8,317.84,0
2020-01-23 09:31:42,N,AAPL,317.8,9.0,317.84,2.0,7.0,1.0,2020-01-23 09:31:42.662659,317.75,317.8,0
2020-01-23 09:31:43,N,AAPL,317.75,1.0,317.8,2.0,-2.0,0.0,2020-01-23 09:31:43.155202,317.72,317.79,0
2020-01-23 09:31:44,N,AAPL,317.72,1.0,317.79,2.0,-53.0,0.0,2020-01-23 09:31:44.409291,317.66,317.73,0
2020-01-23 09:31:45,N,AAPL,317.66,3.0,317.73,1.0,1.0,0.0,2020-01-23 09:31:45.060537,317.59,317.68,0
2020-01-23 09:31:46,N,AAPL,317.59,9.0,317.68,2.0,8.0,0.0,2020-01-23 09:31:46.073060,317.63,317.71,0
2020-01-23 09:31:47,N,AAPL,317.63,1.0,317.71,2.0,-1.0,1.0,2020-01-23 09:31:47.008016,317.64,317.72,0
2020-01-23 09:31:48,N,AAPL,317.64,2.0,317.72,2.0,1.0,0.0,2020-01-23 09:31:48.057804,317.7,317.76,0
2020-01-23 09:31:49,N,AAPL,317.7,2.0,317.76,2.0,1.0,1.0,2020-01-23 09:31:49.027276,317.74,317.86,0
2020-01-23 09:31:50,N,AAPL,317.74,4.0,317.86,2.0,0.0,1.0,2020-01-23 09:31:50.174195,317.86,317.93,0
2020-01-23 09:31:51,N,AAPL,317.86,4.0,317.93,2.0,0.0,1.0,2020-01-23 09:31:51.054453,317.94,317.99,1
2020-01-23 09:31:52,N,AAPL,317.94,1.0,317.99,1.0,-2.0,-1.0,2020-01-23 09:31:52.244277,317.89,317.96,0
2020-01-23 09:31:53,N,AAPL,317.89,1.0,317.96,2.0,-1.0,1.0,2020-01-23 09:31:53.348189,317.86,317.89,0
2020-01-23 09:31:54,N,AAPL,317.86,2.0,317.89,2.0,1.0,0.0,2020-01-23 09:31:54.676241,317.86,317.9,0
2020-01-23 09:31:55,N,AAPL,317.86,5.0,317.9,2.0,3.0,0.0,2020-01-23 09:31:55.081677,317.94,317.99,1
2020-01-23 09:31:56,N,AAPL,317.94,2.0,317.99,3.0,1.0,1.0,2020-01-23 09:31:56.341924,317.98,318.05,0
2020-01-23 09:31:57,N,AAPL,317.98,2.0,318.05,2.0,0.0,-2.0,2020-01-23 09:31:57.018528,317.99,318.06,0
2020-01-23 09:31:58,N,AAPL,317.99,1.0,318.06,4.0,0.0,1.0,2020-01-23 09:31:58.024529,317.99,318.03,0
2020-01-23 09:31:59,N,AAPL,317.99,1.0,318.03,4.0,0.0,3.0,2020-01-23 09:31:59.204041,317.87,317.92,-1
2020-01-23 09:32:00,N,AAPL,317.87,3.0,317.92,2.0,2.0,0.0,2020-01-23 09:32:00.032055,317.77,317.85,-1
2020-01-23 09:32:01,N,AAPL,317.77,4.0,317.85,2.0,2.0,0.0,2020-01-23 09:32:01.063964,317.67,317.74,-1
2020-01-23 09:32:02,N,AAPL,317.67,1.0,317.74,2.0,0.0,0.0,2020-01-23 09:32:02.473241,317.64,317.69,0
2020-01-23 09:32:03,N,AAPL,317.64,5.0,317.69,2.0,4.0,1.0,2020-01-23 09:32:03.308752,317.68,317.78,0
2020-01-23 09:32:04,N,AAPL,317.68,1.0,317.78,2.0,-1.0,1.0,2020-01-23 09:32:04.199804,317.7,317.76,0
2020-01-23 09:32:06,N,AAPL,317.7,1.0,317.76,3.0,-1.0,2.0,2020-01-23 09:32:06.522502,317.71,317.78,0
2020-01-23 09:32:07,N,AAPL,317.71,1.0,317.78,1.0,-1.0,0.0,2020-01-23 09:32:07.777253,317.75,317.79,0
2020-01-23 09:32:09,N,AAPL,317.75,2.0,317.79,1.0,1.0,0.0,2020-01-23 09:32:09.568097,317.73,317.79,0
2020-01-23 09:32:10,N,AAPL,317.73,2.0,317.79,2.0,1.0,1.0,2020-01-23 09:32:10.723892,317.7,317.73,0
2020-01-23 09:32:11,N,AAPL,317.7,2.0,317.73,1.0,1.0,-1.0,2020-01-23 09:32:11.173430,317.58,317.65,-1
2020-01-23 09:32:12,N,AAPL,317.58,2.0,317.65,1.0,1.0,-2.0,2020-01-23 09:32:12.376158,317.58,317.69,0
2020-01-23 09:32:15,N,AAPL,317.58,4.0,317.69,1.0,3.0,-1.0,2020-01-23 09:32:15.116741,317.61,317.68,0
2020-01-23 09:32:16,N,AAPL,317.61,1.0,317.68,2.0,0.0,-2.0,2020-01-23 09:32:16.056866,317.57,317.62,0
2020-01-23 09:32:18,N,AAPL,317.57,5.0,317.62,4.0,2.0,3.0,2020-01-23 09:32:18.011814,317.6,317.66,0
2020-01-23 09:32:19,N,AAPL,317.6,1.0,317.66,1.0,0.0,-1.0,2020-01-23 09:32:19.010273,317.62,317.66,0
2020-01-23 09:32:20,N,AAPL,317.62,12.0,317.66,4.0,10.0,3.0,2020-01-23 09:32:20.284804,317.6,317.64,0
2020-01-23 09:32:21,N,AAPL,317.6,1.0,317.64,4.0,-11.0,0.0,2020-01-23 09:32:21.124575,317.6,317.67,0
2020-01-23 09:32:22,N,AAPL,317.6,3.0,317.67,2.0,2.0,1.0,2020-01-23 09:32:22.006897,317.57,317.63,0
2020-01-23 09:32:23,N,AAPL,317.57,2.0,317.63,1.0,0.0,-2.0,2020-01-23 09:32:23.012226,317.58,317.64,0
2020-01-23 09:32:25,N,AAPL,317.58,4.0,317.64,2.0,3.0,0.0,2020-01-23 09:32:25.051516,317.58,317.63,0
2020-01-23 09:32:27,N,AAPL,317.58,1.0,317.63,1.0,0.0,0.0,2020-01-23 09:32:27.595739,317.63,317.69,0
2020-01-23 09:32:28,N,AAPL,317.63,1.0,317.69,4.0,0.0,2.0,2020-01-23 09:32:28.068414,317.59,317.68,0
2020-01-23 09:32:29,N,AAPL,317.59,1.0,317.68,2.0,-1.0,0.0,2020-01-23 09:32:29.156441,317.58,317.6,0
2020-01-23 09:32:30,N,AAPL,317.58,1.0,317.6,2.0,0.0,0.0,2020-01-23 09:32:30.040454,317.61,317.66,1
2020-01-23 09:32:31,N,AAPL,317.61,2.0,317.66,2.0,1.0,1.0,2020-01-23 09:32:31.800084,317.6,317.68,0
2020-01-23 09:32:32,N,AAPL,317.6,2.0,317.68,2.0,-2.0,0.0,2020-01-23 09:32:32.163356,317.59,317.65,0
2020-01-23 09:32:33,N,AAPL,317.59,1.0,317.65,1.0,-1.0,-2.0,2020-01-23 09:32:33.417771,317.58,317.63,0
2020-01-23 09:32:34,N,AAPL,317.58,2.0,317.63,2.0,1.0,1.0,2020-01-23 09:32:34.086557,317.45,317.5,-1
2020-01-23 09:32:35,N,AAPL,317.45,2.0,317.5,2.0,1.0,-1.0,2020-01-23 09:32:35.104526,317.46,317.51,0
2020-01-23 09:32:36,N,AAPL,317.46,2.0,317.51,2.0,-4.0,1.0,2020-01-23 09:32:36.368052,317.5,317.6,0
2020-01-23 09:32:37,N,AAPL,317.5,1.0,317.6,1.0,-1.0,0.0,2020-01-23 09:32:37.220099,317.57,317.63,0
2020-01-23 09:32:38,N,AAPL,317.57,1.0,317.63,2.0,0.0,1.0,2020-01-23 09:32:38.256047,317.68,317.73,1
2020-01-23 09:32:39,N,AAPL,317.68,2.0,317.73,2.0,0.0,0.0,2020-01-23 09:32:39.198517,317.71,317.76,0
2020-01-23 09:32:41,N,AAPL,317.71,1.0,317.76,2.0,-2.0,1.0,2020-01-23 09:32:41.407825,317.67,317.75,0
2020-01-23 09:32:42,N,AAPL,317.67,1.0,317.75,2.0,-1.0,-1.0,2020-01-23 09:32:42.342670,317.7,317.76,0
2020-01-23 09:32:43,N,AAPL,317.7,1.0,317.76,2.0,0.0,0.0,2020-01-23 09:32:43.237818,317.58,317.68,-1
2020-01-23 09:32:44,N,AAPL,317.58,1.0,317.68,1.0,0.0,0.0,2020-01-23 09:32:44.785625,317.57,317.68,0
2020-01-23 09:32:45,N,AAPL,317.57,2.0,317.68,1.0,0.0,0.0,2020-01-23 09:32:45.388976,317.58,317.68,0
2020-01-23 09:32:46,N,AAPL,317.58,9.0,317.68,1.0,7.0,0.0,2020-01-23 09:32:46.587357,317.66,317.74,0
2020-01-23 09:32:47,N,AAPL,317.66,4.0,317.74,2.0,-5.0,1.0,2020-01-23 09:32:47.468995,317.69,317.75,0
2020-01-23 09:32:48,N,AAPL,317.69,4.0,317.75,3.0,3.0,2.0,2020-01-23 09:32:48.106271,317.58,317.64,-1
2020-01-23 09:32:49,N,AAPL,317.58,11.0,317.64,3.0,0.0,1.0,2020-01-23 09:32:49.037002,317.59,317.68,0
2020-01-23 09:32:50,N,AAPL,317.59,1.0,317.68,2.0,-8.0,1.0,2020-01-23 09:32:50.333620,317.58,317.68,0
2020-01-23 09:32:51,N,AAPL,317.58,10.0,317.68,2.0,9.0,0.0,2020-01-23 09:32:51.106625,317.47,317.5,-1
2020-01-23 09:32:54,N,AAPL,317.47,6.0,317.5,4.0,5.0,2.0,2020-01-23 09:32:54.284843,317.47,317.52,0
2020-01-23 09:32:55,N,AAPL,317.47,6.0,317.52,3.0,5.0,1.0,2020-01-23 09:32:55.281635,317.46,317.51,0
2020-01-23 09:32:56,N,AAPL,317.46,1.0,317.51,1.0,0.0,0.0,2020-01-23 09:32:56.009064,317.39,317.45,-1
2020-01-23 09:32:57,N,AAPL,317.39,1.0,317.45,1.0,0.0,-2.0,2020-01-23 09:32:57.506022,317.36,317.39,0
2020-01-23 09:32:58,N,AAPL,317.36,1.0,317.39,4.0,-1.0,3.0,2020-01-23 09:32:58.815923,317.37,317.43,0
2020-01-23 09:32:59,N,AAPL,317.37,4.0,317.43,2.0,0.0,0.0,2020-01-23 09:32:59.039627,317.33,317.37,0
2020-01-23 09:33:00,N,AAPL,317.33,1.0,317.37,1.0,0.0,-3.0,2020-01-23 09:33:00.078435,317.31,317.34,0
2020-01-23 09:33:01,N,AAPL,317.31,1.0,317.34,1.0,-3.0,-3.0,2020-01-23 09:33:01.750187,317.28,317.32,0
2020-01-23 09:33:02,N,AAPL,317.28,8.0,317.32,2.0,7.0,1.0,2020-01-23 09:33:02.016963,317.29,317.33,0
2020-01-23 09:33:03,N,AAPL,317.29,2.0,317.33,1.0,1.0,-2.0,2020-01-23 09:33:03.118628,317.25,317.3,0
2020-01-23 09:33:04,N,AAPL,317.25,11.0,317.3,1.0,1.0,-2.0,2020-01-23 09:33:04.065880,317.21,317.25,0
2020-01-23 09:33:05,N,AAPL,317.21,2.0,317.25,1.0,1.0,0.0,2020-01-23 09:33:05.502942,317.15,317.22,0
2020-01-23 09:33:06,N,AAPL,317.15,2.0,317.22,1.0,0.0,-1.0,2020-01-23 09:33:06.044844,317.15,317.19,0
2020-01-23 09:33:07,N,AAPL,317.15,1.0,317.19,3.0,-4.0,2.0,2020-01-23 09:33:07.121206,317.09,317.12,-1
2020-01-23 09:33:08,N,AAPL,317.09,2.0,317.12,4.0,0.0,1.0,2020-01-23 09:33:08.000331,317.12,317.15,0
2020-01-23 09:33:09,N,AAPL,317.12,3.0,317.15,2.0,2.0,1.0,2020-01-23 09:33:09.021603,317.05,317.1,-1
2020-01-23 09:33:10,N,AAPL,317.05,2.0,317.1,2.0,-1.0,1.0,2020-01-23 09:33:10.913143,317.03,317.11,0
2020-01-23 09:33:11,N,AAPL,317.03,2.0,317.11,2.0,0.0,1.0,2020-01-23 09:33:11.008599,316.83,316.89,-1
2020-01-23 09:33:12,N,AAPL,316.83,1.0,316.89,1.0,-1.0,-3.0,2020-01-23 09:33:12.078734,316.82,316.89,0
2020-01-23 09:33:13,N,AAPL,316.82,1.0,316.89,2.0,-1.0,1.0,2020-01-23 09:33:13.159371,316.94,316.97,1
2020-01-23 09:33:14,N,AAPL,316.94,15.0,316.97,2.0,13.0,1.0,2020-01-23 09:33:14.065016,316.95,317.01,0
2020-01-23 09:33:15,N,AAPL,316.95,2.0,317.01,2.0,1.0,1.0,2020-01-23 09:33:15.276109,316.94,317.0,0
2020-01-23 09:33:16,N,AAPL,316.94,12.0,317.0,2.0,10.0,0.0,2020-01-23 09:33:16.068188,317.0,317.06,0
2020-01-23 09:33:17,N,AAPL,317.0,1.0,317.06,4.0,-2.0,0.0,2020-01-23 09:33:17.069416,317.0,317.07,0
2020-01-23 09:33:18,N,AAPL,317.0,2.0,317.07,1.0,0.0,0.0,2020-01-23 09:33:18.010642,317.18,317.25,1
2020-01-23 09:33:19,N,AAPL,317.18,1.0,317.25,2.0,-3.0,0.0,2020-01-23 09:33:19.017799,317.25,317.27,0
2020-01-23 09:33:20,N,AAPL,317.25,1.0,317.27,2.0,-7.0,-3.0,2020-01-23 09:33:20.409891,317.23,317.3,0
2020-01-23 09:33:22,N,AAPL,317.23,2.0,317.3,1.0,1.0,-1.0,2020-01-23 09:33:22.445636,317.21,317.27,0
2020-01-23 09:33:23,N,AAPL,317.21,7.0,317.27,1.0,4.0,-1.0,2020-01-23 09:33:23.376558,317.23,317.3,0
2020-01-23 09:33:24,N,AAPL,317.23,4.0,317.3,1.0,0.0,0.0,2020-01-23 09:33:24.031042,317.03,317.1,-1
2020-01-23 09:33:25,N,AAPL,317.03,2.0,317.1,2.0,1.0,0.0,2020-01-23 09:33:25.761301,317.04,317.11,0
2020-01-23 09:33:26,N,AAPL,317.04,1.0,317.11,2.0,0.0,0.0,2020-01-23 09:33:26.296488,317.03,317.11,0
2020-01-23 09:33:27,N,AAPL,317.03,2.0,317.11,2.0,0.0,0.0,2020-01-23 09:33:27.063156,317.04,317.13,0
2020-01-23 09:33:28,N,AAPL,317.04,2.0,317.13,2.0,0.0,1.0,2020-01-23 09:33:28.509335,317.05,317.15,0
2020-01-23 09:33:30,N,AAPL,317.05,3.0,317.15,2.0,1.0,0.0,2020-01-23 09:33:30.291472,317.07,317.17,0
2020-01-23 09:33:31,N,AAPL,317.07,4.0,317.17,2.0,2.0,0.0,2020-01-23 09:33:31.016873,317.11,317.19,0
2020-01-23 09:33:32,N,AAPL,317.11,1.0,317.19,3.0,0.0,-1.0,2020-01-23 09:33:32.331780,317.07,317.17,0
2020-01-23 09:33:33,N,AAPL,317.07,7.0,317.17,2.0,-2.0,0.0,2020-01-23 09:33:33.249316,317.09,317.18,0
2020-01-23 09:33:34,N,AAPL,317.09,1.0,317.18,5.0,-6.0,1.0,2020-01-23 09:33:34.667918,317.17,317.2,0
2020-01-23 09:33:35,N,AAPL,317.17,1.0,317.2,2.0,0.0,-3.0,2020-01-23 09:33:35.198407,317.17,317.22,0
2020-01-23 09:33:36,N,AAPL,317.17,3.0,317.22,1.0,-1.0,-1.0,2020-01-23 09:33:36.800128,317.17,317.24,0
2020-01-23 09:33:37,N,AAPL,317.17,6.0,317.24,2.0,3.0,1.0,2020-01-23 09:33:37.100384,317.12,317.21,0
2020-01-23 09:33:38,N,AAPL,317.12,2.0,317.21,2.0,0.0,-2.0,2020-01-23 09:33:38.572387,317.18,317.26,0
2020-01-23 09:33:39,N,AAPL,317.18,3.0,317.26,1.0,1.0,0.0,2020-01-23 09:33:39.103930,317.19,317.26,0
2020-01-23 09:33:40,N,AAPL,317.19,1.0,317.26,1.0,-1.0,0.0,2020-01-23 09:33:40.011284,317.17,317.23,0
2020-01-23 09:33:41,N,AAPL,317.17,2.0,317.23,2.0,1.0,0.0,2020-01-23 09:33:41.122177,317.2,317.25,0
2020-01-23 09:33:42,N,AAPL,317.2,3.0,317.25,1.0,1.0,0.0,2020-01-23 09:33:42.606042,317.24,317.3,0
2020-01-23 09:33:43,N,AAPL,317.24,2.0,317.3,1.0,0.0,0.0,2020-01-23 09:33:43.526407,317.34,317.36,1
2020-01-23 09:33:45,N,AAPL,317.34,4.0,317.36,4.0,3.0,-1.0,2020-01-23 09:33:45.738009,317.28,317.35,0
2020-01-23 09:33:46,N,AAPL,317.28,6.0,317.35,4.0,5.0,0.0,2020-01-23 09:33:46.028568,317.3,317.36,0
2020-01-23 09:33:47,N,AAPL,317.3,2.0,317.36,3.0,0.0,0.0,2020-01-23 09:33:47.683799,317.35,317.38,0
2020-01-23 09:33:48,N,AAPL,317.35,1.0,317.38,2.0,-1.0,-1.0,2020-01-23 09:33:48.013206,317.3,317.35,0
2020-01-23 09:33:49,N,AAPL,317.3,13.0,317.35,4.0,8.0,3.0,2020-01-23 09:33:49.611899,317.29,317.32,0
2020-01-23 09:33:51,N,AAPL,317.29,2.0,317.32,1.0,-11.0,-3.0,2020-01-23 09:33:51.710113,317.13,317.21,-1
2020-01-23 09:33:52,N,AAPL,317.13,2.0,317.21,1.0,-2.0,0.0,2020-01-23 09:33:52.353882,317.15,317.21,0
2020-01-23 09:33:53,N,AAPL,317.15,2.0,317.21,2.0,0.0,1.0,2020-01-23 09:33:53.077379,317.21,317.27,0
2020-01-23 09:33:54,N,AAPL,317.21,2.0,317.27,1.0,1.0,0.0,2020-01-23 09:33:54.389144,317.19,317.26,0
2020-01-23 09:33:55,N,AAPL,317.19,2.0,317.26,1.0,1.0,0.0,2020-01-23 09:33:55.276944,317.14,317.2,0
2020-01-23 09:33:57,N,AAPL,317.14,1.0,317.2,1.0,-1.0,0.0,2020-01-23 09:33:57.458709,317.2,317.26,0
2020-01-23 09:33:58,N,AAPL,317.2,2.0,317.26,3.0,1.0,1.0,2020-01-23 09:33:58.010201,317.23,317.31,0
2020-01-23 09:33:59,N,AAPL,317.23,2.0,317.31,1.0,0.0,-3.0,2020-01-23 09:33:59.029855,317.25,317.33,0
2020-01-23 09:34:00,N,AAPL,317.25,2.0,317.33,1.0,0.0,-1.0,2020-01-23 09:34:00.538668,317.34,317.38,1
2020-01-23 09:34:01,N,AAPL,317.34,1.0,317.38,2.0,-1.0,1.0,2020-01-23 09:34:01.555024,317.28,317.32,-1
2020-01-23 09:34:02,N,AAPL,317.28,1.0,317.32,1.0,0.0,-1.0,2020-01-23 09:34:02.121179,317.26,317.34,0
2020-01-23 09:34:03,N,AAPL,317.26,1.0,317.34,1.0,0.0,0.0,2020-01-23 09:34:03.062814,317.29,317.38,0
2020-01-23 09:34:04,N,AAPL,317.29,2.0,317.38,1.0,0.0,-1.0,2020-01-23 09:34:04.687429,317.29,317.37,0
2020-01-23 09:34:05,N,AAPL,317.29,2.0,317.37,1.0,1.0,0.0,2020-01-23 09:34:05.021086,317.1,317.17,-1
2020-01-23 09:34:06,N,AAPL,317.1,11.0,317.17,1.0,0.0,0.0,2020-01-23 09:34:06.063124,317.08,317.12,0
2020-01-23 09:34:07,N,AAPL,317.08,2.0,317.12,1.0,-9.0,0.0,2020-01-23 09:34:07.234136,317.08,317.15,0
2020-01-23 09:34:08,N,AAPL,317.08,2.0,317.15,1.0,1.0,0.0,2020-01-23 09:34:08.521439,317.06,317.13,0
2020-01-23 09:34:09,N,AAPL,317.06,1.0,317.13,4.0,-3.0,3.0,2020-01-23 09:34:09.067510,317.11,317.17,0
2020-01-23 09:34:10,N,AAPL,317.11,2.0,317.17,4.0,-1.0,2.0,2020-01-23 09:34:10.317047,317.1,317.17,0
2020-01-23 09:34:11,N,AAPL,317.1,1.0,317.17,4.0,0.0,2.0,2020-01-23 09:34:11.492911,317.09,317.17,0
2020-01-23 09:34:12,N,AAPL,317.09,1.0,317.17,1.0,-1.0,-1.0,2020-01-23 09:34:12.355462,317.1,317.16,0
2020-01-23 09:34:13,N,AAPL,317.1,1.0,317.16,1.0,0.0,-1.0,2020-01-23 09:34:13.417208,317.2,317.29,1
2020-01-23 09:34:14,N,AAPL,317.2,1.0,317.29,2.0,-1.0,1.0,2020-01-23 09:34:14.125493,317.19,317.26,0
2020-01-23 09:34:15,N,AAPL,317.19,2.0,317.26,2.0,1.0,0.0,2020-01-23 09:34:15.670413,317.17,317.26,0
2020-01-23 09:34:16,N,AAPL,317.17,2.0,317.26,1.0,0.0,-1.0,2020-01-23 09:34:16.149578,317.21,317.26,0
2020-01-23 09:34:18,N,AAPL,317.21,1.0,317.26,2.0,-1.0,1.0,2020-01-23 09:34:18.196735,317.21,317.25,0
2020-01-23 09:34:19,N,AAPL,317.21,1.0,317.25,2.0,-2.0,1.0,2020-01-23 09:34:19.206549,317.22,317.27,0
2020-01-23 09:34:21,N,AAPL,317.22,4.0,317.27,4.0,2.0,3.0,2020-01-23 09:34:21.032565,317.27,317.33,0
2020-01-23 09:34:24,N,AAPL,317.27,4.0,317.33,1.0,0.0,-2.0,2020-01-23 09:34:24.128330,317.16,317.2,-1
2020-01-23 09:34:25,N,AAPL,317.16,1.0,317.2,4.0,-3.0,3.0,2020-01-23 09:34:25.402639,317.04,317.1,-1
2020-01-23 09:34:26,N,AAPL,317.04,1.0,317.1,2.0,0.0,1.0,2020-01-23 09:34:26.279372,317.02,317.12,0
2020-01-23 09:34:27,N,AAPL,317.02,42.0,317.12,2.0,40.0,0.0,2020-01-23 09:34:27.519495,317.04,317.13,0
2020-01-23 09:34:28,N,AAPL,317.04,2.0,317.13,2.0,-40.0,0.0,2020-01-23 09:34:28.032212,316.92,317.0,-1
2020-01-23 09:34:29,N,AAPL,316.92,1.0,317.0,2.0,-1.0,0.0,2020-01-23 09:34:29.501410,316.9,316.99,0
2020-01-23 09:34:30,N,AAPL,316.9,10.0,316.99,1.0,9.0,-1.0,2020-01-23 09:34:30.362250,316.9,316.98,0
2020-01-23 09:34:31,N,AAPL,316.9,10.0,316.98,4.0,0.0,3.0,2020-01-23 09:34:31.054213,316.72,316.76,-1
2020-01-23 09:34:32,N,AAPL,316.72,3.0,316.76,4.0,-10.0,1.0,2020-01-23 09:34:32.054381,316.72,316.81,0
2020-01-23 09:34:33,N,AAPL,316.72,3.0,316.81,4.0,2.0,2.0,2020-01-23 09:34:33.137522,316.73,316.8,0
2020-01-23 09:34:36,N,AAPL,316.73,1.0,316.8,3.0,-2.0,0.0,2020-01-23 09:34:36.415371,316.65,316.72,-1
2020-01-23 09:34:37,N,AAPL,316.65,1.0,316.72,4.0,0.0,0.0,2020-01-23 09:34:37.179578,316.63,316.68,0
2020-01-23 09:34:38,N,AAPL,316.63,2.0,316.68,1.0,-1.0,0.0,2020-01-23 09:34:38.307066,316.66,316.76,0
2020-01-23 09:34:39,N,AAPL,316.66,2.0,316.76,2.0,0.0,1.0,2020-01-23 09:34:39.109151,316.66,316.76,0
2020-01-23 09:34:40,N,AAPL,316.66,2.0,316.76,1.0,0.0,-1.0,2020-01-23 09:34:40.002937,316.63,316.7,0
2020-01-23 09:34:41,N,AAPL,316.63,1.0,316.7,4.0,0.0,2.0,2020-01-23 09:34:41.340952,316.63,316.69,0
2020-01-23 09:34:43,N,AAPL,316.63,1.0,316.69,2.0,0.0,-2.0,2020-01-23 09:34:43.046727,316.62,316.69,0
2020-01-23 09:34:45,N,AAPL,316.62,1.0,316.69,2.0,0.0,0.0,2020-01-23 09:34:45.286322,316.65,316.72,0
2020-01-23 09:34:46,N,AAPL,316.65,2.0,316.72,2.0,1.0,1.0,2020-01-23 09:34:46.285373,316.7,316.76,0
2020-01-23 09:34:47,N,AAPL,316.7,2.0,316.76,7.0,0.0,6.0,2020-01-23 09:34:47.237885,316.61,316.65,-1
2020-01-23 09:34:49,N,AAPL,316.61,2.0,316.65,4.0,-8.0,3.0,2020-01-23 09:34:49.691461,316.59,316.64,0
2020-01-23 09:34:50,N,AAPL,316.59,1.0,316.64,1.0,0.0,-1.0,2020-01-23 09:34:50.096451,316.59,316.66,0
2020-01-23 09:34:51,N,AAPL,316.59,4.0,316.66,1.0,1.0,-1.0,2020-01-23 09:34:51.843763,316.59,316.66,0
2020-01-23 09:34:52,N,AAPL,316.59,5.0,316.66,2.0,1.0,1.0,2020-01-23 09:34:52.069041,316.61,316.71,0
2020-01-23 09:34:53,N,AAPL,316.61,2.0,316.71,4.0,1.0,2.0,2020-01-23 09:34:53.309289,316.64,316.73,0
2020-01-23 09:34:54,N,AAPL,316.64,1.0,316.73,1.0,-1.0,-3.0,2020-01-23 09:34:54.025835,316.63,316.68,0
2020-01-23 09:34:56,N,AAPL,316.63,4.0,316.68,4.0,3.0,3.0,2020-01-23 09:34:56.184085,316.62,316.71,0
2020-01-23 09:34:57,N,AAPL,316.62,2.0,316.71,2.0,-2.0,-2.0,2020-01-23 09:34:57.083510,316.62,316.71,0
2020-01-23 09:34:58,N,AAPL,316.62,2.0,316.71,2.0,-2.0,0.0,2020-01-23 09:34:58.117657,316.59,316.65,0
2020-01-23 09:34:59,N,AAPL,316.59,1.0,316.65,2.0,-2.0,0.0,2020-01-23 09:34:59.103552,316.57,316.6,0
2020-01-23 09:35:00,N,AAPL,316.57,1.0,316.6,2.0,-4.0,0.0,2020-01-23 09:35:00.241463,316.52,316.58,0
2020-01-23 09:35:01,N,AAPL,316.52,15.0,316.58,1.0,12.0,-1.0,2020-01-23 09:35:01.088079,316.5,316.57,0
2020-01-23 09:35:02,N,AAPL,316.5,6.0,316.57,2.0,4.0,0.0,2020-01-23 09:35:02.131995,316.5,316.55,0
2020-01-23 09:35:03,N,AAPL,316.5,6.0,316.55,1.0,0.0,-1.0,2020-01-23 09:35:03.133308,316.41,316.45,-1
2020-01-23 09:35:04,N,AAPL,316.41,7.0,316.45,2.0,0.0,1.0,2020-01-23 09:35:04.817828,316.39,316.42,0
2020-01-23 09:35:05,N,AAPL,316.39,2.0,316.42,1.0,-5.0,-1.0,2020-01-23 09:35:05.001796,316.34,316.39,0
2020-01-23 09:35:06,N,AAPL,316.34,2.0,316.39,1.0,0.0,-2.0,2020-01-23 09:35:06.112350,316.3,316.37,0
2020-01-23 09:35:07,N,AAPL,316.3,6.0,316.37,3.0,5.0,2.0,2020-01-23 09:35:07.729814,316.29,316.31,0
2020-01-23 09:35:08,N,AAPL,316.29,1.0,316.31,4.0,-1.0,2.0,2020-01-23 09:35:08.041022,316.24,316.31,0
2020-01-23 09:35:09,N,AAPL,316.24,2.0,316.31,2.0,0.0,0.0,2020-01-23 09:35:09.257659,316.24,316.31,0
2020-01-23 09:35:10,N,AAPL,316.24,3.0,316.31,3.0,0.0,2.0,2020-01-23 09:35:10.192967,316.24,316.31,0
2020-01-23 09:35:11,N,AAPL,316.24,3.0,316.31,4.0,0.0,0.0,2020-01-23 09:35:11.513134,316.24,316.3,0
2020-01-23 09:35:12,N,AAPL,316.24,3.0,316.3,2.0,0.0,-15.0,2020-01-23 09:35:12.029628,316.25,316.31,0
2020-01-23 09:35:13,N,AAPL,316.25,2.0,316.31,1.0,0.0,0.0,2020-01-23 09:35:13.012124,316.13,316.19,-1
2020-01-23 09:35:14,N,AAPL,316.13,1.0,316.19,2.0,-7.0,1.0,2020-01-23 09:35:14.299687,316.12,316.14,0
2020-01-23 09:35:15,N,AAPL,316.12,1.0,316.14,2.0,0.0,0.0,2020-01-23 09:35:15.814337,316.14,316.18,0
2020-01-23 09:35:16,N,AAPL,316.14,2.0,316.18,2.0,1.0,1.0,2020-01-23 09:35:16.030453,316.13,316.19,0
2020-01-23 09:35:17,N,AAPL,316.13,2.0,316.19,1.0,0.0,-1.0,2020-01-23 09:35:17.087602,316.16,316.22,0
2020-01-23 09:35:18,N,AAPL,316.16,2.0,316.22,2.0,-2.0,0.0,2020-01-23 09:35:18.346728,316.15,316.19,0
2020-01-23 09:35:19,N,AAPL,316.15,1.0,316.19,4.0,0.0,2.0,2020-01-23 09:35:19.000115,316.2,316.24,1
2020-01-23 09:35:21,N,AAPL,316.2,1.0,316.24,1.0,0.0,0.0,2020-01-23 09:35:21.583135,316.24,316.27,0
2020-01-23 09:35:23,N,AAPL,316.24,1.0,316.27,1.0,0.0,0.0,2020-01-23 09:35:23.050959,316.22,316.29,0
2020-01-23 09:35:24,N,AAPL,316.22,4.0,316.29,4.0,3.0,2.0,2020-01-23 09:35:24.267591,316.19,316.25,0
2020-01-23 09:35:25,N,AAPL,316.19,2.0,316.25,1.0,1.0,0.0,2020-01-23 09:35:25.034317,316.12,316.17,-1
2020-01-23 09:35:26,N,AAPL,316.12,2.0,316.17,2.0,1.0,0.0,2020-01-23 09:35:26.212647,316.11,316.16,0
2020-01-23 09:35:27,N,AAPL,316.11,1.0,316.16,2.0,-1.0,0.0,2020-01-23 09:35:27.226403,316.16,316.19,0
2020-01-23 09:35:29,N,AAPL,316.16,1.0,316.19,4.0,0.0,2.0,2020-01-23 09:35:29.047677,316.12,316.2,0
2020-01-23 09:35:30,N,AAPL,316.12,1.0,316.2,2.0,0.0,0.0,2020-01-23 09:35:30.130194,316.16,316.21,0
2020-01-23 09:35:31,N,AAPL,316.16,3.0,316.21,2.0,2.0,1.0,2020-01-23 09:35:31.579838,316.17,316.24,0
2020-01-23 09:35:32,N,AAPL,316.17,2.0,316.24,2.0,0.0,1.0,2020-01-23 09:35:32.241637,316.13,316.18,0
2020-01-23 09:35:33,N,AAPL,316.13,2.0,316.18,1.0,0.0,0.0,2020-01-23 09:35:33.072679,316.02,316.05,-1
2020-01-23 09:35:34,N,AAPL,316.02,1.0,316.05,4.0,-9.0,2.0,2020-01-23 09:35:34.068011,315.88,315.95,-1
2020-01-23 09:35:35,N,AAPL,315.88,4.0,315.95,3.0,3.0,1.0,2020-01-23 09:35:35.306930,315.89,315.94,0
2020-01-23 09:35:36,N,AAPL,315.89,3.0,315.94,2.0,2.0,-2.0,2020-01-23 09:35:36.104653,316.01,316.08,1
2020-01-23 09:35:37,N,AAPL,316.01,2.0,316.08,2.0,1.0,-2.0,2020-01-23 09:35:37.000344,316.09,316.15,1
2020-01-23 09:35:38,N,AAPL,316.09,2.0,316.15,2.0,0.0,-2.0,2020-01-23 09:35:38.051092,316.2,316.29,1
2020-01-23 09:35:39,N,AAPL,316.2,2.0,316.29,2.0,0.0,0.0,2020-01-23 09:35:39.002197,316.15,316.24,0
2020-01-23 09:35:40,N,AAPL,316.15,2.0,316.24,2.0,0.0,0.0,2020-01-23 09:35:40.069456,316.25,316.31,1
2020-01-23 09:35:41,N,AAPL,316.25,4.0,316.31,2.0,2.0,-13.0,2020-01-23 09:35:41.056652,316.23,316.27,0
2020-01-23 09:35:42,N,AAPL,316.23,4.0,316.27,1.0,2.0,0.0,2020-01-23 09:35:42.153174,316.24,316.27,0
2020-01-23 09:35:43,N,AAPL,316.24,2.0,316.27,1.0,0.0,0.0,2020-01-23 09:35:43.170680,316.24,316.29,0
2020-01-23 09:35:44,N,AAPL,316.24,2.0,316.29,2.0,0.0,1.0,2020-01-23 09:35:44.332150,316.24,316.34,0
2020-01-23 09:35:45,N,AAPL,316.24,2.0,316.34,2.0,0.0,-2.0,2020-01-23 09:35:45.070109,316.34,316.39,0
2020-01-23 09:35:46,N,AAPL,316.34,4.0,316.39,12.0,1.0,10.0,2020-01-23 09:35:46.054119,316.37,316.42,0
2020-01-23 09:35:47,N,AAPL,316.37,2.0,316.42,2.0,-3.0,1.0,2020-01-23 09:35:47.639461,316.37,316.39,0
2020-01-23 09:35:48,N,AAPL,316.37,1.0,316.39,1.0,-1.0,-2.0,2020-01-23 09:35:48.719908,316.36,316.42,0
2020-01-23 09:35:49,N,AAPL,316.36,1.0,316.42,1.0,-2.0,0.0,2020-01-23 09:35:49.153657,316.39,316.43,0
2020-01-23 09:35:50,N,AAPL,316.39,2.0,316.43,2.0,0.0,0.0,2020-01-23 09:35:50.390172,316.35,316.39,0
2020-01-23 09:35:51,N,AAPL,316.35,2.0,316.39,2.0,-2.0,0.0,2020-01-23 09:35:51.292575,316.39,316.44,0
2020-01-23 09:35:52,N,AAPL,316.39,21.0,316.44,1.0,0.0,-4.0,2020-01-23 09:35:52.040661,316.4,316.46,0
2020-01-23 09:35:53,N,AAPL,316.4,4.0,316.46,1.0,2.0,0.0,2020-01-23 09:35:53.461580,316.38,316.44,0
2020-01-23 09:35:54,N,AAPL,316.38,1.0,316.44,4.0,0.0,3.0,2020-01-23 09:35:54.043300,316.34,316.43,0
2020-01-23 09:35:55,N,AAPL,316.34,3.0,316.43,1.0,0.0,0.0,2020-01-23 09:35:55.627940,316.34,316.43,0
2020-01-23 09:35:56,N,AAPL,316.34,2.0,316.43,4.0,-1.0,0.0,2020-01-23 09:35:56.057073,316.34,316.42,0
2020-01-23 09:35:57,N,AAPL,316.34,2.0,316.42,4.0,0.0,-1.0,2020-01-23 09:35:57.174673,316.32,316.36,0
2020-01-23 09:35:58,N,AAPL,316.32,1.0,316.36,3.0,-1.0,0.0,2020-01-23 09:35:58.831185,316.27,316.32,0
2020-01-23 09:35:59,N,AAPL,316.27,4.0,316.32,4.0,3.0,2.0,2020-01-23 09:35:59.005861,316.23,316.25,-1
2020-01-23 09:36:00,N,AAPL,316.23,14.0,316.25,2.0,13.0,0.0,2020-01-23 09:36:00.007611,316.13,316.17,-1
2020-01-23 09:36:01,N,AAPL,316.13,4.0,316.17,1.0,3.0,0.0,2020-01-23 09:36:01.024317,316.02,316.06,-1
2020-01-23 09:36:02,N,AAPL,316.02,4.0,316.06,2.0,-8.0,0.0,2020-01-23 09:36:02.076924,316.01,316.06,0
2020-01-23 09:36:03,N,AAPL,316.01,1.0,316.06,4.0,-3.0,3.0,2020-01-23 09:36:03.145683,315.93,316.01,0
2020-01-23 09:36:04,N,AAPL,315.93,1.0,316.01,2.0,-2.0,0.0,2020-01-23 09:36:04.101432,316.04,316.1,1
2020-01-23 09:36:05,N,AAPL,316.04,1.0,316.1,2.0,-1.0,0.0,2020-01-23 09:36:05.135239,315.97,316.03,-1
2020-01-23 09:36:06,N,AAPL,315.97,1.0,316.03,2.0,0.0,0.0,2020-01-23 09:36:06.373858,315.96,316.02,0
2020-01-23 09:36:07,N,AAPL,315.96,4.0,316.02,1.0,2.0,0.0,2020-01-23 09:36:07.082439,315.96,316.01,0
2020-01-23 09:36:08,N,AAPL,315.96,1.0,316.01,4.0,-1.0,3.0,2020-01-23 09:36:08.699687,316.0,316.06,0
2020-01-23 09:36:09,N,AAPL,316.0,1.0,316.06,2.0,0.0,-2.0,2020-01-23 09:36:09.755716,315.65,315.7,-1
2020-01-23 09:36:12,N,AAPL,315.65,2.0,315.7,4.0,0.0,2.0,2020-01-23 09:36:12.493831,315.66,315.73,0
2020-01-23 09:36:13,N,AAPL,315.66,2.0,315.73,2.0,0.0,-2.0,2020-01-23 09:36:13.942594,315.7,315.78,0
2020-01-23 09:36:14,N,AAPL,315.7,2.0,315.78,1.0,0.0,-1.0,2020-01-23 09:36:14.152448,315.71,315.8,0
2020-01-23 09:36:15,N,AAPL,315.71,3.0,315.8,1.0,1.0,0.0,2020-01-23 09:36:15.351189,315.75,315.84,0
2020-01-23 09:36:16,N,AAPL,315.75,6.0,315.84,4.0,3.0,3.0,2020-01-23 09:36:16.068658,315.82,315.86,0
2020-01-23 09:36:17,N,AAPL,315.82,2.0,315.86,4.0,1.0,3.0,2020-01-23 09:36:17.566708,315.77,315.83,0
2020-01-23 09:36:18,N,AAPL,315.77,1.0,315.83,2.0,0.0,-1.0,2020-01-23 09:36:18.045942,315.82,315.87,0
2020-01-23 09:36:19,N,AAPL,315.82,1.0,315.87,2.0,0.0,-1.0,2020-01-23 09:36:19.118207,315.79,315.83,0
2020-01-23 09:36:20,N,AAPL,315.79,1.0,315.83,2.0,-1.0,1.0,2020-01-23 09:36:20.423731,315.78,315.84,0
2020-01-23 09:36:21,N,AAPL,315.78,2.0,315.84,2.0,0.0,0.0,2020-01-23 09:36:21.227579,315.82,315.89,0
2020-01-23 09:36:22,N,AAPL,315.82,4.0,315.89,2.0,1.0,-1.0,2020-01-23 09:36:22.049163,315.89,315.93,0
2020-01-23 09:36:23,N,AAPL,315.89,2.0,315.93,2.0,1.0,0.0,2020-01-23 09:36:23.322949,315.81,315.85,-1
2020-01-23 09:36:24,N,AAPL,315.81,1.0,315.85,4.0,0.0,0.0,2020-01-23 09:36:24.319320,315.82,315.9,0
2020-01-23 09:36:25,N,AAPL,315.82,1.0,315.9,2.0,0.0,-1.0,2020-01-23 09:36:25.263427,315.9,315.95,0
2020-01-23 09:36:26,N,AAPL,315.9,2.0,315.95,2.0,1.0,1.0,2020-01-23 09:36:26.553620,315.8,315.87,-1
2020-01-23 09:36:27,N,AAPL,315.8,2.0,315.87,4.0,-2.0,2.0,2020-01-23 09:36:27.227036,315.8,315.85,0
2020-01-23 09:36:30,N,AAPL,315.8,2.0,315.85,1.0,0.0,-3.0,2020-01-23 09:36:30.150546,315.73,315.8,0
2020-01-23 09:36:31,N,AAPL,315.73,4.0,315.8,2.0,3.0,0.0,2020-01-23 09:36:31.273365,315.74,315.8,0
2020-01-23 09:36:32,N,AAPL,315.74,2.0,315.8,2.0,0.0,1.0,2020-01-23 09:36:32.126087,315.79,315.83,0
2020-01-23 09:36:33,N,AAPL,315.79,1.0,315.83,3.0,-1.0,-1.0,2020-01-23 09:36:33.474948,315.8,315.83,0
2020-01-23 09:36:34,N,AAPL,315.8,4.0,315.83,10.0,3.0,7.0,2020-01-23 09:36:34.302662,315.82,315.84,0
2020-01-23 09:36:35,N,AAPL,315.82,6.0,315.84,2.0,5.0,-7.0,2020-01-23 09:36:35.197541,315.72,315.74,-1
2020-01-23 09:36:36,N,AAPL,315.72,10.0,315.74,4.0,9.0,2.0,2020-01-23 09:36:36.132672,315.71,315.73,0
2020-01-23 09:36:37,N,AAPL,315.71,2.0,315.73,2.0,-2.0,-1.0,2020-01-23 09:36:37.443679,315.75,315.78,1
2020-01-23 09:36:38,N,AAPL,315.75,2.0,315.78,2.0,-1.0,0.0,2020-01-23 09:36:38.285209,315.78,315.83,0
2020-01-23 09:36:39,N,AAPL,315.78,2.0,315.83,4.0,0.0,3.0,2020-01-23 09:36:39.597922,315.82,315.86,0
2020-01-23 09:36:40,N,AAPL,315.82,2.0,315.86,4.0,0.0,-1.0,2020-01-23 09:36:40.001425,315.86,315.92,0
2020-01-23 09:36:41,N,AAPL,315.86,5.0,315.92,2.0,-10.0,1.0,2020-01-23 09:36:41.107838,315.86,315.94,0
2020-01-23 09:36:42,N,AAPL,315.86,1.0,315.94,4.0,0.0,2.0,2020-01-23 09:36:42.058023,316.07,316.12,1
2020-01-23 09:36:43,N,AAPL,316.07,2.0,316.12,4.0,-2.0,1.0,2020-01-23 09:36:43.000896,316.11,316.16,0
2020-01-23 09:36:44,N,AAPL,316.11,1.0,316.16,1.0,-1.0,-2.0,2020-01-23 09:36:44.440869,316.02,316.12,0
2020-01-23 09:36:45,N,AAPL,316.02,1.0,316.12,1.0,-1.0,-2.0,2020-01-23 09:36:45.545125,316.02,316.11,0
2020-01-23 09:36:46,N,AAPL,316.02,2.0,316.11,5.0,0.0,1.0,2020-01-23 09:36:46.004767,316.03,316.08,0
2020-01-23 09:36:48,N,AAPL,316.03,1.0,316.08,4.0,-1.0,-5.0,2020-01-23 09:36:48.030207,316.03,316.08,0
2020-01-23 09:36:49,N,AAPL,316.03,4.0,316.08,2.0,1.0,1.0,2020-01-23 09:36:49.147293,316.09,316.16,1
2020-01-23 09:36:50,N,AAPL,316.09,2.0,316.16,3.0,0.0,-2.0,2020-01-23 09:36:50.277958,316.22,316.31,1
2020-01-23 09:36:51,N,AAPL,316.22,2.0,316.31,2.0,0.0,0.0,2020-01-23 09:36:51.002275,316.23,316.3,0
2020-01-23 09:36:52,N,AAPL,316.23,1.0,316.3,1.0,-3.0,0.0,2020-01-23 09:36:52.708755,316.23,316.27,0
2020-01-23 09:36:53,N,AAPL,316.23,1.0,316.27,2.0,0.0,1.0,2020-01-23 09:36:53.319172,316.24,316.27,0
2020-01-23 09:36:55,N,AAPL,316.24,2.0,316.27,2.0,0.0,0.0,2020-01-23 09:36:55.661687,316.21,316.27,0
2020-01-23 09:36:56,N,AAPL,316.21,2.0,316.27,2.0,0.0,0.0,2020-01-23 09:36:56.111247,316.17,316.22,0
2020-01-23 09:36:57,N,AAPL,316.17,2.0,316.22,3.0,0.0,0.0,2020-01-23 09:36:57.299796,316.14,316.22,0
2020-01-23 09:36:58,N,AAPL,316.14,4.0,316.22,2.0,3.0,0.0,2020-01-23 09:36:58.692018,316.11,316.19,0
2020-01-23 09:36:59,N,AAPL,316.11,2.0,316.19,2.0,-1.0,0.0,2020-01-23 09:36:59.477516,316.2,316.25,1
2020-01-23 09:37:00,N,AAPL,316.2,4.0,316.25,2.0,2.0,-3.0,2020-01-23 09:37:00.036025,316.1,316.16,-1
2020-01-23 09:37:01,N,AAPL,316.1,2.0,316.16,1.0,-2.0,0.0,2020-01-23 09:37:01.008347,316.04,316.09,-1
2020-01-23 09:37:02,N,AAPL,316.04,2.0,316.09,2.0,1.0,-2.0,2020-01-23 09:37:02.004052,316.03,316.06,0
2020-01-23 09:37:03,N,AAPL,316.03,2.0,316.06,1.0,1.0,0.0,2020-01-23 09:37:03.075621,316.08,316.16,1
2020-01-23 09:37:04,N,AAPL,316.08,3.0,316.16,1.0,0.0,-3.0,2020-01-23 09:37:04.014810,316.07,316.13,0
2020-01-23 09:37:05,N,AAPL,316.07,4.0,316.13,4.0,3.0,3.0,2020-01-23 09:37:05.237836,316.1,316.16,0
2020-01-23 09:37:06,N,AAPL,316.1,2.0,316.16,1.0,-2.0,-1.0,2020-01-23 09:37:06.114677,316.08,316.15,0
2020-01-23 09:37:07,N,AAPL,316.08,3.0,316.15,1.0,0.0,-1.0,2020-01-23 09:37:07.071896,316.1,316.16,0
2020-01-23 09:37:08,N,AAPL,316.1,2.0,316.16,1.0,-1.0,0.0,2020-01-23 09:37:08.236598,316.25,316.3,1
2020-01-23 09:37:09,N,AAPL,316.25,3.0,316.3,4.0,1.0,3.0,2020-01-23 09:37:09.269790,316.3,316.35,0
2020-01-23 09:37:10,N,AAPL,316.3,1.0,316.35,2.0,0.0,1.0,2020-01-23 09:37:10.114455,316.27,316.35,0
2020-01-23 09:37:11,N,AAPL,316.27,2.0,316.35,2.0,0.0,0.0,2020-01-23 09:37:11.168900,316.31,316.35,0
2020-01-23 09:37:12,N,AAPL,316.31,2.0,316.35,2.0,0.0,0.0,2020-01-23 09:37:12.380117,316.27,316.34,0
2020-01-23 09:37:13,N,AAPL,316.27,2.0,316.34,2.0,0.0,1.0,2020-01-23 09:37:13.179137,316.26,316.33,0
2020-01-23 09:37:14,N,AAPL,316.26,5.0,316.33,1.0,3.0,-1.0,2020-01-23 09:37:14.069753,316.27,316.34,0
2020-01-23 09:37:15,N,AAPL,316.27,2.0,316.34,1.0,1.0,-1.0,2020-01-23 09:37:15.658916,316.27,316.32,0
2020-01-23 09:37:16,N,AAPL,316.27,2.0,316.32,1.0,0.0,0.0,2020-01-23 09:37:16.007562,316.28,316.35,0
2020-01-23 09:37:17,N,AAPL,316.28,4.0,316.35,10.0,2.0,9.0,2020-01-23 09:37:17.618874,316.28,316.35,0
2020-01-23 09:37:18,N,AAPL,316.28,4.0,316.35,10.0,2.0,-1.0,2020-01-23 09:37:18.042485,316.28,316.35,0
2020-01-23 09:37:19,N,AAPL,316.28,2.0,316.35,10.0,-1.0,0.0,2020-01-23 09:37:19.088261,316.29,316.35,0
2020-01-23 09:37:20,N,AAPL,316.29,2.0,316.35,10.0,-2.0,0.0,2020-01-23 09:37:20.061398,316.29,316.35,0
2020-01-23 09:37:21,N,AAPL,316.29,2.0,316.35,10.0,0.0,0.0,2020-01-23 09:37:21.091221,316.36,316.4,1
2020-01-23 09:37:22,N,AAPL,316.36,2.0,316.4,1.0,-1.0,-9.0,2020-01-23 09:37:22.005886,316.38,316.45,0
2020-01-23 09:37:23,N,AAPL,316.38,2.0,316.45,11.0,0.0,0.0,2020-01-23 09:37:23.007279,316.39,316.45,0
2020-01-23 09:37:24,N,AAPL,316.39,3.0,316.45,8.0,-1.0,0.0,2020-01-23 09:37:24.014184,316.43,316.46,0
2020-01-23 09:37:26,N,AAPL,316.43,2.0,316.46,2.0,0.0,1.0,2020-01-23 09:37:26.092724,316.44,316.48,0
2020-01-23 09:37:27,N,AAPL,316.44,2.0,316.48,1.0,-2.0,0.0,2020-01-23 09:37:27.756032,316.42,316.44,0
2020-01-23 09:37:28,N,AAPL,316.42,1.0,316.44,3.0,-4.0,2.0,2020-01-23 09:37:28.768164,316.34,316.4,-1
2020-01-23 09:37:29,N,AAPL,316.34,2.0,316.4,3.0,1.0,0.0,2020-01-23 09:37:29.029019,316.3,316.37,0
2020-01-23 09:37:30,N,AAPL,316.3,7.0,316.37,2.0,6.0,1.0,2020-01-23 09:37:30.317760,316.22,316.28,-1
2020-01-23 09:37:32,N,AAPL,316.22,2.0,316.28,2.0,-5.0,0.0,2020-01-23 09:37:32.850968,316.21,316.26,0
2020-01-23 09:37:33,N,AAPL,316.21,2.0,316.26,3.0,0.0,1.0,2020-01-23 09:37:33.234316,316.22,316.25,0
2020-01-23 09:37:34,N,AAPL,316.22,4.0,316.25,1.0,2.0,-2.0,2020-01-23 09:37:34.907881,316.21,316.26,0
2020-01-23 09:37:35,N,AAPL,316.21,1.0,316.26,4.0,-1.0,0.0,2020-01-23 09:37:35.000019,316.11,316.16,-1
2020-01-23 09:37:37,N,AAPL,316.11,1.0,316.16,1.0,0.0,-1.0,2020-01-23 09:37:37.377189,316.1,316.16,0
2020-01-23 09:37:39,N,AAPL,316.1,12.0,316.16,1.0,0.0,0.0,2020-01-23 09:37:39.373042,316.17,316.24,1
2020-01-23 09:37:40,N,AAPL,316.17,1.0,316.24,2.0,0.0,-1.0,2020-01-23 09:37:40.040733,316.16,316.24,0
2020-01-23 09:37:41,N,AAPL,316.16,2.0,316.24,2.0,0.0,0.0,2020-01-23 09:37:41.049760,316.28,316.35,1
2020-01-23 09:37:42,N,AAPL,316.28,4.0,316.35,1.0,2.0,0.0,2020-01-23 09:37:42.331791,316.28,316.35,0
2020-01-23 09:37:43,N,AAPL,316.28,2.0,316.35,1.0,0.0,0.0,2020-01-23 09:37:43.828515,316.28,316.35,0
2020-01-23 09:37:44,N,AAPL,316.28,2.0,316.35,1.0,0.0,0.0,2020-01-23 09:37:44.037683,316.3,316.35,0
2020-01-23 09:37:45,N,AAPL,316.3,2.0,316.35,2.0,1.0,0.0,2020-01-23 09:37:45.050864,316.3,316.37,0
2020-01-23 09:37:46,N,AAPL,316.3,2.0,316.37,4.0,0.0,1.0,2020-01-23 09:37:46.000189,316.33,316.38,0
2020-01-23 09:37:47,N,AAPL,316.33,2.0,316.38,1.0,1.0,0.0,2020-01-23 09:37:47.843103,316.39,316.43,1
2020-01-23 09:37:48,N,AAPL,316.39,2.0,316.43,1.0,1.0,0.0,2020-01-23 09:37:48.079647,316.44,316.5,1
2020-01-23 09:37:49,N,AAPL,316.44,4.0,316.5,2.0,2.0,1.0,2020-01-23 09:37:49.228003,316.48,316.54,0
2020-01-23 09:37:50,N,AAPL,316.48,1.0,316.54,4.0,0.0,1.0,2020-01-23 09:37:50.456759,316.53,316.58,0
2020-01-23 09:37:51,N,AAPL,316.53,4.0,316.58,2.0,2.0,1.0,2020-01-23 09:37:51.190920,316.51,316.58,0
2020-01-23 09:37:52,N,AAPL,316.51,4.0,316.58,2.0,-1.0,0.0,2020-01-23 09:37:52.444639,316.52,316.59,0
2020-01-23 09:37:53,N,AAPL,316.52,4.0,316.59,1.0,2.0,0.0,2020-01-23 09:37:53.945934,316.52,316.59,0
2020-01-23 09:37:54,N,AAPL,316.52,2.0,316.59,2.0,0.0,0.0,2020-01-23 09:37:54.338280,316.56,316.59,0
2020-01-23 09:37:56,N,AAPL,316.56,2.0,316.59,2.0,0.0,1.0,2020-01-23 09:37:56.217617,316.49,316.54,-1
2020-01-23 09:37:57,N,AAPL,316.49,2.0,316.54,1.0,1.0,-1.0,2020-01-23 09:37:57.407004,316.46,316.53,0
2020-01-23 09:37:58,N,AAPL,316.46,1.0,316.53,3.0,0.0,1.0,2020-01-23 09:37:58.605160,316.41,316.44,-1
2020-01-23 09:38:00,N,AAPL,316.41,2.0,316.44,4.0,1.0,3.0,2020-01-23 09:38:00.552566,316.31,316.38,-1
2020-01-23 09:38:01,N,AAPL,316.31,4.0,316.38,2.0,3.0,1.0,2020-01-23 09:38:01.035362,316.38,316.43,0
2020-01-23 09:38:02,N,AAPL,316.38,2.0,316.43,4.0,-3.0,3.0,2020-01-23 09:38:02.000393,316.36,316.43,0
2020-01-23 09:38:03,N,AAPL,316.36,2.0,316.43,1.0,-1.0,0.0,2020-01-23 09:38:03.035804,316.38,316.43,0
2020-01-23 09:38:04,N,AAPL,316.38,4.0,316.43,1.0,1.0,0.0,2020-01-23 09:38:04.015688,316.43,316.48,0
2020-01-23 09:38:05,N,AAPL,316.43,4.0,316.48,1.0,0.0,0.0,2020-01-23 09:38:05.061418,316.46,316.51,0
2020-01-23 09:38:06,N,AAPL,316.46,2.0,316.51,2.0,-1.0,1.0,2020-01-23 09:38:06.865172,316.46,316.54,0
2020-01-23 09:38:07,N,AAPL,316.46,2.0,316.54,4.0,0.0,3.0,2020-01-23 09:38:07.214114,316.44,316.5,0
2020-01-23 09:38:08,N,AAPL,316.44,4.0,316.5,1.0,1.0,0.0,2020-01-23 09:38:08.201275,316.44,316.5,0
2020-01-23 09:38:09,N,AAPL,316.44,4.0,316.5,1.0,3.0,0.0,2020-01-23 09:38:09.140750,316.43,316.49,0
2020-01-23 09:38:11,N,AAPL,316.43,5.0,316.49,4.0,0.0,3.0,2020-01-23 09:38:11.326173,316.44,316.46,0
2020-01-23 09:38:12,N,AAPL,316.44,2.0,316.46,3.0,0.0,0.0,2020-01-23 09:38:12.724877,316.39,316.43,-1
2020-01-23 09:38:13,N,AAPL,316.39,1.0,316.43,3.0,0.0,2.0,2020-01-23 09:38:13.045217,316.29,316.34,-1
2020-01-23 09:38:14,N,AAPL,316.29,2.0,316.34,1.0,0.0,0.0,2020-01-23 09:38:14.061969,316.29,316.35,0
2020-01-23 09:38:15,N,AAPL,316.29,2.0,316.35,3.0,1.0,1.0,2020-01-23 09:38:15.105649,316.32,316.39,0
2020-01-23 09:38:16,N,AAPL,316.32,4.0,316.39,2.0,2.0,0.0,2020-01-23 09:38:16.028763,316.38,316.43,0
2020-01-23 09:38:18,N,AAPL,316.38,4.0,316.43,2.0,3.0,1.0,2020-01-23 09:38:18.002444,316.41,316.49,0
2020-01-23 09:38:19,N,AAPL,316.41,3.0,316.49,1.0,1.0,0.0,2020-01-23 09:38:19.175906,316.44,316.49,0
2020-01-23 09:38:21,N,AAPL,316.44,2.0,316.49,5.0,0.0,0.0,2020-01-23 09:38:21.211489,316.5,316.53,1
2020-01-23 09:38:24,N,AAPL,316.5,5.0,316.53,1.0,2.0,0.0,2020-01-23 09:38:24.922572,316.52,316.55,0
2020-01-23 09:38:25,N,AAPL,316.52,4.0,316.55,4.0,-1.0,3.0,2020-01-23 09:38:25.792092,316.52,316.55,0
2020-01-23 09:38:26,N,AAPL,316.52,4.0,316.55,4.0,0.0,0.0,2020-01-23 09:38:26.189513,316.63,316.69,1
2020-01-23 09:38:28,N,AAPL,316.63,1.0,316.69,2.0,-1.0,1.0,2020-01-23 09:38:28.433021,316.64,316.7,0
2020-01-23 09:38:29,N,AAPL,316.64,4.0,316.7,1.0,3.0,0.0,2020-01-23 09:38:29.002010,316.69,316.74,0
2020-01-23 09:38:30,N,AAPL,316.69,2.0,316.74,1.0,0.0,0.0,2020-01-23 09:38:30.051748,316.64,316.7,0
2020-01-23 09:38:31,N,AAPL,316.64,4.0,316.7,1.0,0.0,-1.0,2020-01-23 09:38:31.020980,316.63,316.68,0
2020-01-23 09:38:33,N,AAPL,316.63,4.0,316.68,2.0,2.0,1.0,2020-01-23 09:38:33.411519,316.62,316.68,0
2020-01-23 09:38:34,N,AAPL,316.62,4.0,316.68,2.0,2.0,1.0,2020-01-23 09:38:34.709255,316.63,316.67,0
2020-01-23 09:38:35,N,AAPL,316.63,1.0,316.67,1.0,0.0,-1.0,2020-01-23 09:38:35.037940,316.51,316.57,-1
2020-01-23 09:38:36,N,AAPL,316.51,1.0,316.57,2.0,-1.0,-2.0,2020-01-23 09:38:36.225939,316.5,316.57,0
2020-01-23 09:38:37,N,AAPL,316.5,1.0,316.57,2.0,0.0,0.0,2020-01-23 09:38:37.003091,316.55,316.58,0
2020-01-23 09:38:38,N,AAPL,316.55,2.0,316.58,1.0,1.0,-1.0,2020-01-23 09:38:38.191393,316.52,316.58,0
2020-01-23 09:38:39,N,AAPL,316.52,1.0,316.58,1.0,-4.0,-1.0,2020-01-23 09:38:39.221537,316.48,316.55,0
2020-01-23 09:38:40,N,AAPL,316.48,2.0,316.55,1.0,1.0,0.0,2020-01-23 09:38:40.297342,316.49,316.57,0
2020-01-23 09:38:41,N,AAPL,316.49,2.0,316.57,3.0,1.0,-1.0,2020-01-23 09:38:41.008346,316.42,316.47,-1
2020-01-23 09:38:42,N,AAPL,316.42,2.0,316.47,1.0,-2.0,-1.0,2020-01-23 09:38:42.169778,316.42,316.46,0
2020-01-23 09:38:43,N,AAPL,316.42,2.0,316.46,1.0,0.0,-1.0,2020-01-23 09:38:43.912989,316.42,316.46,0
2020-01-23 09:38:44,N,AAPL,316.42,2.0,316.46,2.0,0.0,1.0,2020-01-23 09:38:44.147802,316.42,316.5,0
2020-01-23 09:38:45,N,AAPL,316.42,2.0,316.5,5.0,0.0,4.0,2020-01-23 09:38:45.245605,316.44,316.5,0
2020-01-23 09:38:46,N,AAPL,316.44,5.0,316.5,4.0,3.0,0.0,2020-01-23 09:38:46.030172,316.45,316.5,0
2020-01-23 09:38:47,N,AAPL,316.45,1.0,316.5,4.0,-1.0,2.0,2020-01-23 09:38:47.223425,316.46,316.5,0
2020-01-23 09:38:48,N,AAPL,316.46,4.0,316.5,5.0,3.0,1.0,2020-01-23 09:38:48.074455,316.49,316.51,0
2020-01-23 09:38:49,N,AAPL,316.49,1.0,316.51,2.0,-1.0,0.0,2020-01-23 09:38:49.757496,316.45,316.48,-1
2020-01-23 09:38:51,N,AAPL,316.45,1.0,316.48,2.0,-2.0,0.0,2020-01-23 09:38:51.023759,316.39,316.44,-1
2020-01-23 09:38:52,N,AAPL,316.39,4.0,316.44,1.0,1.0,-1.0,2020-01-23 09:38:52.124098,316.39,316.45,0
2020-01-23 09:38:53,N,AAPL,316.39,2.0,316.45,1.0,-3.0,0.0,2020-01-23 09:38:53.175788,316.38,316.45,0
2020-01-23 09:38:54,N,AAPL,316.38,2.0,316.45,1.0,0.0,-1.0,2020-01-23 09:38:54.016170,316.38,316.45,0
2020-01-23 09:38:55,N,AAPL,316.38,2.0,316.45,3.0,0.0,1.0,2020-01-23 09:38:55.064669,316.35,316.41,0
2020-01-23 09:38:56,N,AAPL,316.35,1.0,316.41,1.0,0.0,-1.0,2020-01-23 09:38:56.019826,316.36,316.44,0
2020-01-23 09:38:57,N,AAPL,316.36,1.0,316.44,4.0,0.0,3.0,2020-01-23 09:38:57.021909,316.44,316.5,0
2020-01-23 09:38:58,N,AAPL,316.44,1.0,316.5,4.0,-1.0,0.0,2020-01-23 09:38:58.023292,316.51,316.55,1
2020-01-23 09:38:59,N,AAPL,316.51,2.0,316.55,13.0,0.0,12.0,2020-01-23 09:38:59.005672,316.66,316.7,1
2020-01-23 09:39:00,N,AAPL,316.66,4.0,316.7,12.0,0.0,9.0,2020-01-23 09:39:00.035160,316.64,316.68,0
2020-01-23 09:39:01,N,AAPL,316.64,1.0,316.68,2.0,0.0,1.0,2020-01-23 09:39:01.006217,316.57,316.62,-1
2020-01-23 09:39:02,N,AAPL,316.57,4.0,316.62,1.0,3.0,-1.0,2020-01-23 09:39:02.560437,316.58,316.66,0
2020-01-23 09:39:03,N,AAPL,316.58,2.0,316.66,1.0,1.0,0.0,2020-01-23 09:39:03.071904,316.61,316.7,0
2020-01-23 09:39:04,N,AAPL,316.61,3.0,316.7,3.0,2.0,2.0,2020-01-23 09:39:04.128169,316.56,316.61,0
2020-01-23 09:39:05,N,AAPL,316.56,2.0,316.61,5.0,1.0,2.0,2020-01-23 09:39:05.290995,316.61,316.7,0
2020-01-23 09:39:06,N,AAPL,316.61,1.0,316.7,2.0,0.0,0.0,2020-01-23 09:39:06.213202,316.67,316.72,0
2020-01-23 09:39:07,N,AAPL,316.67,4.0,316.72,1.0,3.0,0.0,2020-01-23 09:39:07.001720,316.63,316.71,0
2020-01-23 09:39:08,N,AAPL,316.63,4.0,316.71,1.0,3.0,0.0,2020-01-23 09:39:08.789133,316.64,316.71,0
2020-01-23 09:39:09,N,AAPL,316.64,3.0,316.71,1.0,1.0,0.0,2020-01-23 09:39:09.184360,316.62,316.69,0
2020-01-23 09:39:10,N,AAPL,316.62,1.0,316.69,1.0,0.0,0.0,2020-01-23 09:39:10.035077,316.47,316.53,-1
2020-01-23 09:39:11,N,AAPL,316.47,1.0,316.53,2.0,0.0,1.0,2020-01-23 09:39:11.269547,316.4,316.46,-1
2020-01-23 09:39:12,N,AAPL,316.4,1.0,316.46,1.0,0.0,0.0,2020-01-23 09:39:12.117370,316.39,316.46,0
2020-01-23 09:39:13,N,AAPL,316.39,2.0,316.46,2.0,0.0,1.0,2020-01-23 09:39:13.155054,316.3,316.35,-1
2020-01-23 09:39:14,N,AAPL,316.3,37.0,316.35,1.0,36.0,-1.0,2020-01-23 09:39:14.143017,316.32,316.37,0
2020-01-23 09:39:15,N,AAPL,316.32,4.0,316.37,1.0,2.0,0.0,2020-01-23 09:39:15.258720,316.37,316.44,0
2020-01-23 09:39:16,N,AAPL,316.37,5.0,316.44,2.0,1.0,0.0,2020-01-23 09:39:16.000481,316.42,316.49,0
2020-01-23 09:39:17,N,AAPL,316.42,2.0,316.49,5.0,0.0,3.0,2020-01-23 09:39:17.221193,316.46,316.52,0
2020-01-23 09:39:18,N,AAPL,316.46,1.0,316.52,1.0,0.0,0.0,2020-01-23 09:39:18.272050,316.47,316.53,0
2020-01-23 09:39:19,N,AAPL,316.47,1.0,316.53,3.0,0.0,2.0,2020-01-23 09:39:19.034395,316.51,316.58,0
2020-01-23 09:39:20,N,AAPL,316.51,1.0,316.58,3.0,0.0,2.0,2020-01-23 09:39:20.029210,316.49,316.53,0
2020-01-23 09:39:21,N,AAPL,316.49,2.0,316.53,4.0,1.0,1.0,2020-01-23 09:39:21.940124,316.47,316.54,0
2020-01-23 09:39:22,N,AAPL,316.47,2.0,316.54,3.0,0.0,2.0,2020-01-23 09:39:22.018506,316.5,316.56,0
2020-01-23 09:39:24,N,AAPL,316.5,2.0,316.56,1.0,0.0,0.0,2020-01-23 09:39:24.830028,316.57,316.65,1
2020-01-23 09:39:25,N,AAPL,316.57,2.0,316.65,2.0,0.0,0.0,2020-01-23 09:39:25.041204,316.52,316.6,0
2020-01-23 09:39:26,N,AAPL,316.52,2.0,316.6,2.0,-2.0,0.0,2020-01-23 09:39:26.025259,316.58,316.65,0
2020-01-23 09:39:27,N,AAPL,316.58,1.0,316.65,1.0,-1.0,0.0,2020-01-23 09:39:27.006216,316.55,316.62,0
2020-01-23 09:39:28,N,AAPL,316.55,2.0,316.62,2.0,1.0,0.0,2020-01-23 09:39:28.786519,316.55,316.62,0
2020-01-23 09:39:29,N,AAPL,316.55,2.0,316.62,1.0,0.0,0.0,2020-01-23 09:39:29.146992,316.5,316.57,0
2020-01-23 09:39:30,N,AAPL,316.5,2.0,316.57,4.0,1.0,2.0,2020-01-23 09:39:30.041828,316.53,316.61,0
2020-01-23 09:39:31,N,AAPL,316.53,3.0,316.61,2.0,0.0,1.0,2020-01-23 09:39:31.016567,316.55,316.61,0
2020-01-23 09:39:32,N,AAPL,316.55,2.0,316.61,2.0,0.0,1.0,2020-01-23 09:39:32.129278,316.43,316.5,-1
2020-01-23 09:39:33,N,AAPL,316.43,4.0,316.5,1.0,2.0,0.0,2020-01-23 09:39:33.188035,316.42,316.49,0
2020-01-23 09:39:34,N,AAPL,316.42,1.0,316.49,1.0,0.0,0.0,2020-01-23 09:39:34.200867,316.39,316.47,0
2020-01-23 09:39:35,N,AAPL,316.39,2.0,316.47,1.0,0.0,0.0,2020-01-23 09:39:35.170568,316.35,316.42,0
2020-01-23 09:39:36,N,AAPL,316.35,3.0,316.42,2.0,0.0,1.0,2020-01-23 09:39:36.139544,316.35,316.43,0
2020-01-23 09:39:37,N,AAPL,316.35,1.0,316.43,1.0,0.0,0.0,2020-01-23 09:39:37.092864,316.35,316.42,0
2020-01-23 09:39:38,N,AAPL,316.35,1.0,316.42,1.0,0.0,0.0,2020-01-23 09:39:38.515102,316.35,316.42,0
2020-01-23 09:39:39,N,AAPL,316.35,1.0,316.42,1.0,-1.0,0.0,2020-01-23 09:39:39.201317,316.35,316.4,0
2020-01-23 09:39:40,N,AAPL,316.35,1.0,316.4,3.0,0.0,2.0,2020-01-23 09:39:40.014144,316.31,316.36,0
2020-01-23 09:39:41,N,AAPL,316.31,1.0,316.36,3.0,0.0,2.0,2020-01-23 09:39:41.190495,316.3,316.39,0
2020-01-23 09:39:42,N,AAPL,316.3,1.0,316.39,1.0,-3.0,-1.0,2020-01-23 09:39:42.025072,316.3,316.37,0
2020-01-23 09:39:43,N,AAPL,316.3,1.0,316.37,1.0,0.0,0.0,2020-01-23 09:39:43.129341,316.27,316.35,0
2020-01-23 09:39:44,N,AAPL,316.27,1.0,316.35,1.0,-1.0,0.0,2020-01-23 09:39:44.163471,316.28,316.35,0
2020-01-23 09:39:45,N,AAPL,316.28,2.0,316.35,1.0,1.0,0.0,2020-01-23 09:39:45.084954,316.28,316.35,0
2020-01-23 09:39:46,N,AAPL,316.28,1.0,316.35,1.0,-1.0,0.0,2020-01-23 09:39:46.014640,316.48,316.53,1
2020-01-23 09:39:48,N,AAPL,316.48,2.0,316.53,1.0,0.0,-1.0,2020-01-23 09:39:48.096531,316.5,316.56,0
2020-01-23 09:39:49,N,AAPL,316.5,4.0,316.56,1.0,3.0,0.0,2020-01-23 09:39:49.005596,316.6,316.66,1
2020-01-23 09:39:50,N,AAPL,316.6,2.0,316.66,2.0,1.0,1.0,2020-01-23 09:39:50.074788,316.63,316.68,0
2020-01-23 09:39:51,N,AAPL,316.63,1.0,316.68,2.0,0.0,1.0,2020-01-23 09:39:51.347056,316.66,316.72,0
2020-01-23 09:39:52,N,AAPL,316.66,4.0,316.72,1.0,1.0,0.0,2020-01-23 09:39:52.015786,316.76,316.79,1
2020-01-23 09:39:53,N,AAPL,316.76,4.0,316.79,1.0,-1.0,0.0,2020-01-23 09:39:53.047602,316.78,316.85,0
2020-01-23 09:39:54,N,AAPL,316.78,3.0,316.85,1.0,1.0,0.0,2020-01-23 09:39:54.413249,316.78,316.84,0
2020-01-23 09:39:55,N,AAPL,316.78,2.0,316.84,1.0,1.0,0.0,2020-01-23 09:39:55.146359,316.81,316.88,0
2020-01-23 09:39:56,N,AAPL,316.81,4.0,316.88,4.0,0.0,3.0,2020-01-23 09:39:56.022043,316.83,316.86,0
2020-01-23 09:39:57,N,AAPL,316.83,2.0,316.86,1.0,1.0,-3.0,2020-01-23 09:39:57.466590,316.81,316.83,0
2020-01-23 09:39:59,N,AAPL,316.81,2.0,316.83,6.0,0.0,5.0,2020-01-23 09:39:59.887936,316.72,316.77,-1
2020-01-23 09:40:00,N,AAPL,316.72,1.0,316.77,1.0,-4.0,0.0,2020-01-23 09:40:00.000371,316.78,316.83,1
2020-01-23 09:40:01,N,AAPL,316.78,4.0,316.83,2.0,3.0,0.0,2020-01-23 09:40:01.030070,316.79,316.83,0
2020-01-23 09:40:03,N,AAPL,316.79,1.0,316.83,2.0,0.0,0.0,2020-01-23 09:40:03.915920,316.8,316.85,0
2020-01-23 09:40:04,N,AAPL,316.8,1.0,316.85,1.0,-4.0,0.0,2020-01-23 09:40:04.135145,316.75,316.77,-1
2020-01-23 09:40:05,N,AAPL,316.75,2.0,316.77,2.0,-3.0,0.0,2020-01-23 09:40:05.197494,316.72,316.77,0
2020-01-23 09:40:06,N,AAPL,316.72,2.0,316.77,1.0,1.0,0.0,2020-01-23 09:40:06.080743,316.75,316.83,0
2020-01-23 09:40:07,N,AAPL,316.75,1.0,316.83,3.0,0.0,1.0,2020-01-23 09:40:07.045666,316.67,316.73,-1
2020-01-23 09:40:08,N,AAPL,316.67,3.0,316.73,1.0,0.0,0.0,2020-01-23 09:40:08.783068,316.68,316.75,0
2020-01-23 09:40:09,N,AAPL,316.68,2.0,316.75,1.0,0.0,-1.0,2020-01-23 09:40:09.076838,316.71,316.78,0
2020-01-23 09:40:10,N,AAPL,316.71,1.0,316.78,2.0,-1.0,1.0,2020-01-23 09:40:10.000979,316.73,316.8,0
2020-01-23 09:40:11,N,AAPL,316.73,2.0,316.8,1.0,1.0,-1.0,2020-01-23 09:40:11.706999,316.75,316.83,0
2020-01-23 09:40:12,N,AAPL,316.75,1.0,316.83,3.0,0.0,2.0,2020-01-23 09:40:12.785446,316.75,316.77,0
2020-01-23 09:40:13,N,AAPL,316.75,1.0,316.77,1.0,0.0,-2.0,2020-01-23 09:40:13.078427,316.8,316.84,1
2020-01-23 09:40:14,N,AAPL,316.8,2.0,316.84,2.0,1.0,-1.0,2020-01-23 09:40:14.570963,316.89,316.94,1
2020-01-23 09:40:15,N,AAPL,316.89,1.0,316.94,1.0,0.0,-1.0,2020-01-23 09:40:15.217510,316.9,316.97,0
2020-01-23 09:40:16,N,AAPL,316.9,2.0,316.97,2.0,1.0,0.0,2020-01-23 09:40:16.028712,316.84,316.9,0
2020-01-23 09:40:17,N,AAPL,316.84,2.0,316.9,2.0,1.0,-1.0,2020-01-23 09:40:17.035975,316.86,316.91,0
2020-01-23 09:40:18,N,AAPL,316.86,1.0,316.91,2.0,0.0,0.0,2020-01-23 09:40:18.177351,316.89,316.97,0
2020-01-23 09:40:19,N,AAPL,316.89,1.0,316.97,2.0,0.0,0.0,2020-01-23 09:40:19.005430,317.0,317.05,1
2020-01-23 09:40:20,N,AAPL,317.0,1.0,317.05,1.0,0.0,-3.0,2020-01-23 09:40:20.045081,316.98,317.02,0
2020-01-23 09:40:21,N,AAPL,316.98,2.0,317.02,1.0,1.0,0.0,2020-01-23 09:40:21.052217,317.0,317.04,0
2020-01-23 09:40:22,N,AAPL,317.0,1.0,317.04,1.0,0.0,0.0,2020-01-23 09:40:22.031065,317.1,317.16,1
2020-01-23 09:40:23,N,AAPL,317.1,2.0,317.16,1.0,-1.0,0.0,2020-01-23 09:40:23.550290,317.01,317.07,-1
2020-01-23 09:40:24,N,AAPL,317.01,2.0,317.07,1.0,1.0,0.0,2020-01-23 09:40:24.071504,316.96,317.02,0
2020-01-23 09:40:25,N,AAPL,316.96,1.0,317.02,1.0,0.0,0.0,2020-01-23 09:40:25.013240,316.92,316.98,0
2020-01-23 09:40:26,N,AAPL,316.92,1.0,316.98,1.0,0.0,0.0,2020-01-23 09:40:26.506782,316.91,316.98,0
2020-01-23 09:40:27,N,AAPL,316.91,2.0,316.98,1.0,1.0,0.0,2020-01-23 09:40:27.056891,316.89,316.95,0
2020-01-23 09:40:28,N,AAPL,316.89,2.0,316.95,1.0,1.0,0.0,2020-01-23 09:40:28.476535,316.89,316.94,0
2020-01-23 09:40:29,N,AAPL,316.89,2.0,316.94,1.0,-5.0,0.0,2020-01-23 09:40:29.413181,316.89,316.95,0
2020-01-23 09:40:30,N,AAPL,316.89,2.0,316.95,1.0,-2.0,0.0,2020-01-23 09:40:30.063299,316.87,316.93,0
2020-01-23 09:40:31,N,AAPL,316.87,2.0,316.93,2.0,-1.0,1.0,2020-01-23 09:40:31.054599,316.88,316.91,0
2020-01-23 09:40:33,N,AAPL,316.88,4.0,316.91,1.0,2.0,0.0,2020-01-23 09:40:33.150893,316.86,316.9,0
2020-01-23 09:40:34,N,AAPL,316.86,2.0,316.9,3.0,0.0,2.0,2020-01-23 09:40:34.505687,316.84,316.89,0
2020-01-23 09:40:35,N,AAPL,316.84,4.0,316.89,1.0,0.0,0.0,2020-01-23 09:40:35.152773,316.85,316.87,0
2020-01-23 09:40:36,N,AAPL,316.85,1.0,316.87,1.0,0.0,0.0,2020-01-23 09:40:36.154582,316.7,316.76,-1
2020-01-23 09:40:37,N,AAPL,316.7,2.0,316.76,1.0,0.0,0.0,2020-01-23 09:40:37.217605,316.71,316.77,0
2020-01-23 09:40:38,N,AAPL,316.71,1.0,316.77,2.0,-1.0,1.0,2020-01-23 09:40:38.102450,316.81,316.92,1
2020-01-23 09:40:39,N,AAPL,316.81,2.0,316.92,1.0,1.0,0.0,2020-01-23 09:40:39.114184,316.8,316.85,0
2020-01-23 09:40:40,N,AAPL,316.8,1.0,316.85,1.0,0.0,0.0,2020-01-23 09:40:40.727714,316.8,316.85,0
2020-01-23 09:40:41,N,AAPL,316.8,3.0,316.85,1.0,2.0,0.0,2020-01-23 09:40:41.727116,316.8,316.85,0
2020-01-23 09:40:42,N,AAPL,316.8,1.0,316.85,1.0,-3.0,0.0,2020-01-23 09:40:42.132711,316.8,316.85,0
2020-01-23 09:40:43,N,AAPL,316.8,4.0,316.85,1.0,2.0,0.0,2020-01-23 09:40:43.122050,316.85,316.92,0
2020-01-23 09:40:44,N,AAPL,316.85,4.0,316.92,2.0,-1.0,1.0,2020-01-23 09:40:44.324432,316.85,316.91,0
2020-01-23 09:40:45,N,AAPL,316.85,2.0,316.91,1.0,0.0,0.0,2020-01-23 09:40:45.374936,316.88,316.91,0
2020-01-23 09:40:46,N,AAPL,316.88,1.0,316.91,1.0,-1.0,0.0,2020-01-23 09:40:46.029269,316.88,316.94,0
2020-01-23 09:40:47,N,AAPL,316.88,5.0,316.94,1.0,1.0,-1.0,2020-01-23 09:40:47.021419,316.86,316.93,0
2020-01-23 09:40:48,N,AAPL,316.86,2.0,316.93,2.0,0.0,1.0,2020-01-23 09:40:48.158288,316.82,316.88,0
2020-01-23 09:40:49,N,AAPL,316.82,31.0,316.88,2.0,0.0,1.0,2020-01-23 09:40:49.202979,316.79,316.84,0
2020-01-23 09:40:50,N,AAPL,316.79,4.0,316.84,1.0,2.0,0.0,2020-01-23 09:40:50.631376,316.75,316.8,0
2020-01-23 09:40:51,N,AAPL,316.75,1.0,316.8,4.0,-1.0,3.0,2020-01-23 09:40:51.063522,316.7,316.75,0
2020-01-23 09:40:52,N,AAPL,316.7,4.0,316.75,1.0,2.0,0.0,2020-01-23 09:40:52.349760,316.69,316.75,0
2020-01-23 09:40:53,N,AAPL,316.69,3.0,316.75,1.0,2.0,0.0,2020-01-23 09:40:53.000193,316.76,316.84,1
2020-01-23 09:40:54,N,AAPL,316.76,1.0,316.84,1.0,0.0,-1.0,2020-01-23 09:40:54.282523,316.72,316.78,0
2020-01-23 09:40:55,N,AAPL,316.72,1.0,316.78,2.0,-1.0,0.0,2020-01-23 09:40:55.073721,316.76,316.83,0
2020-01-23 09:40:56,N,AAPL,316.76,4.0,316.83,2.0,3.0,0.0,2020-01-23 09:40:56.715260,316.74,316.83,0
2020-01-23 09:40:57,N,AAPL,316.74,2.0,316.83,2.0,1.0,0.0,2020-01-23 09:40:57.008722,316.65,316.71,-1
2020-01-23 09:40:58,N,AAPL,316.65,1.0,316.71,1.0,0.0,0.0,2020-01-23 09:40:58.587768,316.66,316.72,0
2020-01-23 09:41:00,N,AAPL,316.66,4.0,316.72,3.0,3.0,2.0,2020-01-23 09:41:00.008877,316.64,316.69,0
2020-01-23 09:41:01,N,AAPL,316.64,2.0,316.69,1.0,1.0,0.0,2020-01-23 09:41:01.006642,316.68,316.72,0
2020-01-23 09:41:02,N,AAPL,316.68,1.0,316.72,3.0,0.0,1.0,2020-01-23 09:41:02.053816,316.65,316.7,0
2020-01-23 09:41:03,N,AAPL,316.65,1.0,316.7,1.0,-2.0,0.0,2020-01-23 09:41:03.130814,316.65,316.71,0
2020-01-23 09:41:04,N,AAPL,316.65,3.0,316.71,1.0,2.0,0.0,2020-01-23 09:41:04.006468,316.68,316.74,0
2020-01-23 09:41:05,N,AAPL,316.68,2.0,316.74,1.0,-2.0,0.0,2020-01-23 09:41:05.041201,316.7,316.76,0
2020-01-23 09:41:06,N,AAPL,316.7,4.0,316.76,1.0,3.0,-1.0,2020-01-23 09:41:06.021141,316.71,316.75,0
2020-01-23 09:41:07,N,AAPL,316.71,1.0,316.75,1.0,-1.0,0.0,2020-01-23 09:41:07.052140,316.7,316.75,0
2020-01-23 09:41:08,N,AAPL,316.7,1.0,316.75,1.0,0.0,0.0,2020-01-23 09:41:08.019162,316.69,316.74,0
2020-01-23 09:41:10,N,AAPL,316.69,1.0,316.74,1.0,0.0,0.0,2020-01-23 09:41:10.017827,316.67,316.71,0
2020-01-23 09:41:11,N,AAPL,316.67,2.0,316.71,1.0,0.0,-2.0,2020-01-23 09:41:11.392570,316.6,316.65,-1
2020-01-23 09:41:12,N,AAPL,316.6,2.0,316.65,1.0,1.0,0.0,2020-01-23 09:41:12.154937,316.56,316.61,0
2020-01-23 09:41:13,N,AAPL,316.56,2.0,316.61,1.0,0.0,-1.0,2020-01-23 09:41:13.710487,316.56,316.61,0
2020-01-23 09:41:14,N,AAPL,316.56,1.0,316.61,1.0,0.0,0.0,2020-01-23 09:41:14.017437,316.53,316.59,0
2020-01-23 09:41:15,N,AAPL,316.53,1.0,316.59,1.0,-1.0,0.0,2020-01-23 09:41:15.320600,316.54,316.59,0
2020-01-23 09:41:16,N,AAPL,316.54,1.0,316.59,2.0,0.0,1.0,2020-01-23 09:41:16.258736,316.53,316.56,0
2020-01-23 09:41:17,N,AAPL,316.53,4.0,316.56,1.0,3.0,0.0,2020-01-23 09:41:17.813300,316.58,316.64,1
2020-01-23 09:41:18,N,AAPL,316.58,2.0,316.64,1.0,1.0,0.0,2020-01-23 09:41:18.006793,316.58,316.64,0
2020-01-23 09:41:19,N,AAPL,316.58,2.0,316.64,2.0,0.0,0.0,2020-01-23 09:41:19.264854,316.62,316.7,0
2020-01-23 09:41:20,N,AAPL,316.62,1.0,316.7,2.0,0.0,1.0,2020-01-23 09:41:20.491446,316.65,316.66,0
2020-01-23 09:41:21,N,AAPL,316.65,1.0,316.66,1.0,0.0,0.0,2020-01-23 09:41:21.067957,316.61,316.64,-1
2020-01-23 09:41:22,N,AAPL,316.61,1.0,316.64,1.0,0.0,0.0,2020-01-23 09:41:22.015933,316.63,316.68,0
2020-01-23 09:41:23,N,AAPL,316.63,1.0,316.68,1.0,0.0,0.0,2020-01-23 09:41:23.364794,316.72,316.76,1
2020-01-23 09:41:24,N,AAPL,316.72,1.0,316.76,1.0,-4.0,-1.0,2020-01-23 09:41:24.407633,316.74,316.78,0
2020-01-23 09:41:26,N,AAPL,316.74,4.0,316.78,1.0,3.0,0.0,2020-01-23 09:41:26.020664,316.78,316.84,0
2020-01-23 09:41:27,N,AAPL,316.78,3.0,316.84,41.0,2.0,40.0,2020-01-23 09:41:27.382253,316.82,316.86,0
2020-01-23 09:41:28,N,AAPL,316.82,1.0,316.86,2.0,-2.0,-39.0,2020-01-23 09:41:28.729733,316.8,316.85,0
2020-01-23 09:41:29,N,AAPL,316.8,2.0,316.85,1.0,1.0,0.0,2020-01-23 09:41:29.166758,316.75,316.81,0
2020-01-23 09:41:30,N,AAPL,316.75,3.0,316.81,4.0,2.0,3.0,2020-01-23 09:41:30.103568,316.72,316.77,0
2020-01-23 09:41:31,N,AAPL,316.72,3.0,316.77,1.0,2.0,0.0,2020-01-23 09:41:31.028708,316.74,316.8,0
2020-01-23 09:41:32,N,AAPL,316.74,1.0,316.8,4.0,-3.0,0.0,2020-01-23 09:41:32.004965,316.66,316.72,-1
2020-01-23 09:41:34,N,AAPL,316.66,3.0,316.72,2.0,2.0,1.0,2020-01-23 09:41:34.005992,316.66,316.73,0
2020-01-23 09:41:35,N,AAPL,316.66,1.0,316.73,3.0,-2.0,2.0,2020-01-23 09:41:35.045711,316.65,316.71,0
2020-01-23 09:41:36,N,AAPL,316.65,2.0,316.71,1.0,1.0,0.0,2020-01-23 09:41:36.090240,316.69,316.74,0
2020-01-23 09:41:38,N,AAPL,316.69,1.0,316.74,1.0,0.0,0.0,2020-01-23 09:41:38.302578,316.71,316.76,0
2020-01-23 09:41:39,N,AAPL,316.71,2.0,316.76,1.0,0.0,0.0,2020-01-23 09:41:39.247778,316.61,316.66,-1
2020-01-23 09:41:40,N,AAPL,316.61,4.0,316.66,2.0,3.0,0.0,2020-01-23 09:41:40.061903,316.63,316.68,0
2020-01-23 09:41:41,N,AAPL,316.63,3.0,316.68,2.0,2.0,0.0,2020-01-23 09:41:41.228259,316.63,316.7,0
2020-01-23 09:41:42,N,AAPL,316.63,2.0,316.7,2.0,-2.0,1.0,2020-01-23 09:41:42.489000,316.62,316.68,0
2020-01-23 09:41:43,N,AAPL,316.62,4.0,316.68,2.0,3.0,1.0,2020-01-23 09:41:43.165695,316.61,316.66,0
2020-01-23 09:41:44,N,AAPL,316.61,3.0,316.66,1.0,1.0,-1.0,2020-01-23 09:41:44.538569,316.61,316.66,0
2020-01-23 09:41:45,N,AAPL,316.61,3.0,316.66,1.0,2.0,-1.0,2020-01-23 09:41:45.290626,316.6,316.65,0
2020-01-23 09:41:46,N,AAPL,316.6,2.0,316.65,1.0,1.0,0.0,2020-01-23 09:41:46.031821,316.61,316.66,0
2020-01-23 09:41:47,N,AAPL,316.61,4.0,316.66,3.0,3.0,1.0,2020-01-23 09:41:47.044544,316.62,316.66,0
2020-01-23 09:41:48,N,AAPL,316.62,1.0,316.66,1.0,0.0,-1.0,2020-01-23 09:41:48.382364,316.53,316.58,-1
2020-01-23 09:41:49,N,AAPL,316.53,1.0,316.58,3.0,0.0,0.0,2020-01-23 09:41:49.161495,316.54,316.59,0
2020-01-23 09:41:50,N,AAPL,316.54,1.0,316.59,1.0,-4.0,0.0,2020-01-23 09:41:50.061382,316.54,316.57,0
2020-01-23 09:41:51,N,AAPL,316.54,1.0,316.57,1.0,0.0,0.0,2020-01-23 09:41:51.130673,316.5,316.52,-1
2020-01-23 09:41:52,N,AAPL,316.5,1.0,316.52,4.0,0.0,2.0,2020-01-23 09:41:52.048885,316.5,316.56,0
2020-01-23 09:41:53,N,AAPL,316.5,1.0,316.56,2.0,0.0,1.0,2020-01-23 09:41:53.004591,316.48,316.51,0
2020-01-23 09:41:54,N,AAPL,316.48,1.0,316.51,1.0,0.0,-2.0,2020-01-23 09:41:54.133276,316.49,316.54,0
2020-01-23 09:41:55,N,AAPL,316.49,3.0,316.54,4.0,2.0,3.0,2020-01-23 09:41:55.012445,316.49,316.55,0
2020-01-23 09:41:56,N,AAPL,316.49,2.0,316.55,3.0,0.0,2.0,2020-01-23 09:41:56.348090,316.46,316.53,0
2020-01-23 09:41:57,N,AAPL,316.46,2.0,316.53,10.0,0.0,9.0,2020-01-23 09:41:57.007282,316.43,316.47,0
2020-01-23 09:41:58,N,AAPL,316.43,1.0,316.47,1.0,-1.0,-1.0,2020-01-23 09:41:58.351524,316.41,316.46,0
2020-01-23 09:41:59,N,AAPL,316.41,1.0,316.46,2.0,0.0,0.0,2020-01-23 09:41:59.495692,316.4,316.44,0
2020-01-23 09:42:00,N,AAPL,316.4,5.0,316.44,1.0,0.0,0.0,2020-01-23 09:42:00.498683,316.37,316.4,0
2020-01-23 09:42:01,N,AAPL,316.37,3.0,316.4,4.0,2.0,3.0,2020-01-23 09:42:01.351684,316.35,316.4,0
2020-01-23 09:42:02,N,AAPL,316.35,2.0,316.4,1.0,1.0,-1.0,2020-01-23 09:42:02.191260,316.29,316.33,-1
2020-01-23 09:42:03,N,AAPL,316.29,9.0,316.33,4.0,7.0,2.0,2020-01-23 09:42:03.676493,316.28,316.32,0
2020-01-23 09:42:04,N,AAPL,316.28,1.0,316.32,1.0,-1.0,-2.0,2020-01-23 09:42:04.175490,316.32,316.36,0
2020-01-23 09:42:05,N,AAPL,316.32,1.0,316.36,1.0,-1.0,0.0,2020-01-23 09:42:05.000426,316.27,316.29,-1
2020-01-23 09:42:06,N,AAPL,316.27,4.0,316.29,1.0,2.0,-3.0,2020-01-23 09:42:06.214785,316.25,316.31,0
2020-01-23 09:42:07,N,AAPL,316.25,2.0,316.31,1.0,1.0,-2.0,2020-01-23 09:42:07.304097,316.24,316.28,0
2020-01-23 09:42:08,N,AAPL,316.24,2.0,316.28,4.0,0.0,3.0,2020-01-23 09:42:08.496531,316.24,316.29,0
2020-01-23 09:42:09,N,AAPL,316.24,1.0,316.29,3.0,-1.0,2.0,2020-01-23 09:42:09.024631,316.18,316.22,-1
2020-01-23 09:42:10,N,AAPL,316.18,2.0,316.22,1.0,-1.0,-1.0,2020-01-23 09:42:10.057979,316.12,316.18,0
2020-01-23 09:42:11,N,AAPL,316.12,2.0,316.18,1.0,-1.0,0.0,2020-01-23 09:42:11.241540,316.18,316.22,0
2020-01-23 09:42:12,N,AAPL,316.18,2.0,316.22,1.0,1.0,0.0,2020-01-23 09:42:12.022725,316.2,316.24,0
2020-01-23 09:42:13,N,AAPL,316.2,3.0,316.24,2.0,2.0,1.0,2020-01-23 09:42:13.400416,316.2,316.25,0
2020-01-23 09:42:14,N,AAPL,316.2,2.0,316.25,3.0,-1.0,2.0,2020-01-23 09:42:14.671199,316.19,316.24,0
2020-01-23 09:42:15,N,AAPL,316.19,2.0,316.24,1.0,1.0,0.0,2020-01-23 09:42:15.306758,316.21,316.25,0
2020-01-23 09:42:16,N,AAPL,316.21,2.0,316.25,1.0,1.0,0.0,2020-01-23 09:42:16.094971,316.22,316.26,0
2020-01-23 09:42:17,N,AAPL,316.22,2.0,316.26,1.0,1.0,-1.0,2020-01-23 09:42:17.825837,316.31,316.33,1
2020-01-23 09:42:18,N,AAPL,316.31,2.0,316.33,2.0,0.0,0.0,2020-01-23 09:42:18.005606,316.31,316.36,0
2020-01-23 09:42:19,N,AAPL,316.31,3.0,316.36,1.0,0.0,-1.0,2020-01-23 09:42:19.064281,316.3,316.31,0
2020-01-23 09:42:20,N,AAPL,316.3,2.0,316.31,1.0,-1.0,-1.0,2020-01-23 09:42:20.256058,316.26,316.29,-1
2020-01-23 09:42:21,N,AAPL,316.26,1.0,316.29,1.0,-1.0,0.0,2020-01-23 09:42:21.185925,316.17,316.22,-1
2020-01-23 09:42:22,N,AAPL,316.17,2.0,316.22,2.0,1.0,1.0,2020-01-23 09:42:22.012009,316.22,316.26,0
2020-01-23 09:42:23,N,AAPL,316.22,3.0,316.26,3.0,0.0,2.0,2020-01-23 09:42:23.268812,316.26,316.29,0
2020-01-23 09:42:24,N,AAPL,316.26,1.0,316.29,1.0,0.0,-1.0,2020-01-23 09:42:24.069000,316.33,316.36,1
2020-01-23 09:42:25,N,AAPL,316.33,4.0,316.36,2.0,1.0,1.0,2020-01-23 09:42:25.214863,316.44,316.47,1
2020-01-23 09:42:26,N,AAPL,316.44,5.0,316.47,1.0,3.0,-1.0,2020-01-23 09:42:26.569180,316.41,316.47,0
2020-01-23 09:42:27,N,AAPL,316.41,1.0,316.47,2.0,-1.0,1.0,2020-01-23 09:42:27.299315,316.49,316.56,1
2020-01-23 09:42:28,N,AAPL,316.49,1.0,316.56,2.0,0.0,0.0,2020-01-23 09:42:28.101877,316.62,316.67,1
2020-01-23 09:42:29,N,AAPL,316.62,2.0,316.67,1.0,-1.0,-1.0,2020-01-23 09:42:29.107166,316.69,316.74,1
2020-01-23 09:42:30,N,AAPL,316.69,4.0,316.74,1.0,3.0,-1.0,2020-01-23 09:42:30.335931,316.67,316.77,0
2020-01-23 09:42:31,N,AAPL,316.67,4.0,316.77,2.0,2.0,1.0,2020-01-23 09:42:31.031143,316.74,316.81,0
2020-01-23 09:42:32,N,AAPL,316.74,1.0,316.81,1.0,0.0,0.0,2020-01-23 09:42:32.099326,316.72,316.78,0
2020-01-23 09:42:33,N,AAPL,316.72,2.0,316.78,1.0,1.0,0.0,2020-01-23 09:42:33.004970,316.75,316.82,0
2020-01-23 09:42:34,N,AAPL,316.75,2.0,316.82,1.0,1.0,-1.0,2020-01-23 09:42:34.059966,316.73,316.78,0
2020-01-23 09:42:35,N,AAPL,316.73,1.0,316.78,2.0,-1.0,1.0,2020-01-23 09:42:35.358489,316.72,316.77,0
2020-01-23 09:42:36,N,AAPL,316.72,2.0,316.77,1.0,0.0,0.0,2020-01-23 09:42:36.119450,316.73,316.79,0
2020-01-23 09:42:37,N,AAPL,316.73,2.0,316.79,2.0,-2.0,1.0,2020-01-23 09:42:37.138304,316.79,316.84,0
2020-01-23 09:42:38,N,AAPL,316.79,2.0,316.84,3.0,0.0,2.0,2020-01-23 09:42:38.094063,316.68,316.74,-1
2020-01-23 09:42:39,N,AAPL,316.68,2.0,316.74,1.0,1.0,0.0,2020-01-23 09:42:39.560278,316.64,316.69,0
2020-01-23 09:42:40,N,AAPL,316.64,2.0,316.69,1.0,1.0,0.0,2020-01-23 09:42:40.267377,316.71,316.76,1
2020-01-23 09:42:41,N,AAPL,316.71,4.0,316.76,1.0,2.0,0.0,2020-01-23 09:42:41.045098,316.67,316.73,0
2020-01-23 09:42:42,N,AAPL,316.67,2.0,316.73,2.0,0.0,1.0,2020-01-23 09:42:42.043757,316.61,316.67,0
2020-01-23 09:42:43,N,AAPL,316.61,1.0,316.67,1.0,0.0,0.0,2020-01-23 09:42:43.356645,316.61,316.66,0
2020-01-23 09:42:44,N,AAPL,316.61,2.0,316.66,2.0,1.0,1.0,2020-01-23 09:42:44.196092,316.6,316.65,0
2020-01-23 09:42:45,N,AAPL,316.6,2.0,316.65,1.0,-1.0,-1.0,2020-01-23 09:42:45.210770,316.54,316.57,-1
2020-01-23 09:42:46,N,AAPL,316.54,1.0,316.57,1.0,0.0,0.0,2020-01-23 09:42:46.035188,316.52,316.57,0
2020-01-23 09:42:47,N,AAPL,316.52,5.0,316.57,1.0,4.0,0.0,2020-01-23 09:42:47.618343,316.51,316.53,0
2020-01-23 09:42:48,N,AAPL,316.51,2.0,316.53,2.0,-3.0,1.0,2020-01-23 09:42:48.366930,316.43,316.47,-1
2020-01-23 09:42:49,N,AAPL,316.43,2.0,316.47,1.0,1.0,0.0,2020-01-23 09:42:49.070754,316.5,316.53,1
2020-01-23 09:42:50,N,AAPL,316.5,1.0,316.53,2.0,-1.0,1.0,2020-01-23 09:42:50.269161,316.49,316.54,0
2020-01-23 09:42:52,N,AAPL,316.49,4.0,316.54,1.0,2.0,0.0,2020-01-23 09:42:52.032934,316.61,316.67,1
2020-01-23 09:42:53,N,AAPL,316.61,3.0,316.67,1.0,2.0,0.0,2020-01-23 09:42:53.101024,316.6,316.66,0
2020-01-23 09:42:54,N,AAPL,316.6,2.0,316.66,2.0,1.0,1.0,2020-01-23 09:42:54.052310,316.53,316.59,-1
2020-01-23 09:42:55,N,AAPL,316.53,2.0,316.59,1.0,0.0,0.0,2020-01-23 09:42:55.164324,316.54,316.58,0
2020-01-23 09:42:56,N,AAPL,316.54,1.0,316.58,4.0,-1.0,3.0,2020-01-23 09:42:56.241704,316.57,316.6,0
2020-01-23 09:42:58,N,AAPL,316.57,2.0,316.6,2.0,0.0,1.0,2020-01-23 09:42:58.650039,316.59,316.64,0
2020-01-23 09:42:59,N,AAPL,316.59,4.0,316.64,1.0,2.0,0.0,2020-01-23 09:42:59.126080,316.57,316.65,0
2020-01-23 09:43:00,N,AAPL,316.57,2.0,316.65,2.0,1.0,0.0,2020-01-23 09:43:00.000299,316.56,316.61,0
2020-01-23 09:43:01,N,AAPL,316.56,1.0,316.61,2.0,0.0,1.0,2020-01-23 09:43:01.030654,316.56,316.61,0
2020-01-23 09:43:02,N,AAPL,316.56,1.0,316.61,4.0,-1.0,3.0,2020-01-23 09:43:02.624129,316.57,316.62,0
2020-01-23 09:43:03,N,AAPL,316.57,2.0,316.62,1.0,0.0,0.0,2020-01-23 09:43:03.076371,316.57,316.62,0
2020-01-23 09:43:04,N,AAPL,316.57,4.0,316.62,3.0,2.0,2.0,2020-01-23 09:43:04.374781,316.48,316.53,-1
2020-01-23 09:43:05,N,AAPL,316.48,2.0,316.53,1.0,0.0,0.0,2020-01-23 09:43:05.492859,316.46,316.49,0
2020-01-23 09:43:06,N,AAPL,316.46,1.0,316.49,1.0,0.0,0.0,2020-01-23 09:43:06.471086,316.43,316.47,0
2020-01-23 09:43:07,N,AAPL,316.43,1.0,316.47,1.0,0.0,-1.0,2020-01-23 09:43:07.044431,316.43,316.49,0
2020-01-23 09:43:08,N,AAPL,316.43,1.0,316.49,1.0,0.0,0.0,2020-01-23 09:43:08.059965,316.44,316.48,0
2020-01-23 09:43:09,N,AAPL,316.44,1.0,316.48,1.0,0.0,0.0,2020-01-23 09:43:09.387155,316.36,316.39,-1
2020-01-23 09:43:10,N,AAPL,316.36,1.0,316.39,4.0,-3.0,1.0,2020-01-23 09:43:10.269742,316.37,316.41,0
2020-01-23 09:43:11,N,AAPL,316.37,5.0,316.41,2.0,2.0,1.0,2020-01-23 09:43:11.590980,316.35,316.39,0
2020-01-23 09:43:13,N,AAPL,316.35,2.0,316.39,1.0,0.0,-1.0,2020-01-23 09:43:13.741320,316.27,316.33,-1
2020-01-23 09:43:14,N,AAPL,316.27,2.0,316.33,1.0,0.0,-1.0,2020-01-23 09:43:14.142423,316.26,316.31,0
2020-01-23 09:43:15,N,AAPL,316.26,1.0,316.31,2.0,0.0,1.0,2020-01-23 09:43:15.000867,316.28,316.33,0
2020-01-23 09:43:16,N,AAPL,316.28,4.0,316.33,2.0,3.0,0.0,2020-01-23 09:43:16.035810,316.31,316.34,0
2020-01-23 09:43:17,N,AAPL,316.31,2.0,316.34,1.0,-1.0,0.0,2020-01-23 09:43:17.469203,316.34,316.38,0
2020-01-23 09:43:18,N,AAPL,316.34,2.0,316.38,2.0,0.0,1.0,2020-01-23 09:43:18.031614,316.41,316.46,1
2020-01-23 09:43:19,N,AAPL,316.41,2.0,316.46,2.0,0.0,-1.0,2020-01-23 09:43:19.128128,316.42,316.48,0
2020-01-23 09:43:20,N,AAPL,316.42,1.0,316.48,2.0,0.0,1.0,2020-01-23 09:43:20.182233,316.33,316.39,-1
2020-01-23 09:43:21,N,AAPL,316.33,1.0,316.39,2.0,0.0,1.0,2020-01-23 09:43:21.134138,316.33,316.38,0
2020-01-23 09:43:22,N,AAPL,316.33,1.0,316.38,1.0,0.0,0.0,2020-01-23 09:43:22.036770,316.32,316.34,0
2020-01-23 09:43:23,N,AAPL,316.32,1.0,316.34,3.0,-1.0,2.0,2020-01-23 09:43:23.094233,316.3,316.34,0
2020-01-23 09:43:25,N,AAPL,316.3,2.0,316.34,2.0,1.0,0.0,2020-01-23 09:43:25.575183,316.34,316.39,0
2020-01-23 09:43:26,N,AAPL,316.34,1.0,316.39,2.0,-1.0,1.0,2020-01-23 09:43:26.006498,316.4,316.46,1
2020-01-23 09:43:27,N,AAPL,316.4,1.0,316.46,1.0,0.0,-4.0,2020-01-23 09:43:27.069355,316.45,316.49,0
2020-01-23 09:43:28,N,AAPL,316.45,2.0,316.49,1.0,1.0,-1.0,2020-01-23 09:43:28.297385,316.45,316.52,0
2020-01-23 09:43:30,N,AAPL,316.45,2.0,316.52,1.0,0.0,0.0,2020-01-23 09:43:30.150388,316.5,316.58,0
2020-01-23 09:43:31,N,AAPL,316.5,2.0,316.58,2.0,1.0,0.0,2020-01-23 09:43:31.029248,316.52,316.57,0
2020-01-23 09:43:32,N,AAPL,316.52,1.0,316.57,2.0,0.0,0.0,2020-01-23 09:43:32.516650,316.57,316.63,0
2020-01-23 09:43:33,N,AAPL,316.57,1.0,316.63,1.0,0.0,-1.0,2020-01-23 09:43:33.199132,316.61,316.65,0
2020-01-23 09:43:34,N,AAPL,316.61,2.0,316.65,2.0,1.0,1.0,2020-01-23 09:43:34.713923,316.62,316.69,0
2020-01-23 09:43:35,N,AAPL,316.62,4.0,316.69,2.0,0.0,1.0,2020-01-23 09:43:35.018909,316.65,316.69,0
2020-01-23 09:43:36,N,AAPL,316.65,1.0,316.69,4.0,0.0,-4.0,2020-01-23 09:43:36.216638,316.6,316.63,-1
2020-01-23 09:43:38,N,AAPL,316.6,2.0,316.63,4.0,0.0,3.0,2020-01-23 09:43:38.213755,316.57,316.6,0
2020-01-23 09:43:39,N,AAPL,316.57,1.0,316.6,1.0,-1.0,0.0,2020-01-23 09:43:39.324548,316.59,316.65,0
2020-01-23 09:43:40,N,AAPL,316.59,1.0,316.65,1.0,0.0,-1.0,2020-01-23 09:43:40.130237,316.58,316.64,0
2020-01-23 09:43:41,N,AAPL,316.58,1.0,316.64,3.0,0.0,2.0,2020-01-23 09:43:41.004055,316.54,316.6,0
2020-01-23 09:43:42,N,AAPL,316.54,2.0,316.6,1.0,1.0,0.0,2020-01-23 09:43:42.285161,316.52,316.56,0
2020-01-23 09:43:43,N,AAPL,316.52,1.0,316.56,1.0,0.0,0.0,2020-01-23 09:43:43.459806,316.47,316.52,0
2020-01-23 09:43:44,N,AAPL,316.47,2.0,316.52,1.0,0.0,-2.0,2020-01-23 09:43:44.252347,316.52,316.57,0
2020-01-23 09:43:45,N,AAPL,316.52,3.0,316.57,1.0,1.0,0.0,2020-01-23 09:43:45.847102,316.52,316.57,0
2020-01-23 09:43:46,N,AAPL,316.52,3.0,316.57,2.0,-2.0,1.0,2020-01-23 09:43:46.753761,316.55,316.61,0
2020-01-23 09:43:47,N,AAPL,316.55,3.0,316.61,3.0,0.0,2.0,2020-01-23 09:43:47.449373,316.65,316.69,1
2020-01-23 09:43:48,N,AAPL,316.65,1.0,316.69,1.0,0.0,0.0,2020-01-23 09:43:48.068984,316.68,316.72,0
2020-01-23 09:43:49,N,AAPL,316.68,1.0,316.72,1.0,0.0,0.0,2020-01-23 09:43:49.134670,316.7,316.74,0
2020-01-23 09:43:50,N,AAPL,316.7,1.0,316.74,4.0,-2.0,3.0,2020-01-23 09:43:50.095748,316.78,316.81,1
2020-01-23 09:43:51,N,AAPL,316.78,1.0,316.81,2.0,-1.0,-2.0,2020-01-23 09:43:51.125463,316.76,316.8,0
2020-01-23 09:43:52,N,AAPL,316.76,1.0,316.8,1.0,0.0,0.0,2020-01-23 09:43:52.173730,316.77,316.8,0
2020-01-23 09:43:53,N,AAPL,316.77,1.0,316.8,1.0,-2.0,-1.0,2020-01-23 09:43:53.163151,316.73,316.77,0
2020-01-23 09:43:54,N,AAPL,316.73,1.0,316.77,1.0,-2.0,0.0,2020-01-23 09:43:54.164883,316.64,316.68,-1
2020-01-23 09:43:55,N,AAPL,316.64,2.0,316.68,1.0,1.0,-2.0,2020-01-23 09:43:55.305829,316.65,316.69,0
2020-01-23 09:43:56,N,AAPL,316.65,1.0,316.69,2.0,-1.0,1.0,2020-01-23 09:43:56.089343,316.72,316.76,1
2020-01-23 09:43:57,N,AAPL,316.72,1.0,316.76,2.0,0.0,1.0,2020-01-23 09:43:57.112510,316.72,316.77,0
2020-01-23 09:43:58,N,AAPL,316.72,1.0,316.77,3.0,0.0,0.0,2020-01-23 09:43:58.011347,316.74,316.78,0
2020-01-23 09:43:59,N,AAPL,316.74,1.0,316.78,1.0,0.0,-2.0,2020-01-23 09:43:59.119732,316.72,316.77,0
2020-01-23 09:44:00,N,AAPL,316.72,4.0,316.77,3.0,3.0,0.0,2020-01-23 09:44:00.202594,316.71,316.76,0
2020-01-23 09:44:01,N,AAPL,316.71,3.0,316.76,2.0,2.0,1.0,2020-01-23 09:44:01.029748,316.78,316.82,1
2020-01-23 09:44:02,N,AAPL,316.78,4.0,316.82,1.0,2.0,-1.0,2020-01-23 09:44:02.012305,316.77,316.8,0
2020-01-23 09:44:03,N,AAPL,316.77,2.0,316.8,1.0,1.0,-2.0,2020-01-23 09:44:03.000712,316.82,316.86,1
2020-01-23 09:44:04,N,AAPL,316.82,1.0,316.86,1.0,0.0,-2.0,2020-01-23 09:44:04.105525,316.86,316.89,0
2020-01-23 09:44:05,N,AAPL,316.86,1.0,316.89,6.0,0.0,0.0,2020-01-23 09:44:05.067781,316.91,316.93,1
2020-01-23 09:44:06,N,AAPL,316.91,5.0,316.93,2.0,4.0,0.0,2020-01-23 09:44:06.149232,316.94,316.98,1
2020-01-23 09:44:07,N,AAPL,316.94,1.0,316.98,3.0,-1.0,1.0,2020-01-23 09:44:07.074367,316.95,316.98,0
2020-01-23 09:44:08,N,AAPL,316.95,1.0,316.98,3.0,0.0,1.0,2020-01-23 09:44:08.550992,316.94,316.98,0
2020-01-23 09:44:09,N,AAPL,316.94,1.0,316.98,3.0,-2.0,1.0,2020-01-23 09:44:09.442374,316.92,316.95,0
2020-01-23 09:44:10,N,AAPL,316.92,2.0,316.95,5.0,1.0,2.0,2020-01-23 09:44:10.151079,316.84,316.88,-1
2020-01-23 09:44:11,N,AAPL,316.84,1.0,316.88,2.0,-3.0,1.0,2020-01-23 09:44:11.480063,316.86,316.89,0
2020-01-23 09:44:13,N,AAPL,316.86,4.0,316.89,1.0,-2.0,0.0,2020-01-23 09:44:13.527109,316.87,316.91,0
2020-01-23 09:44:14,N,AAPL,316.87,2.0,316.91,2.0,-3.0,0.0,2020-01-23 09:44:14.019421,316.88,316.93,0
2020-01-23 09:44:15,N,AAPL,316.88,2.0,316.93,3.0,-1.0,1.0,2020-01-23 09:44:15.548638,316.87,316.91,0
2020-01-23 09:44:16,N,AAPL,316.87,1.0,316.91,1.0,-1.0,-2.0,2020-01-23 09:44:16.031896,316.98,317.01,1
2020-01-23 09:44:17,N,AAPL,316.98,1.0,317.01,2.0,-1.0,0.0,2020-01-23 09:44:17.221063,317.0,317.05,0
2020-01-23 09:44:18,N,AAPL,317.0,3.0,317.05,1.0,0.0,-4.0,2020-01-23 09:44:18.031859,317.18,317.22,1
2020-01-23 09:44:19,N,AAPL,317.18,2.0,317.22,1.0,0.0,0.0,2020-01-23 09:44:19.027503,317.23,317.29,1
2020-01-23 09:44:20,N,AAPL,317.23,5.0,317.29,2.0,1.0,1.0,2020-01-23 09:44:20.150878,317.22,317.26,0
2020-01-23 09:44:21,N,AAPL,317.22,2.0,317.26,1.0,1.0,0.0,2020-01-23 09:44:21.016435,317.17,317.22,0
2020-01-23 09:44:22,N,AAPL,317.17,2.0,317.22,2.0,1.0,1.0,2020-01-23 09:44:22.094938,317.25,317.29,1
2020-01-23 09:44:24,N,AAPL,317.25,1.0,317.29,2.0,0.0,1.0,2020-01-23 09:44:24.408937,317.21,317.27,0
2020-01-23 09:44:25,N,AAPL,317.21,1.0,317.27,2.0,-1.0,0.0,2020-01-23 09:44:25.562575,317.15,317.19,-1
2020-01-23 09:44:26,N,AAPL,317.15,1.0,317.19,2.0,-2.0,-2.0,2020-01-23 09:44:26.278023,317.09,317.14,-1
2020-01-23 09:44:27,N,AAPL,317.09,1.0,317.14,2.0,-1.0,0.0,2020-01-23 09:44:27.250363,317.04,317.09,0
2020-01-23 09:44:28,N,AAPL,317.04,1.0,317.09,2.0,0.0,-1.0,2020-01-23 09:44:28.072604,317.1,317.14,1
2020-01-23 09:44:29,N,AAPL,317.1,1.0,317.14,1.0,-1.0,-1.0,2020-01-23 09:44:29.255139,317.06,317.1,0
2020-01-23 09:44:30,N,AAPL,317.06,2.0,317.1,1.0,0.0,0.0,2020-01-23 09:44:30.002737,317.05,317.1,0
2020-01-23 09:44:31,N,AAPL,317.05,2.0,317.1,1.0,1.0,-2.0,2020-01-23 09:44:31.028627,317.07,317.12,0
2020-01-23 09:44:32,N,AAPL,317.07,2.0,317.12,3.0,1.0,1.0,2020-01-23 09:44:32.049654,317.07,317.11,0
2020-01-23 09:44:33,N,AAPL,317.07,1.0,317.11,3.0,-1.0,0.0,2020-01-23 09:44:33.393179,317.04,317.09,0
2020-01-23 09:44:34,N,AAPL,317.04,3.0,317.09,1.0,1.0,-3.0,2020-01-23 09:44:34.068240,316.99,317.02,-1
2020-01-23 09:44:35,N,AAPL,316.99,1.0,317.02,1.0,0.0,-2.0,2020-01-23 09:44:35.282241,317.04,317.08,1
2020-01-23 09:44:36,N,AAPL,317.04,1.0,317.08,2.0,-1.0,0.0,2020-01-23 09:44:36.043638,317.03,317.07,0
2020-01-23 09:44:37,N,AAPL,317.03,1.0,317.07,5.0,0.0,4.0,2020-01-23 09:44:37.084120,317.04,317.08,0
2020-01-23 09:44:38,N,AAPL,317.04,2.0,317.08,1.0,1.0,0.0,2020-01-23 09:44:38.014215,317.14,317.17,1
2020-01-23 09:44:39,N,AAPL,317.14,1.0,317.17,1.0,0.0,-1.0,2020-01-23 09:44:39.148777,317.07,317.12,-1
2020-01-23 09:44:40,N,AAPL,317.07,2.0,317.12,1.0,0.0,0.0,2020-01-23 09:44:40.018434,317.1,317.12,0
2020-01-23 09:44:41,N,AAPL,317.1,1.0,317.12,1.0,0.0,0.0,2020-01-23 09:44:41.012746,317.1,317.14,0
2020-01-23 09:44:42,N,AAPL,317.1,1.0,317.14,1.0,-2.0,0.0,2020-01-23 09:44:42.076014,317.02,317.07,-1
2020-01-23 09:44:43,N,AAPL,317.02,6.0,317.07,2.0,-6.0,1.0,2020-01-23 09:44:43.104680,317.08,317.12,1
2020-01-23 09:44:44,N,AAPL,317.08,2.0,317.12,1.0,1.0,0.0,2020-01-23 09:44:44.017911,316.91,316.95,-1
2020-01-23 09:44:45,N,AAPL,316.91,2.0,316.95,2.0,-2.0,1.0,2020-01-23 09:44:45.138909,316.83,316.89,-1
2020-01-23 09:44:46,N,AAPL,316.83,4.0,316.89,1.0,0.0,0.0,2020-01-23 09:44:46.002563,316.83,316.87,0
2020-01-23 09:44:47,N,AAPL,316.83,3.0,316.87,1.0,-1.0,0.0,2020-01-23 09:44:47.148094,316.93,316.97,1
2020-01-23 09:44:48,N,AAPL,316.93,3.0,316.97,1.0,2.0,0.0,2020-01-23 09:44:48.099160,316.9,316.92,-1
2020-01-23 09:44:49,N,AAPL,316.9,2.0,316.92,2.0,-1.0,0.0,2020-01-23 09:44:49.126523,316.83,316.86,-1
2020-01-23 09:44:50,N,AAPL,316.83,1.0,316.86,3.0,0.0,2.0,2020-01-23 09:44:50.204303,316.71,316.76,-1
2020-01-23 09:44:51,N,AAPL,316.71,2.0,316.76,2.0,0.0,1.0,2020-01-23 09:44:51.199175,316.7,316.74,0
2020-01-23 09:44:52,N,AAPL,316.7,4.0,316.74,1.0,3.0,-3.0,2020-01-23 09:44:52.100515,316.75,316.8,1
2020-01-23 09:44:53,N,AAPL,316.75,1.0,316.8,3.0,0.0,2.0,2020-01-23 09:44:53.068536,316.72,316.74,-1
2020-01-23 09:44:54,N,AAPL,316.72,3.0,316.74,1.0,2.0,-2.0,2020-01-23 09:44:54.246368,316.79,316.83,1
2020-01-23 09:44:55,N,AAPL,316.79,1.0,316.83,1.0,0.0,0.0,2020-01-23 09:44:55.512953,316.79,316.82,0
2020-01-23 09:44:56,N,AAPL,316.79,3.0,316.82,1.0,2.0,-1.0,2020-01-23 09:44:56.331797,316.73,316.77,-1
2020-01-23 09:44:57,N,AAPL,316.73,2.0,316.77,1.0,-1.0,0.0,2020-01-23 09:44:57.625293,316.78,316.82,1
2020-01-23 09:44:58,N,AAPL,316.78,1.0,316.82,1.0,-2.0,0.0,2020-01-23 09:44:58.160632,316.84,316.88,1
2020-01-23 09:44:59,N,AAPL,316.84,1.0,316.88,1.0,-3.0,0.0,2020-01-23 09:44:59.082600,316.89,316.95,1
2020-01-23 09:45:00,N,AAPL,316.89,3.0,316.95,4.0,2.0,2.0,2020-01-23 09:45:00.067665,316.79,316.84,-1
2020-01-23 09:45:01,N,AAPL,316.79,2.0,316.84,1.0,1.0,0.0,2020-01-23 09:45:01.051504,316.72,316.73,-1
2020-01-23 09:45:02,N,AAPL,316.72,1.0,316.73,1.0,0.0,0.0,2020-01-23 09:45:02.736347,316.76,316.79,1
2020-01-23 09:45:03,N,AAPL,316.76,2.0,316.79,3.0,1.0,1.0,2020-01-23 09:45:03.045778,316.66,316.7,-1
2020-01-23 09:45:04,N,AAPL,316.66,1.0,316.7,1.0,-2.0,-1.0,2020-01-23 09:45:04.069582,316.66,316.67,0
2020-01-23 09:45:05,N,AAPL,316.66,1.0,316.67,1.0,0.0,0.0,2020-01-23 09:45:05.089633,316.56,316.61,-1
2020-01-23 09:45:06,N,AAPL,316.56,2.0,316.61,2.0,0.0,1.0,2020-01-23 09:45:06.388297,316.55,316.61,0
2020-01-23 09:45:07,N,AAPL,316.55,1.0,316.61,4.0,0.0,2.0,2020-01-23 09:45:07.003571,316.59,316.63,0
2020-01-23 09:45:08,N,AAPL,316.59,1.0,316.63,1.0,0.0,-1.0,2020-01-23 09:45:08.195877,316.53,316.57,-1
2020-01-23 09:45:09,N,AAPL,316.53,2.0,316.57,1.0,1.0,0.0,2020-01-23 09:45:09.820586,316.54,316.58,0
2020-01-23 09:45:10,N,AAPL,316.54,1.0,316.58,1.0,-1.0,-2.0,2020-01-23 09:45:10.339773,316.61,316.65,1
2020-01-23 09:45:11,N,AAPL,316.61,2.0,316.65,1.0,-1.0,0.0,2020-01-23 09:45:11.470617,316.58,316.63,0
2020-01-23 09:45:12,N,AAPL,316.58,1.0,316.63,4.0,-1.0,2.0,2020-01-23 09:45:12.023742,316.65,316.68,1
2020-01-23 09:45:13,N,AAPL,316.65,1.0,316.68,2.0,-2.0,0.0,2020-01-23 09:45:13.103610,316.73,316.77,1
2020-01-23 09:45:15,N,AAPL,316.73,2.0,316.77,1.0,0.0,-1.0,2020-01-23 09:45:15.619148,316.74,316.78,0
2020-01-23 09:45:16,N,AAPL,316.74,2.0,316.78,2.0,0.0,1.0,2020-01-23 09:45:16.032612,316.73,316.75,0
2020-01-23 09:45:17,N,AAPL,316.73,4.0,316.75,1.0,2.0,0.0,2020-01-23 09:45:17.255780,316.78,316.82,1
2020-01-23 09:45:18,N,AAPL,316.78,2.0,316.82,1.0,-3.0,-1.0,2020-01-23 09:45:18.076865,316.79,316.85,0
2020-01-23 09:45:19,N,AAPL,316.79,5.0,316.85,2.0,4.0,1.0,2020-01-23 09:45:19.012459,316.75,316.79,0
2020-01-23 09:45:20,N,AAPL,316.75,2.0,316.79,4.0,1.0,1.0,2020-01-23 09:45:20.172657,316.68,316.71,-1
2020-01-23 09:45:22,N,AAPL,316.68,1.0,316.71,2.0,-2.0,1.0,2020-01-23 09:45:22.571267,316.79,316.83,1
2020-01-23 09:45:23,N,AAPL,316.79,1.0,316.83,2.0,-2.0,0.0,2020-01-23 09:45:23.694061,316.78,316.83,0
2020-01-23 09:45:24,N,AAPL,316.78,1.0,316.83,3.0,0.0,0.0,2020-01-23 09:45:24.476934,316.78,316.84,0
2020-01-23 09:45:25,N,AAPL,316.78,4.0,316.84,1.0,0.0,0.0,2020-01-23 09:45:25.280107,316.72,316.76,-1
2020-01-23 09:45:26,N,AAPL,316.72,10.0,316.76,1.0,6.0,0.0,2020-01-23 09:45:26.554697,316.79,316.84,1
2020-01-23 09:45:27,N,AAPL,316.79,1.0,316.84,1.0,-1.0,0.0,2020-01-23 09:45:27.101237,316.72,316.75,-1
2020-01-23 09:45:28,N,AAPL,316.72,6.0,316.75,1.0,-4.0,-2.0,2020-01-23 09:45:28.493379,316.65,316.7,-1
2020-01-23 09:45:29,N,AAPL,316.65,2.0,316.7,3.0,1.0,2.0,2020-01-23 09:45:29.453111,316.68,316.73,0
2020-01-23 09:45:30,N,AAPL,316.68,7.0,316.73,2.0,1.0,1.0,2020-01-23 09:45:30.217529,316.68,316.73,0
2020-01-23 09:45:31,N,AAPL,316.68,8.0,316.73,3.0,2.0,2.0,2020-01-23 09:45:31.031853,316.72,316.76,0
2020-01-23 09:45:33,N,AAPL,316.72,2.0,316.76,1.0,0.0,-1.0,2020-01-23 09:45:33.029901,316.81,316.86,1
2020-01-23 09:45:34,N,AAPL,316.81,2.0,316.86,2.0,1.0,1.0,2020-01-23 09:45:34.085092,316.86,316.91,0
2020-01-23 09:45:35,N,AAPL,316.86,1.0,316.91,1.0,0.0,0.0,2020-01-23 09:45:35.483166,316.78,316.81,-1
2020-01-23 09:45:36,N,AAPL,316.78,1.0,316.81,4.0,0.0,3.0,2020-01-23 09:45:36.231454,316.8,316.82,0
2020-01-23 09:45:37,N,AAPL,316.8,1.0,316.82,1.0,-1.0,0.0,2020-01-23 09:45:37.120101,316.84,316.88,1
2020-01-23 09:45:38,N,AAPL,316.84,5.0,316.88,2.0,2.0,1.0,2020-01-23 09:45:38.712953,316.88,316.94,0
2020-01-23 09:45:39,N,AAPL,316.88,1.0,316.94,3.0,0.0,2.0,2020-01-23 09:45:39.079694,316.86,316.91,0
2020-01-23 09:45:40,N,AAPL,316.86,2.0,316.91,3.0,1.0,0.0,2020-01-23 09:45:40.083358,316.92,316.96,1
2020-01-23 09:45:42,N,AAPL,316.92,1.0,316.96,3.0,0.0,0.0,2020-01-23 09:45:42.683185,316.84,316.88,-1
2020-01-23 09:45:45,N,AAPL,316.84,2.0,316.88,2.0,1.0,-1.0,2020-01-23 09:45:45.905464,316.91,316.96,1
2020-01-23 09:45:46,N,AAPL,316.91,1.0,316.96,2.0,0.0,0.0,2020-01-23 09:45:46.089481,316.93,316.98,0
2020-01-23 09:45:47,N,AAPL,316.93,1.0,316.98,1.0,-1.0,0.0,2020-01-23 09:45:47.257116,316.92,316.97,0
2020-01-23 09:45:49,N,AAPL,316.92,3.0,316.97,2.0,2.0,-1.0,2020-01-23 09:45:49.279452,317.04,317.12,1
2020-01-23 09:45:50,N,AAPL,317.04,4.0,317.12,1.0,1.0,-1.0,2020-01-23 09:45:50.013185,317.04,317.09,0
2020-01-23 09:45:51,N,AAPL,317.04,2.0,317.09,1.0,0.0,0.0,2020-01-23 09:45:51.027178,317.06,317.11,0
2020-01-23 09:45:52,N,AAPL,317.06,2.0,317.11,1.0,-2.0,0.0,2020-01-23 09:45:52.504184,317.08,317.12,0
2020-01-23 09:45:53,N,AAPL,317.08,3.0,317.12,1.0,1.0,0.0,2020-01-23 09:45:53.091702,317.12,317.15,0
2020-01-23 09:45:54,N,AAPL,317.12,4.0,317.15,1.0,2.0,0.0,2020-01-23 09:45:54.746970,317.09,317.14,0
2020-01-23 09:45:55,N,AAPL,317.09,2.0,317.14,1.0,0.0,0.0,2020-01-23 09:45:55.647621,317.1,317.15,0
2020-01-23 09:45:56,N,AAPL,317.1,2.0,317.15,2.0,1.0,0.0,2020-01-23 09:45:56.048962,317.08,317.13,0
2020-01-23 09:45:57,N,AAPL,317.08,2.0,317.13,2.0,-3.0,1.0,2020-01-23 09:45:57.010287,317.06,317.11,0
2020-01-23 09:45:58,N,AAPL,317.06,2.0,317.11,1.0,0.0,0.0,2020-01-23 09:45:58.019557,317.12,317.16,1
2020-01-23 09:45:59,N,AAPL,317.12,2.0,317.16,3.0,1.0,0.0,2020-01-23 09:45:59.222965,317.09,317.13,0
2020-01-23 09:46:00,N,AAPL,317.09,2.0,317.13,1.0,0.0,-2.0,2020-01-23 09:46:00.293749,317.14,317.19,1
2020-01-23 09:46:01,N,AAPL,317.14,3.0,317.19,2.0,2.0,1.0,2020-01-23 09:46:01.029692,317.26,317.29,1
2020-01-23 09:46:02,N,AAPL,317.26,1.0,317.29,1.0,0.0,-2.0,2020-01-23 09:46:02.242736,317.29,317.32,0
2020-01-23 09:46:03,N,AAPL,317.29,3.0,317.32,2.0,1.0,1.0,2020-01-23 09:46:03.254107,317.31,317.33,0
2020-01-23 09:46:04,N,AAPL,317.31,1.0,317.33,3.0,0.0,2.0,2020-01-23 09:46:04.160469,317.3,317.34,0
2020-01-23 09:46:05,N,AAPL,317.3,2.0,317.34,1.0,0.0,0.0,2020-01-23 09:46:05.053553,317.28,317.3,0
2020-01-23 09:46:06,N,AAPL,317.28,2.0,317.3,1.0,-3.0,-1.0,2020-01-23 09:46:06.146417,317.13,317.17,-1
2020-01-23 09:46:07,N,AAPL,317.13,2.0,317.17,2.0,1.0,1.0,2020-01-23 09:46:07.441178,317.17,317.22,0
2020-01-23 09:46:08,N,AAPL,317.17,2.0,317.22,3.0,0.0,1.0,2020-01-23 09:46:08.015142,317.19,317.23,0
2020-01-23 09:46:09,N,AAPL,317.19,5.0,317.23,2.0,4.0,1.0,2020-01-23 09:46:09.272103,317.14,317.18,-1
2020-01-23 09:46:10,N,AAPL,317.14,2.0,317.18,1.0,-2.0,-1.0,2020-01-23 09:46:10.106515,317.16,317.2,0
2020-01-23 09:46:11,N,AAPL,317.16,4.0,317.2,1.0,1.0,-2.0,2020-01-23 09:46:11.210263,317.16,317.2,0
2020-01-23 09:46:12,N,AAPL,317.16,1.0,317.2,2.0,-2.0,-1.0,2020-01-23 09:46:12.020638,317.2,317.23,0
2020-01-23 09:46:13,N,AAPL,317.2,4.0,317.23,1.0,1.0,0.0,2020-01-23 09:46:13.108107,317.19,317.22,0
2020-01-23 09:46:14,N,AAPL,317.19,1.0,317.22,5.0,-5.0,4.0,2020-01-23 09:46:14.282557,317.21,317.26,0
2020-01-23 09:46:15,N,AAPL,317.21,2.0,317.26,3.0,-1.0,1.0,2020-01-23 09:46:15.150123,317.16,317.21,0
2020-01-23 09:46:16,N,AAPL,317.16,4.0,317.21,2.0,2.0,1.0,2020-01-23 09:46:16.030369,317.18,317.23,0
2020-01-23 09:46:17,N,AAPL,317.18,3.0,317.23,2.0,2.0,1.0,2020-01-23 09:46:17.114326,317.22,317.26,0
2020-01-23 09:46:18,N,AAPL,317.22,3.0,317.26,1.0,2.0,-1.0,2020-01-23 09:46:18.007959,317.21,317.27,0
2020-01-23 09:46:19,N,AAPL,317.21,2.0,317.27,1.0,0.0,0.0,2020-01-23 09:46:19.008456,317.22,317.26,0
2020-01-23 09:46:20,N,AAPL,317.22,2.0,317.26,1.0,0.0,0.0,2020-01-23 09:46:20.152389,317.22,317.26,0
2020-01-23 09:46:21,N,AAPL,317.22,4.0,317.26,2.0,2.0,1.0,2020-01-23 09:46:21.276839,317.26,317.27,0
2020-01-23 09:46:23,N,AAPL,317.26,4.0,317.27,3.0,0.0,2.0,2020-01-23 09:46:23.020467,317.23,317.26,0
2020-01-23 09:46:24,N,AAPL,317.23,2.0,317.26,1.0,1.0,0.0,2020-01-23 09:46:24.009455,317.19,317.22,-1
2020-01-23 09:46:25,N,AAPL,317.19,2.0,317.22,1.0,1.0,0.0,2020-01-23 09:46:25.484292,317.16,317.2,0
2020-01-23 09:46:26,N,AAPL,317.16,2.0,317.2,1.0,0.0,-1.0,2020-01-23 09:46:26.141016,317.19,317.22,0
2020-01-23 09:46:27,N,AAPL,317.19,1.0,317.22,3.0,-2.0,0.0,2020-01-23 09:46:27.245462,317.18,317.22,0
2020-01-23 09:46:28,N,AAPL,317.18,2.0,317.22,3.0,0.0,0.0,2020-01-23 09:46:28.010706,317.23,317.27,1
2020-01-23 09:46:29,N,AAPL,317.23,1.0,317.27,3.0,0.0,1.0,2020-01-23 09:46:29.389312,317.19,317.25,0
2020-01-23 09:46:30,N,AAPL,317.19,2.0,317.25,2.0,-1.0,0.0,2020-01-23 09:46:30.014783,317.24,317.25,0
2020-01-23 09:46:33,N,AAPL,317.24,2.0,317.25,1.0,0.0,-14.0,2020-01-23 09:46:33.659190,317.18,317.23,-1
2020-01-23 09:46:34,N,AAPL,317.18,2.0,317.23,2.0,0.0,0.0,2020-01-23 09:46:34.041437,317.1,317.13,-1
2020-01-23 09:46:35,N,AAPL,317.1,2.0,317.13,2.0,-2.0,-1.0,2020-01-23 09:46:35.813452,317.12,317.15,0
2020-01-23 09:46:36,N,AAPL,317.12,3.0,317.15,2.0,2.0,-1.0,2020-01-23 09:46:36.158692,317.2,317.23,1
2020-01-23 09:46:37,N,AAPL,317.2,1.0,317.23,1.0,0.0,-1.0,2020-01-23 09:46:37.302441,317.12,317.17,-1
2020-01-23 09:46:38,N,AAPL,317.12,2.0,317.17,2.0,-3.0,0.0,2020-01-23 09:46:38.010787,317.15,317.2,0
2020-01-23 09:46:39,N,AAPL,317.15,3.0,317.2,2.0,2.0,1.0,2020-01-23 09:46:39.197501,317.12,317.17,0
2020-01-23 09:46:40,N,AAPL,317.12,2.0,317.17,1.0,0.0,-1.0,2020-01-23 09:46:40.049607,317.14,317.18,0
2020-01-23 09:46:41,N,AAPL,317.14,1.0,317.18,1.0,0.0,-1.0,2020-01-23 09:46:41.058823,317.12,317.17,0
2020-01-23 09:46:42,N,AAPL,317.12,2.0,317.17,1.0,0.0,0.0,2020-01-23 09:46:42.094347,317.09,317.13,0
2020-01-23 09:46:43,N,AAPL,317.09,1.0,317.13,2.0,-1.0,1.0,2020-01-23 09:46:43.402888,317.09,317.14,0
2020-01-23 09:46:44,N,AAPL,317.09,1.0,317.14,2.0,0.0,0.0,2020-01-23 09:46:44.033849,317.08,317.13,0
2020-01-23 09:46:45,N,AAPL,317.08,3.0,317.13,2.0,-2.0,0.0,2020-01-23 09:46:45.425182,317.11,317.16,0
2020-01-23 09:46:46,N,AAPL,317.11,5.0,317.16,2.0,4.0,0.0,2020-01-23 09:46:46.049911,317.08,317.13,0
2020-01-23 09:46:47,N,AAPL,317.08,2.0,317.13,1.0,0.0,-2.0,2020-01-23 09:46:47.213261,317.09,317.13,0
2020-01-23 09:46:48,N,AAPL,317.09,4.0,317.13,1.0,2.0,-1.0,2020-01-23 09:46:48.084882,317.07,317.12,0
2020-01-23 09:46:49,N,AAPL,317.07,2.0,317.12,3.0,1.0,0.0,2020-01-23 09:46:49.117094,317.12,317.16,0
2020-01-23 09:46:50,N,AAPL,317.12,2.0,317.16,1.0,1.0,-1.0,2020-01-23 09:46:50.272901,317.08,317.11,-1
2020-01-23 09:46:51,N,AAPL,317.08,1.0,317.11,1.0,-2.0,0.0,2020-01-23 09:46:51.374738,316.94,316.97,-1
2020-01-23 09:46:52,N,AAPL,316.94,1.0,316.97,1.0,-1.0,0.0,2020-01-23 09:46:52.002241,316.93,316.98,0
2020-01-23 09:46:53,N,AAPL,316.93,1.0,316.98,3.0,0.0,1.0,2020-01-23 09:46:53.060992,316.89,316.95,0
2020-01-23 09:46:54,N,AAPL,316.89,2.0,316.95,4.0,-2.0,2.0,2020-01-23 09:46:54.085897,316.86,316.91,0
2020-01-23 09:46:55,N,AAPL,316.86,1.0,316.91,1.0,-1.0,0.0,2020-01-23 09:46:55.759300,316.86,316.91,0
2020-01-23 09:46:56,N,AAPL,316.86,1.0,316.91,1.0,0.0,-2.0,2020-01-23 09:46:56.034868,316.98,317.02,1
2020-01-23 09:46:57,N,AAPL,316.98,1.0,317.02,3.0,0.0,2.0,2020-01-23 09:46:57.043925,316.93,316.98,0
2020-01-23 09:46:58,N,AAPL,316.93,3.0,316.98,2.0,0.0,1.0,2020-01-23 09:46:58.073812,316.88,316.91,-1
2020-01-23 09:46:59,N,AAPL,316.88,1.0,316.91,1.0,-1.0,0.0,2020-01-23 09:46:59.838188,316.87,316.92,0
2020-01-23 09:47:00,N,AAPL,316.87,3.0,316.92,4.0,2.0,3.0,2020-01-23 09:47:00.022011,316.9,316.96,0
2020-01-23 09:47:01,N,AAPL,316.9,2.0,316.96,4.0,-3.0,3.0,2020-01-23 09:47:01.369436,316.96,317.0,0
2020-01-23 09:47:02,N,AAPL,316.96,2.0,317.0,4.0,-1.0,3.0,2020-01-23 09:47:02.037735,316.96,317.0,0
2020-01-23 09:47:04,N,AAPL,316.96,1.0,317.0,2.0,0.0,0.0,2020-01-23 09:47:04.776745,317.03,317.07,1
2020-01-23 09:47:05,N,AAPL,317.03,1.0,317.07,2.0,-2.0,1.0,2020-01-23 09:47:05.649882,317.05,317.06,0
2020-01-23 09:47:06,N,AAPL,317.05,1.0,317.06,5.0,-1.0,3.0,2020-01-23 09:47:06.070848,317.02,317.06,0
2020-01-23 09:47:07,N,AAPL,317.02,2.0,317.06,1.0,-1.0,0.0,2020-01-23 09:47:07.074049,317.01,317.03,0
2020-01-23 09:47:08,N,AAPL,317.01,1.0,317.03,1.0,-1.0,-2.0,2020-01-23 09:47:08.247019,316.99,317.02,0
2020-01-23 09:47:09,N,AAPL,316.99,3.0,317.02,1.0,0.0,0.0,2020-01-23 09:47:09.846981,316.98,317.02,0
2020-01-23 09:47:10,N,AAPL,316.98,1.0,317.02,1.0,0.0,0.0,2020-01-23 09:47:10.037728,317.06,317.1,1
2020-01-23 09:47:11,N,AAPL,317.06,3.0,317.1,1.0,2.0,-1.0,2020-01-23 09:47:11.555603,317.09,317.12,0
2020-01-23 09:47:12,N,AAPL,317.09,1.0,317.12,1.0,-1.0,-1.0,2020-01-23 09:47:12.043013,317.06,317.09,0
2020-01-23 09:47:13,N,AAPL,317.06,1.0,317.09,1.0,0.0,-1.0,2020-01-23 09:47:13.092300,316.95,317.0,-1
2020-01-23 09:47:14,N,AAPL,316.95,2.0,317.0,1.0,1.0,-2.0,2020-01-23 09:47:14.053884,317.04,317.09,1
2020-01-23 09:47:15,N,AAPL,317.04,5.0,317.09,3.0,4.0,2.0,2020-01-23 09:47:15.421601,317.06,317.09,0
2020-01-23 09:47:17,N,AAPL,317.06,4.0,317.09,4.0,-1.0,1.0,2020-01-23 09:47:17.008823,317.06,317.09,0
2020-01-23 09:47:18,N,AAPL,317.06,3.0,317.09,5.0,2.0,4.0,2020-01-23 09:47:18.627831,317.06,317.09,0
2020-01-23 09:47:19,N,AAPL,317.06,3.0,317.09,3.0,-1.0,2.0,2020-01-23 09:47:19.141379,317.07,317.09,0
2020-01-23 09:47:20,N,AAPL,317.07,3.0,317.09,1.0,0.0,-3.0,2020-01-23 09:47:20.173060,317.0,317.02,-1
2020-01-23 09:47:21,N,AAPL,317.0,1.0,317.02,5.0,-2.0,1.0,2020-01-23 09:47:21.141804,317.07,317.08,1
2020-01-23 09:47:23,N,AAPL,317.07,1.0,317.08,2.0,-1.0,1.0,2020-01-23 09:47:23.881531,317.04,317.08,0
2020-01-23 09:47:24,N,AAPL,317.04,2.0,317.08,4.0,-2.0,3.0,2020-01-23 09:47:24.131418,317.06,317.08,0
2020-01-23 09:47:25,N,AAPL,317.06,1.0,317.08,1.0,0.0,0.0,2020-01-23 09:47:25.594252,317.04,317.07,0
2020-01-23 09:47:26,N,AAPL,317.04,1.0,317.07,2.0,0.0,1.0,2020-01-23 09:47:26.026561,317.02,317.06,0
2020-01-23 09:47:27,N,AAPL,317.02,2.0,317.06,2.0,0.0,1.0,2020-01-23 09:47:27.061720,317.04,317.07,0
2020-01-23 09:47:28,N,AAPL,317.04,5.0,317.07,3.0,-2.0,2.0,2020-01-23 09:47:28.022564,317.05,317.07,0
2020-01-23 09:47:29,N,AAPL,317.05,4.0,317.07,1.0,-1.0,0.0,2020-01-23 09:47:29.052769,317.06,317.07,0
2020-01-23 09:47:30,N,AAPL,317.06,4.0,317.07,1.0,0.0,0.0,2020-01-23 09:47:30.464329,317.06,317.07,0
2020-01-23 09:47:31,N,AAPL,317.06,4.0,317.07,1.0,3.0,0.0,2020-01-23 09:47:31.127054,317.07,317.07,0
2020-01-23 09:47:32,N,AAPL,317.07,8.0,317.07,1.0,4.0,0.0,2020-01-23 09:47:32.311404,317.04,317.05,-1
2020-01-23 09:47:33,N,AAPL,317.04,1.0,317.05,3.0,-3.0,2.0,2020-01-23 09:47:33.140487,317.04,317.07,0
2020-01-23 09:47:34,N,AAPL,317.04,2.0,317.07,1.0,0.0,0.0,2020-01-23 09:47:34.076461,317.02,317.07,0
2020-01-23 09:47:35,N,AAPL,317.02,2.0,317.07,3.0,1.0,0.0,2020-01-23 09:47:35.030878,317.04,317.07,0
2020-01-23 09:47:36,N,AAPL,317.04,4.0,317.07,2.0,2.0,-1.0,2020-01-23 09:47:36.065866,317.02,317.06,0
2020-01-23 09:47:37,N,AAPL,317.02,2.0,317.06,3.0,-3.0,1.0,2020-01-23 09:47:37.211040,317.04,317.06,0
2020-01-23 09:47:38,N,AAPL,317.04,3.0,317.06,2.0,0.0,0.0,2020-01-23 09:47:38.446953,317.04,317.06,0
2020-01-23 09:47:39,N,AAPL,317.04,1.0,317.06,1.0,-1.0,-3.0,2020-01-23 09:47:39.888197,317.07,317.08,1
2020-01-23 09:47:40,N,AAPL,317.07,5.0,317.08,1.0,4.0,0.0,2020-01-23 09:47:40.612600,317.04,317.07,0
2020-01-23 09:47:41,N,AAPL,317.04,1.0,317.07,1.0,0.0,0.0,2020-01-23 09:47:41.213050,317.06,317.07,0
2020-01-23 09:47:44,N,AAPL,317.06,4.0,317.07,1.0,3.0,-1.0,2020-01-23 09:47:44.183616,317.1,317.14,1
2020-01-23 09:47:47,N,AAPL,317.1,5.0,317.14,4.0,2.0,3.0,2020-01-23 09:47:47.541587,317.19,317.22,1
2020-01-23 09:47:48,N,AAPL,317.19,1.0,317.22,2.0,-1.0,-9.0,2020-01-23 09:47:48.015838,317.25,317.28,1
2020-01-23 09:47:49,N,AAPL,317.25,2.0,317.28,2.0,0.0,1.0,2020-01-23 09:47:49.295436,317.25,317.28,0
2020-01-23 09:47:50,N,AAPL,317.25,2.0,317.28,5.0,0.0,1.0,2020-01-23 09:47:50.031064,317.19,317.22,-1
2020-01-23 09:47:51,N,AAPL,317.19,1.0,317.22,1.0,0.0,-2.0,2020-01-23 09:47:51.020214,317.19,317.24,0
2020-01-23 09:47:52,N,AAPL,317.19,2.0,317.24,3.0,-2.0,2.0,2020-01-23 09:47:52.118813,317.18,317.23,0
2020-01-23 09:47:53,N,AAPL,317.18,5.0,317.23,2.0,3.0,0.0,2020-01-23 09:47:53.019327,317.11,317.16,-1
2020-01-23 09:47:54,N,AAPL,317.11,1.0,317.16,1.0,-2.0,0.0,2020-01-23 09:47:54.248550,317.11,317.15,0
2020-01-23 09:47:55,N,AAPL,317.11,1.0,317.15,2.0,-2.0,1.0,2020-01-23 09:47:55.330771,317.14,317.19,0
2020-01-23 09:47:56,N,AAPL,317.14,3.0,317.19,2.0,0.0,1.0,2020-01-23 09:47:56.187649,317.15,317.2,0
2020-01-23 09:47:57,N,AAPL,317.15,2.0,317.2,2.0,0.0,0.0,2020-01-23 09:47:57.156229,317.23,317.28,1
2020-01-23 09:47:58,N,AAPL,317.23,3.0,317.28,2.0,2.0,-1.0,2020-01-23 09:47:58.053363,317.24,317.27,0
2020-01-23 09:47:59,N,AAPL,317.24,2.0,317.27,4.0,-1.0,3.0,2020-01-23 09:47:59.486349,317.24,317.27,0
2020-01-23 09:48:00,N,AAPL,317.24,2.0,317.27,1.0,0.0,0.0,2020-01-23 09:48:00.044321,317.28,317.29,1
2020-01-23 09:48:01,N,AAPL,317.28,4.0,317.29,12.0,3.0,11.0,2020-01-23 09:48:01.298135,317.28,317.32,0
2020-01-23 09:48:03,N,AAPL,317.28,3.0,317.32,2.0,-1.0,-10.0,2020-01-23 09:48:03.483682,317.46,317.49,1
2020-01-23 09:48:04,N,AAPL,317.46,2.0,317.49,4.0,0.0,-12.0,2020-01-23 09:48:04.861743,317.44,317.47,0
2020-01-23 09:48:05,N,AAPL,317.44,2.0,317.47,4.0,0.0,0.0,2020-01-23 09:48:05.401030,317.44,317.48,0
2020-01-23 09:48:06,N,AAPL,317.44,1.0,317.48,4.0,0.0,2.0,2020-01-23 09:48:06.313113,317.4,317.43,-1
2020-01-23 09:48:07,N,AAPL,317.4,1.0,317.43,1.0,0.0,0.0,2020-01-23 09:48:07.147641,317.35,317.39,-1
2020-01-23 09:48:08,N,AAPL,317.35,3.0,317.39,1.0,0.0,0.0,2020-01-23 09:48:08.049987,317.33,317.36,0
2020-01-23 09:48:09,N,AAPL,317.33,1.0,317.36,4.0,-1.0,3.0,2020-01-23 09:48:09.437559,317.35,317.38,0
2020-01-23 09:48:10,N,AAPL,317.35,3.0,317.38,1.0,1.0,0.0,2020-01-23 09:48:10.698804,317.36,317.4,0
2020-01-23 09:48:11,N,AAPL,317.36,2.0,317.4,1.0,-1.0,0.0,2020-01-23 09:48:11.026489,317.38,317.41,0
2020-01-23 09:48:12,N,AAPL,317.38,3.0,317.41,1.0,2.0,0.0,2020-01-23 09:48:12.598017,317.4,317.43,0
2020-01-23 09:48:13,N,AAPL,317.4,2.0,317.43,2.0,0.0,1.0,2020-01-23 09:48:13.224644,317.35,317.39,-1
2020-01-23 09:48:14,N,AAPL,317.35,2.0,317.39,1.0,1.0,-1.0,2020-01-23 09:48:14.079200,317.36,317.4,0
2020-01-23 09:48:15,N,AAPL,317.36,4.0,317.4,1.0,0.0,0.0,2020-01-23 09:48:15.200808,317.37,317.4,0
2020-01-23 09:48:16,N,AAPL,317.37,3.0,317.4,1.0,0.0,-1.0,2020-01-23 09:48:16.015960,317.3,317.33,-1
2020-01-23 09:48:17,N,AAPL,317.3,4.0,317.33,1.0,2.0,-1.0,2020-01-23 09:48:17.634483,317.3,317.35,0
2020-01-23 09:48:18,N,AAPL,317.3,5.0,317.35,3.0,1.0,2.0,2020-01-23 09:48:18.056050,317.32,317.37,0
2020-01-23 09:48:19,N,AAPL,317.32,3.0,317.37,2.0,2.0,1.0,2020-01-23 09:48:19.002579,317.36,317.4,0
2020-01-23 09:48:20,N,AAPL,317.36,1.0,317.4,1.0,-2.0,0.0,2020-01-23 09:48:20.045520,317.32,317.34,-1
2020-01-23 09:48:21,N,AAPL,317.32,2.0,317.34,2.0,0.0,-1.0,2020-01-23 09:48:21.334890,317.29,317.31,-1
2020-01-23 09:48:22,N,AAPL,317.29,1.0,317.31,3.0,0.0,2.0,2020-01-23 09:48:22.242186,317.3,317.35,0
2020-01-23 09:48:23,N,AAPL,317.3,3.0,317.35,2.0,0.0,1.0,2020-01-23 09:48:23.624036,317.3,317.37,0
2020-01-23 09:48:24,N,AAPL,317.3,4.0,317.37,4.0,0.0,3.0,2020-01-23 09:48:24.003789,317.29,317.33,0
2020-01-23 09:48:25,N,AAPL,317.29,1.0,317.33,2.0,-2.0,1.0,2020-01-23 09:48:25.383129,317.29,317.33,0
2020-01-23 09:48:27,N,AAPL,317.29,1.0,317.33,4.0,0.0,3.0,2020-01-23 09:48:27.278008,317.3,317.34,0
2020-01-23 09:48:29,N,AAPL,317.3,1.0,317.34,3.0,-1.0,2.0,2020-01-23 09:48:29.634034,317.31,317.34,0
2020-01-23 09:48:30,N,AAPL,317.31,3.0,317.34,2.0,2.0,-1.0,2020-01-23 09:48:30.299644,317.27,317.31,0
2020-01-23 09:48:31,N,AAPL,317.27,4.0,317.31,3.0,3.0,0.0,2020-01-23 09:48:31.438462,317.28,317.31,0
2020-01-23 09:48:32,N,AAPL,317.28,4.0,317.31,1.0,0.0,-2.0,2020-01-23 09:48:32.665954,317.28,317.31,0
2020-01-23 09:48:33,N,AAPL,317.28,2.0,317.31,1.0,-1.0,0.0,2020-01-23 09:48:33.088030,317.28,317.31,0
2020-01-23 09:48:34,N,AAPL,317.28,2.0,317.31,1.0,0.0,0.0,2020-01-23 09:48:34.992052,317.27,317.3,0
