last_interval,Exchange,Symbol,Best_Bid_Price,FB0,Best_Offer_Price,FA0,FB2,FA2,p_time,Next_Best_Bid,Next_Best_Offer,outcome
2020-01-28 09:30:00,N,AAPL,312.37,1.0,312.48,1.0,0.0,0.0,2020-01-28 09:30:00.204632,312.37,312.43,0
2020-01-28 09:30:14,N,AAPL,312.37,1.0,312.43,1.0,0.0,0.0,2020-01-28 09:30:14.413778,312.44,312.51,1
2020-01-28 09:30:15,N,AAPL,312.44,1.0,312.51,2.0,0.0,1.0,2020-01-28 09:30:15.948758,312.4,312.5,0
2020-01-28 09:30:21,N,AAPL,312.4,3.0,312.5,2.0,2.0,1.0,2020-01-28 09:30:21.112650,312.48,312.51,0
2020-01-28 09:30:24,N,AAPL,312.48,4.0,312.51,2.0,1.0,0.0,2020-01-28 09:30:24.402868,312.43,312.51,0
2020-01-28 09:30:26,N,AAPL,312.43,4.0,312.51,3.0,-3.0,1.0,2020-01-28 09:30:26.242308,312.52,312.53,1
2020-01-28 09:30:28,N,AAPL,312.52,4.0,312.53,2.0,3.0,-3.0,2020-01-28 09:30:28.238089,312.48,312.53,0
2020-01-28 09:30:29,N,AAPL,312.48,1.0,312.53,1.0,0.0,0.0,2020-01-28 09:30:29.760193,312.48,312.53,0
2020-01-28 09:30:30,N,AAPL,312.48,3.0,312.53,3.0,2.0,1.0,2020-01-28 09:30:30.055065,312.57,312.6,1
2020-01-28 09:30:31,N,AAPL,312.57,4.0,312.6,2.0,3.0,1.0,2020-01-28 09:30:31.150126,312.59,312.67,0
2020-01-28 09:30:32,N,AAPL,312.59,1.0,312.67,2.0,0.0,0.0,2020-01-28 09:30:32.454150,312.62,312.67,0
2020-01-28 09:30:33,N,AAPL,312.62,1.0,312.67,1.0,-1.0,-1.0,2020-01-28 09:30:33.089804,312.59,312.62,0
2020-01-28 09:30:34,N,AAPL,312.59,2.0,312.62,4.0,0.0,3.0,2020-01-28 09:30:34.501819,312.6,312.66,0
2020-01-28 09:30:35,N,AAPL,312.6,1.0,312.66,4.0,0.0,2.0,2020-01-28 09:30:35.082313,312.64,312.71,0
2020-01-28 09:30:36,N,AAPL,312.64,2.0,312.71,3.0,0.0,1.0,2020-01-28 09:30:36.155990,312.64,312.68,0
2020-01-28 09:30:37,N,AAPL,312.64,2.0,312.68,6.0,1.0,4.0,2020-01-28 09:30:37.280846,312.65,312.71,0
2020-01-28 09:30:38,N,AAPL,312.65,2.0,312.71,2.0,1.0,0.0,2020-01-28 09:30:38.379558,312.65,312.71,0
2020-01-28 09:30:39,N,AAPL,312.65,2.0,312.71,3.0,-2.0,0.0,2020-01-28 09:30:39.075756,312.7,312.72,0
2020-01-28 09:30:40,N,AAPL,312.7,4.0,312.72,1.0,3.0,-3.0,2020-01-28 09:30:40.647303,312.74,312.8,1
2020-01-28 09:30:41,N,AAPL,312.74,4.0,312.8,2.0,2.0,-3.0,2020-01-28 09:30:41.120244,312.77,312.81,0
2020-01-28 09:30:42,N,AAPL,312.77,2.0,312.81,2.0,1.0,1.0,2020-01-28 09:30:42.182884,312.81,312.89,0
2020-01-28 09:30:43,N,AAPL,312.81,2.0,312.89,17.0,-2.0,13.0,2020-01-28 09:30:43.600883,312.82,312.88,0
2020-01-28 09:30:45,N,AAPL,312.82,4.0,312.88,1.0,2.0,-16.0,2020-01-28 09:30:45.696625,312.82,312.87,0
2020-01-28 09:30:46,N,AAPL,312.82,4.0,312.87,10.0,0.0,6.0,2020-01-28 09:30:46.407248,312.82,312.87,0
2020-01-28 09:30:47,N,AAPL,312.82,4.0,312.87,11.0,3.0,1.0,2020-01-28 09:30:47.183260,312.9,312.91,1
2020-01-28 09:30:48,N,AAPL,312.9,4.0,312.91,2.0,3.0,-5.0,2020-01-28 09:30:48.718904,312.85,312.9,0
2020-01-28 09:30:49,N,AAPL,312.85,1.0,312.9,1.0,-3.0,-1.0,2020-01-28 09:30:49.033550,312.89,312.93,0
2020-01-28 09:30:50,N,AAPL,312.89,1.0,312.93,3.0,-1.0,1.0,2020-01-28 09:30:50.744204,312.88,312.92,0
2020-01-28 09:30:51,N,AAPL,312.88,1.0,312.92,4.0,0.0,1.0,2020-01-28 09:30:51.409982,312.85,312.9,0
2020-01-28 09:30:52,N,AAPL,312.85,1.0,312.9,4.0,0.0,0.0,2020-01-28 09:30:52.328100,312.75,312.8,-1
2020-01-28 09:30:53,N,AAPL,312.75,2.0,312.8,1.0,0.0,-1.0,2020-01-28 09:30:53.072292,312.79,312.86,0
2020-01-28 09:30:54,N,AAPL,312.79,2.0,312.86,2.0,0.0,0.0,2020-01-28 09:30:54.065456,312.74,312.82,0
2020-01-28 09:30:55,N,AAPL,312.74,2.0,312.82,2.0,1.0,-2.0,2020-01-28 09:30:55.165292,312.81,312.86,0
2020-01-28 09:30:56,N,AAPL,312.81,4.0,312.86,1.0,3.0,-1.0,2020-01-28 09:30:56.612511,312.8,312.85,0
2020-01-28 09:30:57,N,AAPL,312.8,2.0,312.85,2.0,-2.0,1.0,2020-01-28 09:30:57.045920,312.79,312.86,0
2020-01-28 09:30:58,N,AAPL,312.79,2.0,312.86,2.0,1.0,1.0,2020-01-28 09:30:58.545228,312.79,312.87,0
2020-01-28 09:30:59,N,AAPL,312.79,1.0,312.87,6.0,0.0,0.0,2020-01-28 09:30:59.092420,312.84,312.89,0
2020-01-28 09:31:00,N,AAPL,312.84,4.0,312.89,2.0,2.0,-1.0,2020-01-28 09:31:00.036603,312.86,312.92,0
2020-01-28 09:31:01,N,AAPL,312.86,1.0,312.92,6.0,-3.0,4.0,2020-01-28 09:31:01.048539,312.84,312.88,0
2020-01-28 09:31:02,N,AAPL,312.84,2.0,312.88,4.0,1.0,2.0,2020-01-28 09:31:02.006675,312.82,312.86,0
2020-01-28 09:31:03,N,AAPL,312.82,2.0,312.86,1.0,0.0,-1.0,2020-01-28 09:31:03.125262,312.67,312.71,-1
2020-01-28 09:31:04,N,AAPL,312.67,2.0,312.71,2.0,-1.0,1.0,2020-01-28 09:31:04.033455,312.45,312.49,-1
2020-01-28 09:31:05,N,AAPL,312.45,1.0,312.49,1.0,-1.0,0.0,2020-01-28 09:31:05.137977,312.36,312.4,-1
2020-01-28 09:31:06,N,AAPL,312.36,1.0,312.4,2.0,0.0,0.0,2020-01-28 09:31:06.010151,312.43,312.48,1
2020-01-28 09:31:07,N,AAPL,312.43,2.0,312.48,2.0,1.0,1.0,2020-01-28 09:31:07.364018,312.46,312.51,0
2020-01-28 09:31:08,N,AAPL,312.46,4.0,312.51,2.0,2.0,1.0,2020-01-28 09:31:08.211150,312.41,312.47,0
2020-01-28 09:31:09,N,AAPL,312.41,2.0,312.47,1.0,0.0,-3.0,2020-01-28 09:31:09.197631,312.37,312.43,0
2020-01-28 09:31:10,N,AAPL,312.37,4.0,312.43,1.0,2.0,-3.0,2020-01-28 09:31:10.279120,312.35,312.39,0
2020-01-28 09:31:11,N,AAPL,312.35,2.0,312.39,2.0,-2.0,1.0,2020-01-28 09:31:11.011839,312.27,312.3,-1
2020-01-28 09:31:12,N,AAPL,312.27,1.0,312.3,5.0,-8.0,3.0,2020-01-28 09:31:12.029396,312.26,312.3,0
2020-01-28 09:31:13,N,AAPL,312.26,3.0,312.3,1.0,2.0,0.0,2020-01-28 09:31:13.041453,312.31,312.37,1
2020-01-28 09:31:14,N,AAPL,312.31,4.0,312.37,1.0,0.0,0.0,2020-01-28 09:31:14.043508,312.31,312.4,0
2020-01-28 09:31:15,N,AAPL,312.31,5.0,312.4,1.0,1.0,-3.0,2020-01-28 09:31:15.910810,312.31,312.4,0
2020-01-28 09:31:16,N,AAPL,312.31,5.0,312.4,3.0,0.0,2.0,2020-01-28 09:31:16.541289,312.31,312.39,0
2020-01-28 09:31:17,N,AAPL,312.31,2.0,312.39,1.0,-3.0,0.0,2020-01-28 09:31:17.360376,312.32,312.39,0
2020-01-28 09:31:18,N,AAPL,312.32,1.0,312.39,1.0,-1.0,0.0,2020-01-28 09:31:18.947316,312.38,312.41,0
2020-01-28 09:31:19,N,AAPL,312.38,2.0,312.41,5.0,1.0,4.0,2020-01-28 09:31:19.208364,312.5,312.56,1
2020-01-28 09:31:22,N,AAPL,312.5,2.0,312.56,2.0,0.0,0.0,2020-01-28 09:31:22.054208,312.49,312.56,0
2020-01-28 09:31:23,N,AAPL,312.49,1.0,312.56,2.0,-3.0,0.0,2020-01-28 09:31:23.152174,312.48,312.56,0
2020-01-28 09:31:24,N,AAPL,312.48,2.0,312.56,4.0,0.0,1.0,2020-01-28 09:31:24.044940,312.49,312.56,0
2020-01-28 09:31:25,N,AAPL,312.49,4.0,312.56,4.0,3.0,0.0,2020-01-28 09:31:25.110298,312.48,312.56,0
2020-01-28 09:31:26,N,AAPL,312.48,3.0,312.56,3.0,2.0,1.0,2020-01-28 09:31:26.117812,312.42,312.45,-1
2020-01-28 09:31:27,N,AAPL,312.42,1.0,312.45,1.0,-1.0,-1.0,2020-01-28 09:31:27.019483,312.4,312.44,0
2020-01-28 09:31:28,N,AAPL,312.4,4.0,312.44,2.0,1.0,0.0,2020-01-28 09:31:28.054307,312.4,312.49,0
2020-01-28 09:31:29,N,AAPL,312.4,2.0,312.49,4.0,0.0,3.0,2020-01-28 09:31:29.010646,312.4,312.44,0
2020-01-28 09:31:30,N,AAPL,312.4,2.0,312.44,2.0,0.0,-3.0,2020-01-28 09:31:30.016544,312.4,312.44,0
2020-01-28 09:31:31,N,AAPL,312.4,2.0,312.44,1.0,1.0,0.0,2020-01-28 09:31:31.047864,312.46,312.53,1
2020-01-28 09:31:32,N,AAPL,312.46,1.0,312.53,1.0,-1.0,-2.0,2020-01-28 09:31:32.269934,312.43,312.53,0
2020-01-28 09:31:33,N,AAPL,312.43,2.0,312.53,1.0,1.0,-2.0,2020-01-28 09:31:33.726319,312.49,312.54,0
2020-01-28 09:31:34,N,AAPL,312.49,1.0,312.54,2.0,-1.0,1.0,2020-01-28 09:31:34.131038,312.61,312.65,1
2020-01-28 09:31:35,N,AAPL,312.61,2.0,312.65,1.0,-2.0,-3.0,2020-01-28 09:31:35.251159,312.52,312.6,-1
2020-01-28 09:31:36,N,AAPL,312.52,4.0,312.6,4.0,3.0,1.0,2020-01-28 09:31:36.006789,312.61,312.68,1
2020-01-28 09:31:37,N,AAPL,312.61,1.0,312.68,2.0,0.0,0.0,2020-01-28 09:31:37.056041,312.61,312.67,0
2020-01-28 09:31:38,N,AAPL,312.61,1.0,312.67,2.0,-2.0,0.0,2020-01-28 09:31:38.006510,312.62,312.67,0
2020-01-28 09:31:39,N,AAPL,312.62,1.0,312.67,4.0,0.0,0.0,2020-01-28 09:31:39.067726,312.62,312.69,0
2020-01-28 09:31:40,N,AAPL,312.62,2.0,312.69,2.0,-1.0,0.0,2020-01-28 09:31:40.037826,312.61,312.66,0
2020-01-28 09:31:41,N,AAPL,312.61,1.0,312.66,2.0,-1.0,0.0,2020-01-28 09:31:41.021295,312.54,312.59,-1
2020-01-28 09:31:42,N,AAPL,312.54,2.0,312.59,2.0,0.0,-2.0,2020-01-28 09:31:42.029696,312.46,312.53,-1
2020-01-28 09:31:43,N,AAPL,312.46,2.0,312.53,2.0,0.0,1.0,2020-01-28 09:31:43.104263,312.47,312.53,0
2020-01-28 09:31:44,N,AAPL,312.47,1.0,312.53,3.0,0.0,0.0,2020-01-28 09:31:44.037826,312.46,312.52,0
2020-01-28 09:31:45,N,AAPL,312.46,2.0,312.52,2.0,-1.0,-1.0,2020-01-28 09:31:45.828811,312.44,312.48,0
2020-01-28 09:31:46,N,AAPL,312.44,2.0,312.48,1.0,0.0,0.0,2020-01-28 09:31:46.614540,312.43,312.48,0
2020-01-28 09:31:47,N,AAPL,312.43,4.0,312.48,2.0,3.0,-3.0,2020-01-28 09:31:47.782841,312.5,312.55,1
2020-01-28 09:31:48,N,AAPL,312.5,1.0,312.55,1.0,-4.0,0.0,2020-01-28 09:31:48.072532,312.47,312.53,0
2020-01-28 09:31:49,N,AAPL,312.47,2.0,312.53,4.0,1.0,2.0,2020-01-28 09:31:49.186397,312.45,312.54,0
2020-01-28 09:31:50,N,AAPL,312.45,2.0,312.54,4.0,-1.0,3.0,2020-01-28 09:31:50.198899,312.47,312.54,0
2020-01-28 09:31:51,N,AAPL,312.47,2.0,312.54,2.0,0.0,1.0,2020-01-28 09:31:51.211211,312.5,312.54,0
2020-01-28 09:31:52,N,AAPL,312.5,2.0,312.54,2.0,1.0,-1.0,2020-01-28 09:31:52.093116,312.42,312.47,-1
2020-01-28 09:31:53,N,AAPL,312.42,4.0,312.47,1.0,2.0,0.0,2020-01-28 09:31:53.032006,312.42,312.47,0
2020-01-28 09:31:54,N,AAPL,312.42,4.0,312.47,1.0,2.0,0.0,2020-01-28 09:31:54.006679,312.37,312.41,-1
2020-01-28 09:31:55,N,AAPL,312.37,1.0,312.41,3.0,-3.0,2.0,2020-01-28 09:31:55.255587,312.34,312.4,0
2020-01-28 09:31:56,N,AAPL,312.34,2.0,312.4,1.0,0.0,0.0,2020-01-28 09:31:56.554480,312.26,312.31,-1
2020-01-28 09:31:57,N,AAPL,312.26,2.0,312.31,5.0,0.0,4.0,2020-01-28 09:31:57.216730,312.2,312.25,-1
2020-01-28 09:31:58,N,AAPL,312.2,2.0,312.25,1.0,0.0,0.0,2020-01-28 09:31:58.139305,312.27,312.33,1
2020-01-28 09:31:59,N,AAPL,312.27,4.0,312.33,2.0,3.0,1.0,2020-01-28 09:31:59.174790,312.33,312.4,0
2020-01-28 09:32:00,N,AAPL,312.33,2.0,312.4,2.0,0.0,0.0,2020-01-28 09:32:00.006861,312.31,312.34,0
2020-01-28 09:32:01,N,AAPL,312.31,2.0,312.34,13.0,-8.0,11.0,2020-01-28 09:32:01.061708,312.31,312.36,0
2020-01-28 09:32:02,N,AAPL,312.31,2.0,312.36,4.0,-2.0,2.0,2020-01-28 09:32:02.402760,312.39,312.46,1
2020-01-28 09:32:03,N,AAPL,312.39,2.0,312.46,2.0,1.0,0.0,2020-01-28 09:32:03.044509,312.4,312.44,0
2020-01-28 09:32:04,N,AAPL,312.4,2.0,312.44,3.0,0.0,2.0,2020-01-28 09:32:04.091826,312.48,312.53,1
2020-01-28 09:32:05,N,AAPL,312.48,4.0,312.53,2.0,2.0,-2.0,2020-01-28 09:32:05.173999,312.46,312.52,0
2020-01-28 09:32:06,N,AAPL,312.46,4.0,312.52,2.0,2.0,1.0,2020-01-28 09:32:06.071108,312.53,312.6,1
2020-01-28 09:32:07,N,AAPL,312.53,4.0,312.6,2.0,0.0,0.0,2020-01-28 09:32:07.002781,312.51,312.58,0
2020-01-28 09:32:08,N,AAPL,312.51,4.0,312.58,2.0,3.0,0.0,2020-01-28 09:32:08.121300,312.49,312.55,0
2020-01-28 09:32:09,N,AAPL,312.49,2.0,312.55,2.0,1.0,1.0,2020-01-28 09:32:09.051500,312.49,312.58,0
2020-01-28 09:32:10,N,AAPL,312.49,4.0,312.58,4.0,1.0,3.0,2020-01-28 09:32:10.582109,312.52,312.58,0
2020-01-28 09:32:11,N,AAPL,312.52,1.0,312.58,2.0,-4.0,1.0,2020-01-28 09:32:11.477775,312.54,312.59,0
2020-01-28 09:32:12,N,AAPL,312.54,1.0,312.59,2.0,0.0,1.0,2020-01-28 09:32:12.022205,312.46,312.51,-1
2020-01-28 09:32:13,N,AAPL,312.46,3.0,312.51,4.0,2.0,0.0,2020-01-28 09:32:13.036553,312.43,312.48,0
2020-01-28 09:32:14,N,AAPL,312.43,2.0,312.48,1.0,1.0,0.0,2020-01-28 09:32:14.015504,312.51,312.59,1
2020-01-28 09:32:15,N,AAPL,312.51,1.0,312.59,2.0,0.0,0.0,2020-01-28 09:32:15.427709,312.56,312.62,0
2020-01-28 09:32:16,N,AAPL,312.56,4.0,312.62,2.0,3.0,0.0,2020-01-28 09:32:16.258297,312.62,312.69,0
2020-01-28 09:32:17,N,AAPL,312.62,2.0,312.69,2.0,-2.0,0.0,2020-01-28 09:32:17.271237,312.65,312.7,0
2020-01-28 09:32:18,N,AAPL,312.65,1.0,312.7,3.0,-1.0,2.0,2020-01-28 09:32:18.282155,312.65,312.69,0
2020-01-28 09:32:19,N,AAPL,312.65,1.0,312.69,1.0,0.0,-1.0,2020-01-28 09:32:19.613238,312.67,312.73,0
2020-01-28 09:32:20,N,AAPL,312.67,1.0,312.73,2.0,0.0,1.0,2020-01-28 09:32:20.319490,312.73,312.76,0
2020-01-28 09:32:21,N,AAPL,312.73,1.0,312.76,3.0,-4.0,2.0,2020-01-28 09:32:21.308121,312.75,312.77,0
2020-01-28 09:32:23,N,AAPL,312.75,4.0,312.77,3.0,-3.0,2.0,2020-01-28 09:32:23.099577,312.76,312.83,0
2020-01-28 09:32:24,N,AAPL,312.76,2.0,312.83,4.0,0.0,2.0,2020-01-28 09:32:24.104006,312.84,312.9,1
2020-01-28 09:32:27,N,AAPL,312.84,1.0,312.9,7.0,-1.0,5.0,2020-01-28 09:32:27.006362,312.82,312.88,0
2020-01-28 09:32:28,N,AAPL,312.82,2.0,312.88,1.0,1.0,-1.0,2020-01-28 09:32:28.064705,312.86,312.9,0
2020-01-28 09:32:29,N,AAPL,312.86,1.0,312.9,7.0,0.0,4.0,2020-01-28 09:32:29.676614,312.89,312.9,0
2020-01-28 09:32:30,N,AAPL,312.89,3.0,312.9,7.0,2.0,0.0,2020-01-28 09:32:30.196881,312.93,312.96,1
2020-01-28 09:32:31,N,AAPL,312.93,1.0,312.96,2.0,-5.0,1.0,2020-01-28 09:32:31.117696,312.85,312.93,0
2020-01-28 09:32:32,N,AAPL,312.85,2.0,312.93,4.0,1.0,2.0,2020-01-28 09:32:32.501132,312.85,312.9,0
2020-01-28 09:32:33,N,AAPL,312.85,2.0,312.9,2.0,-1.0,0.0,2020-01-28 09:32:33.999732,312.85,312.9,0
2020-01-28 09:32:34,N,AAPL,312.85,2.0,312.9,2.0,0.0,0.0,2020-01-28 09:32:34.037020,312.78,312.84,-1
2020-01-28 09:32:35,N,AAPL,312.78,2.0,312.84,4.0,1.0,2.0,2020-01-28 09:32:35.095736,312.78,312.84,0
2020-01-28 09:32:36,N,AAPL,312.78,2.0,312.84,1.0,1.0,-1.0,2020-01-28 09:32:36.099950,312.79,312.85,0
2020-01-28 09:32:37,N,AAPL,312.79,5.0,312.85,2.0,4.0,0.0,2020-01-28 09:32:37.236233,312.87,312.89,1
2020-01-28 09:32:38,N,AAPL,312.87,1.0,312.89,4.0,-1.0,2.0,2020-01-28 09:32:38.382231,312.83,312.9,0
2020-01-28 09:32:39,N,AAPL,312.83,2.0,312.9,4.0,-4.0,2.0,2020-01-28 09:32:39.000662,312.8,312.88,0
2020-01-28 09:32:40,N,AAPL,312.8,2.0,312.88,1.0,0.0,-2.0,2020-01-28 09:32:40.028362,312.75,312.85,0
2020-01-28 09:32:41,N,AAPL,312.75,2.0,312.85,4.0,-2.0,3.0,2020-01-28 09:32:41.047510,312.76,312.82,0
2020-01-28 09:32:42,N,AAPL,312.76,4.0,312.82,1.0,3.0,-1.0,2020-01-28 09:32:42.055920,312.69,312.78,0
2020-01-28 09:32:43,N,AAPL,312.69,4.0,312.78,1.0,2.0,-1.0,2020-01-28 09:32:43.069991,312.79,312.85,1
2020-01-28 09:32:44,N,AAPL,312.79,4.0,312.85,3.0,2.0,2.0,2020-01-28 09:32:44.133213,312.79,312.87,0
2020-01-28 09:32:45,N,AAPL,312.79,2.0,312.87,2.0,1.0,0.0,2020-01-28 09:32:45.036329,312.83,312.89,0
2020-01-28 09:32:46,N,AAPL,312.83,4.0,312.89,1.0,2.0,-2.0,2020-01-28 09:32:46.505027,312.87,312.91,0
2020-01-28 09:32:47,N,AAPL,312.87,4.0,312.91,1.0,3.0,0.0,2020-01-28 09:32:47.474442,312.92,312.96,1
2020-01-28 09:32:48,N,AAPL,312.92,1.0,312.96,6.0,-5.0,5.0,2020-01-28 09:32:48.126362,312.89,312.94,0
2020-01-28 09:32:49,N,AAPL,312.89,1.0,312.94,2.0,-1.0,-1.0,2020-01-28 09:32:49.118583,312.93,312.98,0
2020-01-28 09:32:50,N,AAPL,312.93,2.0,312.98,3.0,1.0,1.0,2020-01-28 09:32:50.290815,312.97,312.99,0
2020-01-28 09:32:51,N,AAPL,312.97,4.0,312.99,11.0,2.0,8.0,2020-01-28 09:32:51.363191,312.92,312.98,0
2020-01-28 09:32:52,N,AAPL,312.92,2.0,312.98,2.0,-2.0,-8.0,2020-01-28 09:32:52.061892,312.92,312.97,0
2020-01-28 09:32:53,N,AAPL,312.92,3.0,312.97,1.0,1.0,-1.0,2020-01-28 09:32:53.170538,313.04,313.08,1
2020-01-28 09:32:54,N,AAPL,313.04,2.0,313.08,2.0,1.0,0.0,2020-01-28 09:32:54.004946,313.16,313.21,1
2020-01-28 09:32:55,N,AAPL,313.16,1.0,313.21,2.0,-3.0,0.0,2020-01-28 09:32:55.074861,313.18,313.23,0
2020-01-28 09:32:56,N,AAPL,313.18,1.0,313.23,2.0,0.0,0.0,2020-01-28 09:32:56.011046,313.18,313.19,0
2020-01-28 09:32:57,N,AAPL,313.18,1.0,313.19,2.0,0.0,0.0,2020-01-28 09:32:57.985725,313.17,313.21,0
2020-01-28 09:32:58,N,AAPL,313.17,1.0,313.21,1.0,-1.0,-1.0,2020-01-28 09:32:58.192354,313.16,313.2,0
2020-01-28 09:32:59,N,AAPL,313.16,4.0,313.2,2.0,2.0,1.0,2020-01-28 09:32:59.087077,313.23,313.25,1
2020-01-28 09:33:00,N,AAPL,313.23,1.0,313.25,1.0,-2.0,0.0,2020-01-28 09:33:00.084446,313.27,313.28,1
2020-01-28 09:33:01,N,AAPL,313.27,4.0,313.28,5.0,3.0,0.0,2020-01-28 09:33:01.110003,313.22,313.26,-1
2020-01-28 09:33:02,N,AAPL,313.22,2.0,313.26,5.0,0.0,3.0,2020-01-28 09:33:02.858561,313.21,313.26,0
2020-01-28 09:33:03,N,AAPL,313.21,1.0,313.26,4.0,-1.0,-1.0,2020-01-28 09:33:03.268155,313.26,313.28,0
2020-01-28 09:33:04,N,AAPL,313.26,2.0,313.28,2.0,-2.0,0.0,2020-01-28 09:33:04.350120,313.32,313.37,1
2020-01-28 09:33:05,N,AAPL,313.32,2.0,313.37,2.0,1.0,1.0,2020-01-28 09:33:05.043609,313.32,313.39,0
2020-01-28 09:33:06,N,AAPL,313.32,1.0,313.39,1.0,-2.0,0.0,2020-01-28 09:33:06.026982,313.46,313.5,1
2020-01-28 09:33:07,N,AAPL,313.46,2.0,313.5,20.0,0.0,18.0,2020-01-28 09:33:07.457313,313.39,313.43,-1
2020-01-28 09:33:09,N,AAPL,313.39,2.0,313.43,2.0,-2.0,1.0,2020-01-28 09:33:09.186276,313.42,313.49,0
2020-01-28 09:33:10,N,AAPL,313.42,1.0,313.49,10.0,-2.0,8.0,2020-01-28 09:33:10.312164,313.55,313.6,1
2020-01-28 09:33:11,N,AAPL,313.55,1.0,313.6,2.0,0.0,-8.0,2020-01-28 09:33:11.767207,313.47,313.52,-1
2020-01-28 09:33:12,N,AAPL,313.47,3.0,313.52,2.0,1.0,-2.0,2020-01-28 09:33:12.328845,313.58,313.62,1
2020-01-28 09:33:13,N,AAPL,313.58,2.0,313.62,2.0,0.0,-2.0,2020-01-28 09:33:13.227051,313.57,313.6,0
2020-01-28 09:33:14,N,AAPL,313.57,2.0,313.6,1.0,0.0,0.0,2020-01-28 09:33:14.002267,313.67,313.7,1
2020-01-28 09:33:15,N,AAPL,313.67,4.0,313.7,1.0,3.0,0.0,2020-01-28 09:33:15.309309,313.67,313.72,0
2020-01-28 09:33:16,N,AAPL,313.67,2.0,313.72,1.0,0.0,0.0,2020-01-28 09:33:16.325651,313.67,313.73,0
2020-01-28 09:33:17,N,AAPL,313.67,2.0,313.73,2.0,0.0,1.0,2020-01-28 09:33:17.455965,313.63,313.7,0
2020-01-28 09:33:18,N,AAPL,313.63,1.0,313.7,2.0,-1.0,0.0,2020-01-28 09:33:18.135962,313.61,313.66,0
2020-01-28 09:33:19,N,AAPL,313.61,1.0,313.66,2.0,-3.0,0.0,2020-01-28 09:33:19.148646,313.74,313.77,1
2020-01-28 09:33:20,N,AAPL,313.74,5.0,313.77,18.0,1.0,17.0,2020-01-28 09:33:20.019013,313.79,313.81,1
2020-01-28 09:33:21,N,AAPL,313.79,7.0,313.81,2.0,6.0,1.0,2020-01-28 09:33:21.091398,313.81,313.88,0
2020-01-28 09:33:23,N,AAPL,313.81,2.0,313.88,1.0,-5.0,-1.0,2020-01-28 09:33:23.727243,313.86,313.91,0
2020-01-28 09:33:24,N,AAPL,313.86,2.0,313.91,4.0,0.0,3.0,2020-01-28 09:33:24.220970,313.78,313.85,-1
2020-01-28 09:33:25,N,AAPL,313.78,2.0,313.85,3.0,0.0,2.0,2020-01-28 09:33:25.100173,313.72,313.78,0
2020-01-28 09:33:26,N,AAPL,313.72,2.0,313.78,1.0,1.0,-2.0,2020-01-28 09:33:26.150752,313.76,313.81,0
2020-01-28 09:33:27,N,AAPL,313.76,3.0,313.81,2.0,2.0,1.0,2020-01-28 09:33:27.051539,313.79,313.82,0
2020-01-28 09:33:28,N,AAPL,313.79,1.0,313.82,1.0,0.0,-1.0,2020-01-28 09:33:28.087105,313.76,313.82,0
2020-01-28 09:33:29,N,AAPL,313.76,2.0,313.82,1.0,0.0,-1.0,2020-01-28 09:33:29.010426,313.72,313.79,0
2020-01-28 09:33:30,N,AAPL,313.72,1.0,313.79,3.0,-1.0,1.0,2020-01-28 09:33:30.663463,313.72,313.79,0
2020-01-28 09:33:31,N,AAPL,313.72,1.0,313.79,3.0,-1.0,2.0,2020-01-28 09:33:31.008461,313.59,313.63,-1
2020-01-28 09:33:32,N,AAPL,313.59,1.0,313.63,4.0,-1.0,2.0,2020-01-28 09:33:32.482651,313.61,313.66,0
2020-01-28 09:33:33,N,AAPL,313.61,2.0,313.66,4.0,0.0,2.0,2020-01-28 09:33:33.128776,313.69,313.75,1
2020-01-28 09:33:34,N,AAPL,313.69,2.0,313.75,2.0,0.0,0.0,2020-01-28 09:33:34.156862,313.68,313.76,0
2020-01-28 09:33:35,N,AAPL,313.68,1.0,313.76,4.0,0.0,0.0,2020-01-28 09:33:35.416190,313.7,313.75,0
2020-01-28 09:33:36,N,AAPL,313.7,1.0,313.75,2.0,-1.0,-2.0,2020-01-28 09:33:36.155809,313.71,313.76,0
2020-01-28 09:33:37,N,AAPL,313.71,4.0,313.76,4.0,3.0,0.0,2020-01-28 09:33:37.126663,313.69,313.74,0
2020-01-28 09:33:38,N,AAPL,313.69,1.0,313.74,1.0,0.0,-1.0,2020-01-28 09:33:38.124271,313.71,313.77,0
2020-01-28 09:33:39,N,AAPL,313.71,2.0,313.77,2.0,0.0,0.0,2020-01-28 09:33:39.063277,313.69,313.72,0
2020-01-28 09:33:40,N,AAPL,313.69,1.0,313.72,2.0,0.0,-1.0,2020-01-28 09:33:40.091112,313.69,313.73,0
2020-01-28 09:33:41,N,AAPL,313.69,1.0,313.73,8.0,0.0,5.0,2020-01-28 09:33:41.146451,313.75,313.78,1
2020-01-28 09:33:42,N,AAPL,313.75,2.0,313.78,5.0,1.0,-2.0,2020-01-28 09:33:42.649785,313.8,313.86,1
2020-01-28 09:33:43,N,AAPL,313.8,1.0,313.86,2.0,-4.0,1.0,2020-01-28 09:33:43.703927,313.79,313.86,0
2020-01-28 09:33:44,N,AAPL,313.79,4.0,313.86,2.0,3.0,0.0,2020-01-28 09:33:44.136820,313.87,313.9,1
2020-01-28 09:33:45,N,AAPL,313.87,1.0,313.9,1.0,0.0,-3.0,2020-01-28 09:33:45.309872,313.81,313.89,0
2020-01-28 09:33:46,N,AAPL,313.81,5.0,313.89,1.0,3.0,0.0,2020-01-28 09:33:46.057756,313.81,313.85,0
2020-01-28 09:33:47,N,AAPL,313.81,6.0,313.85,2.0,1.0,-2.0,2020-01-28 09:33:47.016111,313.82,313.85,0
2020-01-28 09:33:49,N,AAPL,313.82,2.0,313.85,1.0,0.0,-1.0,2020-01-28 09:33:49.185097,313.83,313.88,0
2020-01-28 09:33:51,N,AAPL,313.83,3.0,313.88,3.0,-1.0,2.0,2020-01-28 09:33:51.504579,313.85,313.9,0
2020-01-28 09:33:52,N,AAPL,313.85,1.0,313.9,2.0,-2.0,0.0,2020-01-28 09:33:52.231855,313.84,313.86,0
2020-01-28 09:33:53,N,AAPL,313.84,1.0,313.86,3.0,0.0,2.0,2020-01-28 09:33:53.533576,313.85,313.9,0
2020-01-28 09:33:54,N,AAPL,313.85,4.0,313.9,2.0,3.0,-2.0,2020-01-28 09:33:54.303383,313.88,313.89,0
2020-01-28 09:33:55,N,AAPL,313.88,1.0,313.89,8.0,-1.0,7.0,2020-01-28 09:33:55.184693,313.83,313.89,0
2020-01-28 09:33:56,N,AAPL,313.83,2.0,313.89,8.0,0.0,0.0,2020-01-28 09:33:56.034704,313.85,313.9,0
2020-01-28 09:33:57,N,AAPL,313.85,2.0,313.9,1.0,0.0,0.0,2020-01-28 09:33:57.082532,313.95,313.98,1
2020-01-28 09:33:59,N,AAPL,313.95,1.0,313.98,5.0,-1.0,4.0,2020-01-28 09:33:59.092501,313.97,314.03,0
2020-01-28 09:34:01,N,AAPL,313.97,3.0,314.03,22.0,2.0,17.0,2020-01-28 09:34:01.096041,313.95,313.98,0
2020-01-28 09:34:02,N,AAPL,313.95,2.0,313.98,2.0,0.0,0.0,2020-01-28 09:34:02.173486,313.91,313.96,0
2020-01-28 09:34:04,N,AAPL,313.91,4.0,313.96,2.0,3.0,1.0,2020-01-28 09:34:04.506684,313.87,313.93,0
2020-01-28 09:34:05,N,AAPL,313.87,1.0,313.93,2.0,0.0,0.0,2020-01-28 09:34:05.097063,313.83,313.88,0
2020-01-28 09:34:06,N,AAPL,313.83,3.0,313.88,1.0,2.0,-2.0,2020-01-28 09:34:06.026666,313.77,313.84,0
2020-01-28 09:34:07,N,AAPL,313.77,3.0,313.84,3.0,-2.0,0.0,2020-01-28 09:34:07.125739,313.71,313.75,-1
2020-01-28 09:34:08,N,AAPL,313.71,1.0,313.75,1.0,0.0,0.0,2020-01-28 09:34:08.098458,313.71,313.75,0
2020-01-28 09:34:09,N,AAPL,313.71,2.0,313.75,1.0,0.0,0.0,2020-01-28 09:34:09.283667,313.66,313.72,0
2020-01-28 09:34:10,N,AAPL,313.66,2.0,313.72,7.0,-3.0,0.0,2020-01-28 09:34:10.567891,313.6,313.65,-1
2020-01-28 09:34:11,N,AAPL,313.6,2.0,313.65,1.0,1.0,-3.0,2020-01-28 09:34:11.418662,313.56,313.61,0
2020-01-28 09:34:12,N,AAPL,313.56,4.0,313.61,7.0,3.0,3.0,2020-01-28 09:34:12.139321,313.59,313.66,0
2020-01-28 09:34:13,N,AAPL,313.59,2.0,313.66,1.0,-2.0,-1.0,2020-01-28 09:34:13.131224,313.57,313.64,0
2020-01-28 09:34:14,N,AAPL,313.57,1.0,313.64,1.0,0.0,0.0,2020-01-28 09:34:14.072102,313.61,313.62,0
2020-01-28 09:34:15,N,AAPL,313.61,1.0,313.62,2.0,-3.0,-3.0,2020-01-28 09:34:15.001992,313.66,313.71,1
2020-01-28 09:34:16,N,AAPL,313.66,5.0,313.71,2.0,1.0,0.0,2020-01-28 09:34:16.004054,313.56,313.61,-1
2020-01-28 09:34:17,N,AAPL,313.56,2.0,313.61,2.0,1.0,-2.0,2020-01-28 09:34:17.708101,313.63,313.66,1
2020-01-28 09:34:18,N,AAPL,313.63,2.0,313.66,2.0,0.0,1.0,2020-01-28 09:34:18.543578,313.65,313.69,0
2020-01-28 09:34:19,N,AAPL,313.65,1.0,313.69,1.0,-1.0,-1.0,2020-01-28 09:34:19.324469,313.68,313.69,0
2020-01-28 09:34:20,N,AAPL,313.68,1.0,313.69,1.0,0.0,0.0,2020-01-28 09:34:20.383328,313.7,313.74,1
2020-01-28 09:34:21,N,AAPL,313.7,4.0,313.74,1.0,3.0,0.0,2020-01-28 09:34:21.286717,313.77,313.82,1
2020-01-28 09:34:22,N,AAPL,313.77,2.0,313.82,3.0,0.0,2.0,2020-01-28 09:34:22.179744,313.79,313.89,0
2020-01-28 09:34:23,N,AAPL,313.79,2.0,313.89,4.0,1.0,-3.0,2020-01-28 09:34:23.151171,313.81,313.86,0
2020-01-28 09:34:24,N,AAPL,313.81,2.0,313.86,2.0,0.0,0.0,2020-01-28 09:34:24.313344,313.92,313.99,1
2020-01-28 09:34:27,N,AAPL,313.92,2.0,313.99,4.0,0.0,2.0,2020-01-28 09:34:27.368411,313.9,313.98,0
2020-01-28 09:34:28,N,AAPL,313.9,4.0,313.98,2.0,0.0,0.0,2020-01-28 09:34:28.104109,313.74,313.79,-1
2020-01-28 09:34:29,N,AAPL,313.74,2.0,313.79,4.0,0.0,2.0,2020-01-28 09:34:29.201988,313.73,313.82,0
2020-01-28 09:34:30,N,AAPL,313.73,2.0,313.82,5.0,0.0,4.0,2020-01-28 09:34:30.128656,313.74,313.81,0
2020-01-28 09:34:31,N,AAPL,313.74,3.0,313.81,1.0,1.0,-1.0,2020-01-28 09:34:31.795562,313.74,313.79,0
2020-01-28 09:34:32,N,AAPL,313.74,2.0,313.79,75.0,-1.0,74.0,2020-01-28 09:34:32.056311,313.77,313.79,0
2020-01-28 09:34:33,N,AAPL,313.77,4.0,313.79,52.0,2.0,-9.0,2020-01-28 09:34:33.013184,313.69,313.75,-1
2020-01-28 09:34:34,N,AAPL,313.69,2.0,313.75,2.0,-1.0,-4.0,2020-01-28 09:34:34.309152,313.71,313.74,0
2020-01-28 09:34:35,N,AAPL,313.71,1.0,313.74,1.0,-1.0,0.0,2020-01-28 09:34:35.220453,313.56,313.63,-1
2020-01-28 09:34:36,N,AAPL,313.56,2.0,313.63,1.0,0.0,-1.0,2020-01-28 09:34:36.008961,313.67,313.71,1
2020-01-28 09:34:37,N,AAPL,313.67,2.0,313.71,1.0,0.0,0.0,2020-01-28 09:34:37.336050,313.66,313.71,0
2020-01-28 09:34:38,N,AAPL,313.66,1.0,313.71,4.0,-1.0,2.0,2020-01-28 09:34:38.721830,313.62,313.67,0
2020-01-28 09:34:40,N,AAPL,313.62,2.0,313.67,6.0,1.0,2.0,2020-01-28 09:34:40.210103,313.55,313.63,0
2020-01-28 09:34:41,N,AAPL,313.55,1.0,313.63,2.0,0.0,-4.0,2020-01-28 09:34:41.297936,313.53,313.61,0
2020-01-28 09:34:42,N,AAPL,313.53,1.0,313.61,1.0,-3.0,-1.0,2020-01-28 09:34:42.162577,313.6,313.65,0
2020-01-28 09:34:43,N,AAPL,313.6,1.0,313.65,2.0,0.0,1.0,2020-01-28 09:34:43.262449,313.52,313.58,-1
2020-01-28 09:34:45,N,AAPL,313.52,2.0,313.58,11.0,1.0,9.0,2020-01-28 09:34:45.116881,313.52,313.57,0
2020-01-28 09:34:46,N,AAPL,313.52,1.0,313.57,2.0,0.0,0.0,2020-01-28 09:34:46.005023,313.42,313.48,-1
2020-01-28 09:34:47,N,AAPL,313.42,1.0,313.48,2.0,-1.0,1.0,2020-01-28 09:34:47.161468,313.4,313.5,0
2020-01-28 09:34:48,N,AAPL,313.4,2.0,313.5,3.0,0.0,-13.0,2020-01-28 09:34:48.890438,313.43,313.51,0
2020-01-28 09:34:49,N,AAPL,313.43,2.0,313.51,18.0,1.0,17.0,2020-01-28 09:34:49.158981,313.5,313.54,0
2020-01-28 09:34:50,N,AAPL,313.5,2.0,313.54,2.0,-2.0,0.0,2020-01-28 09:34:50.275869,313.53,313.57,0
2020-01-28 09:34:51,N,AAPL,313.53,2.0,313.57,2.0,0.0,-3.0,2020-01-28 09:34:51.003602,313.4,313.45,-1
2020-01-28 09:34:53,N,AAPL,313.4,1.0,313.45,4.0,-1.0,2.0,2020-01-28 09:34:53.047555,313.43,313.47,0
2020-01-28 09:34:54,N,AAPL,313.43,3.0,313.47,1.0,2.0,-1.0,2020-01-28 09:34:54.102379,313.4,313.44,0
2020-01-28 09:34:55,N,AAPL,313.4,4.0,313.44,4.0,3.0,3.0,2020-01-28 09:34:55.003884,313.46,313.48,1
2020-01-28 09:34:56,N,AAPL,313.46,1.0,313.48,2.0,0.0,1.0,2020-01-28 09:34:56.986611,313.43,313.47,0
2020-01-28 09:34:57,N,AAPL,313.43,1.0,313.47,2.0,0.0,0.0,2020-01-28 09:34:57.181911,313.31,313.37,-1
2020-01-28 09:34:58,N,AAPL,313.31,4.0,313.37,1.0,3.0,-1.0,2020-01-28 09:34:58.062897,313.3,313.34,0
2020-01-28 09:34:59,N,AAPL,313.3,4.0,313.34,4.0,3.0,3.0,2020-01-28 09:34:59.368705,313.31,313.37,0
2020-01-28 09:35:00,N,AAPL,313.31,4.0,313.37,2.0,3.0,0.0,2020-01-28 09:35:00.017102,313.39,313.44,1
2020-01-28 09:35:01,N,AAPL,313.39,2.0,313.44,2.0,1.0,-5.0,2020-01-28 09:35:01.124098,313.49,313.55,1
2020-01-28 09:35:02,N,AAPL,313.49,2.0,313.55,2.0,1.0,1.0,2020-01-28 09:35:02.034702,313.42,313.48,-1
2020-01-28 09:35:03,N,AAPL,313.42,6.0,313.48,4.0,3.0,2.0,2020-01-28 09:35:03.606260,313.35,313.42,0
2020-01-28 09:35:04,N,AAPL,313.35,2.0,313.42,1.0,0.0,-2.0,2020-01-28 09:35:04.026365,313.41,313.46,0
2020-01-28 09:35:05,N,AAPL,313.41,4.0,313.46,2.0,2.0,1.0,2020-01-28 09:35:05.283390,313.51,313.55,1
2020-01-28 09:35:06,N,AAPL,313.51,1.0,313.55,1.0,-1.0,-3.0,2020-01-28 09:35:06.011165,313.52,313.58,0
2020-01-28 09:35:07,N,AAPL,313.52,1.0,313.58,1.0,0.0,-4.0,2020-01-28 09:35:07.164257,313.52,313.59,0
2020-01-28 09:35:08,N,AAPL,313.52,4.0,313.59,2.0,3.0,1.0,2020-01-28 09:35:08.016245,313.45,313.51,-1
2020-01-28 09:35:09,N,AAPL,313.45,1.0,313.51,2.0,-1.0,0.0,2020-01-28 09:35:09.140096,313.5,313.57,0
2020-01-28 09:35:10,N,AAPL,313.5,1.0,313.57,2.0,0.0,-2.0,2020-01-28 09:35:10.519785,313.5,313.55,0
2020-01-28 09:35:11,N,AAPL,313.5,1.0,313.55,2.0,0.0,0.0,2020-01-28 09:35:11.015879,313.44,313.5,0
2020-01-28 09:35:12,N,AAPL,313.44,1.0,313.5,1.0,-3.0,-1.0,2020-01-28 09:35:12.471844,313.53,313.6,1
2020-01-28 09:35:13,N,AAPL,313.53,1.0,313.6,3.0,0.0,2.0,2020-01-28 09:35:13.053032,313.64,313.7,1
2020-01-28 09:35:14,N,AAPL,313.64,2.0,313.7,4.0,-2.0,2.0,2020-01-28 09:35:14.384709,313.6,313.68,0
2020-01-28 09:35:15,N,AAPL,313.6,4.0,313.68,1.0,3.0,0.0,2020-01-28 09:35:15.517243,313.61,313.68,0
2020-01-28 09:35:16,N,AAPL,313.61,2.0,313.68,1.0,-2.0,0.0,2020-01-28 09:35:16.015064,313.62,313.7,0
2020-01-28 09:35:17,N,AAPL,313.62,1.0,313.7,4.0,0.0,2.0,2020-01-28 09:35:17.660014,313.64,313.72,0
2020-01-28 09:35:18,N,AAPL,313.64,1.0,313.72,4.0,0.0,3.0,2020-01-28 09:35:18.478967,313.66,313.74,0
2020-01-28 09:35:19,N,AAPL,313.66,3.0,313.74,2.0,2.0,0.0,2020-01-28 09:35:19.593364,313.77,313.82,1
2020-01-28 09:35:20,N,AAPL,313.77,2.0,313.82,6.0,0.0,-2.0,2020-01-28 09:35:20.154526,313.75,313.82,0
2020-01-28 09:35:21,N,AAPL,313.75,1.0,313.82,4.0,-1.0,-11.0,2020-01-28 09:35:21.067247,313.63,313.69,-1
2020-01-28 09:35:22,N,AAPL,313.63,2.0,313.69,4.0,0.0,2.0,2020-01-28 09:35:22.011783,313.62,313.69,0
2020-01-28 09:35:23,N,AAPL,313.62,2.0,313.69,3.0,1.0,1.0,2020-01-28 09:35:23.085727,313.62,313.68,0
2020-01-28 09:35:24,N,AAPL,313.62,1.0,313.68,1.0,-1.0,-1.0,2020-01-28 09:35:24.189597,313.55,313.59,-1
2020-01-28 09:35:25,N,AAPL,313.55,2.0,313.59,2.0,1.0,1.0,2020-01-28 09:35:25.868911,313.52,313.56,0
2020-01-28 09:35:26,N,AAPL,313.52,1.0,313.56,2.0,0.0,-3.0,2020-01-28 09:35:26.049906,313.52,313.57,0
2020-01-28 09:35:27,N,AAPL,313.52,4.0,313.57,1.0,1.0,-3.0,2020-01-28 09:35:27.842487,313.51,313.6,0
2020-01-28 09:35:28,N,AAPL,313.51,2.0,313.6,4.0,-2.0,0.0,2020-01-28 09:35:28.015821,313.51,313.58,0
2020-01-28 09:35:29,N,AAPL,313.51,1.0,313.58,1.0,-3.0,0.0,2020-01-28 09:35:29.047207,313.41,313.48,-1
2020-01-28 09:35:30,N,AAPL,313.41,3.0,313.48,2.0,-4.0,0.0,2020-01-28 09:35:30.183607,313.44,313.52,0
2020-01-28 09:35:31,N,AAPL,313.44,1.0,313.52,2.0,-4.0,0.0,2020-01-28 09:35:31.260113,313.43,313.52,0
2020-01-28 09:35:32,N,AAPL,313.43,3.0,313.52,2.0,1.0,0.0,2020-01-28 09:35:32.365852,313.36,313.41,-1
2020-01-28 09:35:33,N,AAPL,313.36,2.0,313.41,2.0,1.0,0.0,2020-01-28 09:35:33.281345,313.32,313.4,0
2020-01-28 09:35:34,N,AAPL,313.32,1.0,313.4,2.0,0.0,0.0,2020-01-28 09:35:34.010538,313.26,313.31,-1
2020-01-28 09:35:35,N,AAPL,313.26,7.0,313.31,2.0,3.0,1.0,2020-01-28 09:35:35.955079,313.3,313.38,0
2020-01-28 09:35:36,N,AAPL,313.3,2.0,313.38,4.0,0.0,0.0,2020-01-28 09:35:36.015408,313.34,313.38,0
2020-01-28 09:35:37,N,AAPL,313.34,1.0,313.38,2.0,0.0,-2.0,2020-01-28 09:35:37.420697,313.27,313.37,0
2020-01-28 09:35:38,N,AAPL,313.27,2.0,313.37,2.0,1.0,0.0,2020-01-28 09:35:38.046892,313.34,313.39,0
2020-01-28 09:35:39,N,AAPL,313.34,1.0,313.39,6.0,-5.0,3.0,2020-01-28 09:35:39.017029,313.28,313.33,-1
2020-01-28 09:35:40,N,AAPL,313.28,2.0,313.33,2.0,-4.0,1.0,2020-01-28 09:35:40.867923,313.26,313.33,0
2020-01-28 09:35:41,N,AAPL,313.26,5.0,313.33,2.0,3.0,0.0,2020-01-28 09:35:41.063269,313.42,313.48,1
2020-01-28 09:35:42,N,AAPL,313.42,4.0,313.48,2.0,2.0,1.0,2020-01-28 09:35:42.400609,313.42,313.49,0
2020-01-28 09:35:43,N,AAPL,313.42,4.0,313.49,1.0,2.0,0.0,2020-01-28 09:35:43.227826,313.45,313.54,0
2020-01-28 09:35:44,N,AAPL,313.45,2.0,313.54,2.0,0.0,0.0,2020-01-28 09:35:44.001560,313.42,313.51,0
2020-01-28 09:35:45,N,AAPL,313.42,2.0,313.51,1.0,0.0,-3.0,2020-01-28 09:35:45.071948,313.39,313.48,0
2020-01-28 09:35:46,N,AAPL,313.39,2.0,313.48,3.0,0.0,2.0,2020-01-28 09:35:46.335945,313.43,313.48,0
2020-01-28 09:35:47,N,AAPL,313.43,1.0,313.48,1.0,-3.0,0.0,2020-01-28 09:35:47.512303,313.43,313.49,0
2020-01-28 09:35:48,N,AAPL,313.43,2.0,313.49,1.0,1.0,0.0,2020-01-28 09:35:48.074611,313.56,313.59,1
2020-01-28 09:35:49,N,AAPL,313.56,1.0,313.59,1.0,-1.0,0.0,2020-01-28 09:35:49.073312,313.48,313.52,-1
2020-01-28 09:35:50,N,AAPL,313.48,2.0,313.52,1.0,1.0,0.0,2020-01-28 09:35:50.613098,313.49,313.53,0
2020-01-28 09:35:51,N,AAPL,313.49,2.0,313.53,1.0,0.0,0.0,2020-01-28 09:35:51.003160,313.39,313.47,-1
2020-01-28 09:35:52,N,AAPL,313.39,4.0,313.47,3.0,2.0,1.0,2020-01-28 09:35:52.044163,313.44,313.49,0
2020-01-28 09:35:53,N,AAPL,313.44,1.0,313.49,2.0,-1.0,1.0,2020-01-28 09:35:53.172749,313.39,313.48,0
2020-01-28 09:35:54,N,AAPL,313.39,3.0,313.48,4.0,1.0,2.0,2020-01-28 09:35:54.004389,313.33,313.37,-1
2020-01-28 09:35:55,N,AAPL,313.33,2.0,313.37,2.0,1.0,0.0,2020-01-28 09:35:55.650164,313.35,313.4,0
2020-01-28 09:35:56,N,AAPL,313.35,1.0,313.4,2.0,-1.0,-2.0,2020-01-28 09:35:56.504207,313.36,313.44,0
2020-01-28 09:35:57,N,AAPL,313.36,1.0,313.44,1.0,0.0,0.0,2020-01-28 09:35:57.168944,313.38,313.49,0
2020-01-28 09:35:58,N,AAPL,313.38,2.0,313.49,1.0,0.0,-1.0,2020-01-28 09:35:58.385254,313.43,313.5,0
2020-01-28 09:35:59,N,AAPL,313.43,2.0,313.5,1.0,0.0,0.0,2020-01-28 09:35:59.856434,313.47,313.53,0
2020-01-28 09:36:00,N,AAPL,313.47,1.0,313.53,4.0,-1.0,3.0,2020-01-28 09:36:00.190970,313.46,313.52,0
2020-01-28 09:36:01,N,AAPL,313.46,2.0,313.52,2.0,0.0,-2.0,2020-01-28 09:36:01.148998,313.52,313.59,0
2020-01-28 09:36:02,N,AAPL,313.52,1.0,313.59,6.0,-3.0,0.0,2020-01-28 09:36:02.555134,313.53,313.58,0
2020-01-28 09:36:03,N,AAPL,313.53,1.0,313.58,4.0,-3.0,-2.0,2020-01-28 09:36:03.072006,313.54,313.61,0
2020-01-28 09:36:04,N,AAPL,313.54,4.0,313.61,2.0,3.0,1.0,2020-01-28 09:36:04.934851,313.54,313.63,0
2020-01-28 09:36:05,N,AAPL,313.54,2.0,313.63,2.0,1.0,0.0,2020-01-28 09:36:05.044528,313.56,313.63,0
2020-01-28 09:36:06,N,AAPL,313.56,4.0,313.63,2.0,2.0,1.0,2020-01-28 09:36:06.341285,313.65,313.7,1
2020-01-28 09:36:07,N,AAPL,313.65,4.0,313.7,5.0,-1.0,4.0,2020-01-28 09:36:07.120683,313.64,313.71,0
2020-01-28 09:36:08,N,AAPL,313.64,1.0,313.71,2.0,0.0,0.0,2020-01-28 09:36:08.057949,313.52,313.59,-1
2020-01-28 09:36:09,N,AAPL,313.52,2.0,313.59,2.0,1.0,1.0,2020-01-28 09:36:09.316994,313.51,313.58,0
2020-01-28 09:36:10,N,AAPL,313.51,4.0,313.58,1.0,0.0,-2.0,2020-01-28 09:36:10.293780,313.56,313.62,0
2020-01-28 09:36:11,N,AAPL,313.56,1.0,313.62,1.0,0.0,-1.0,2020-01-28 09:36:11.378950,313.58,313.64,0
2020-01-28 09:36:12,N,AAPL,313.58,1.0,313.64,1.0,-1.0,0.0,2020-01-28 09:36:12.238420,313.61,313.67,0
2020-01-28 09:36:13,N,AAPL,313.61,1.0,313.67,1.0,-1.0,0.0,2020-01-28 09:36:13.069467,313.59,313.67,0
2020-01-28 09:36:14,N,AAPL,313.59,2.0,313.67,1.0,1.0,0.0,2020-01-28 09:36:14.166721,313.64,313.71,0
2020-01-28 09:36:15,N,AAPL,313.64,2.0,313.71,1.0,0.0,0.0,2020-01-28 09:36:15.020122,313.64,313.67,0
2020-01-28 09:36:16,N,AAPL,313.64,1.0,313.67,1.0,-1.0,0.0,2020-01-28 09:36:16.332427,313.66,313.72,0
2020-01-28 09:36:17,N,AAPL,313.66,2.0,313.72,1.0,1.0,0.0,2020-01-28 09:36:17.149023,313.65,313.73,0
2020-01-28 09:36:18,N,AAPL,313.65,2.0,313.73,2.0,0.0,0.0,2020-01-28 09:36:18.123086,313.65,313.71,0
2020-01-28 09:36:19,N,AAPL,313.65,1.0,313.71,1.0,-1.0,-1.0,2020-01-28 09:36:19.115553,313.64,313.72,0
2020-01-28 09:36:20,N,AAPL,313.64,1.0,313.72,2.0,0.0,0.0,2020-01-28 09:36:20.379104,313.66,313.74,0
2020-01-28 09:36:21,N,AAPL,313.66,2.0,313.74,1.0,0.0,0.0,2020-01-28 09:36:21.185492,313.67,313.74,0
2020-01-28 09:36:22,N,AAPL,313.67,1.0,313.74,1.0,0.0,0.0,2020-01-28 09:36:22.180261,313.67,313.75,0
2020-01-28 09:36:23,N,AAPL,313.67,1.0,313.75,7.0,0.0,0.0,2020-01-28 09:36:23.048322,313.73,313.77,0
2020-01-28 09:36:24,N,AAPL,313.73,4.0,313.77,10.0,3.0,9.0,2020-01-28 09:36:24.442462,313.79,313.81,1
2020-01-28 09:36:25,N,AAPL,313.79,2.0,313.81,2.0,-2.0,1.0,2020-01-28 09:36:25.113586,313.79,313.84,0
2020-01-28 09:36:26,N,AAPL,313.79,2.0,313.84,2.0,0.0,-2.0,2020-01-28 09:36:26.864154,313.77,313.82,0
2020-01-28 09:36:27,N,AAPL,313.77,1.0,313.82,1.0,-1.0,-1.0,2020-01-28 09:36:27.159466,313.68,313.75,-1
2020-01-28 09:36:28,N,AAPL,313.68,20.0,313.75,2.0,19.0,1.0,2020-01-28 09:36:28.011532,313.72,313.79,0
2020-01-28 09:36:29,N,AAPL,313.72,1.0,313.79,2.0,-1.0,1.0,2020-01-28 09:36:29.064744,313.69,313.75,0
2020-01-28 09:36:30,N,AAPL,313.69,2.0,313.75,4.0,0.0,1.0,2020-01-28 09:36:30.060305,313.66,313.71,0
2020-01-28 09:36:31,N,AAPL,313.66,1.0,313.71,2.0,0.0,0.0,2020-01-28 09:36:31.050188,313.56,313.62,-1
2020-01-28 09:36:32,N,AAPL,313.56,1.0,313.62,2.0,0.0,0.0,2020-01-28 09:36:32.411397,313.51,313.56,0
2020-01-28 09:36:33,N,AAPL,313.51,3.0,313.56,2.0,0.0,0.0,2020-01-28 09:36:33.045240,313.51,313.55,0
2020-01-28 09:36:34,N,AAPL,313.51,1.0,313.55,2.0,-1.0,0.0,2020-01-28 09:36:34.209387,313.51,313.57,0
2020-01-28 09:36:36,N,AAPL,313.51,1.0,313.57,4.0,0.0,2.0,2020-01-28 09:36:36.027899,313.55,313.59,0
2020-01-28 09:36:37,N,AAPL,313.55,1.0,313.59,2.0,-3.0,0.0,2020-01-28 09:36:37.045401,313.55,313.62,0
2020-01-28 09:36:38,N,AAPL,313.55,1.0,313.62,1.0,0.0,-1.0,2020-01-28 09:36:38.457492,313.56,313.62,0
2020-01-28 09:36:39,N,AAPL,313.56,1.0,313.62,2.0,0.0,0.0,2020-01-28 09:36:39.151344,313.55,313.65,0
2020-01-28 09:36:40,N,AAPL,313.55,1.0,313.65,4.0,0.0,-2.0,2020-01-28 09:36:40.065148,313.59,313.62,0
2020-01-28 09:36:41,N,AAPL,313.59,1.0,313.62,3.0,0.0,1.0,2020-01-28 09:36:41.650084,313.56,313.61,0
2020-01-28 09:36:42,N,AAPL,313.56,1.0,313.61,2.0,0.0,-1.0,2020-01-28 09:36:42.163805,313.56,313.62,0
2020-01-28 09:36:43,N,AAPL,313.56,2.0,313.62,2.0,1.0,1.0,2020-01-28 09:36:43.099011,313.53,313.6,0
2020-01-28 09:36:44,N,AAPL,313.53,1.0,313.6,2.0,0.0,-4.0,2020-01-28 09:36:44.011811,313.53,313.58,0
2020-01-28 09:36:46,N,AAPL,313.53,2.0,313.58,2.0,-2.0,0.0,2020-01-28 09:36:46.308693,313.45,313.51,-1
2020-01-28 09:36:47,N,AAPL,313.45,3.0,313.51,2.0,2.0,0.0,2020-01-28 09:36:47.437191,313.42,313.48,0
2020-01-28 09:36:48,N,AAPL,313.42,18.0,313.48,1.0,17.0,0.0,2020-01-28 09:36:48.470639,313.41,313.43,0
2020-01-28 09:36:50,N,AAPL,313.41,1.0,313.43,2.0,-4.0,-1.0,2020-01-28 09:36:50.093605,313.39,313.4,-1
2020-01-28 09:36:51,N,AAPL,313.39,2.0,313.4,1.0,-4.0,-1.0,2020-01-28 09:36:51.080471,313.35,313.39,0
2020-01-28 09:36:57,N,AAPL,313.35,5.0,313.39,1.0,3.0,-4.0,2020-01-28 09:36:57.151661,313.32,313.36,0
2020-01-28 09:36:58,N,AAPL,313.32,1.0,313.36,1.0,-4.0,-1.0,2020-01-28 09:36:58.206300,313.41,313.45,1
2020-01-28 09:36:59,N,AAPL,313.41,4.0,313.45,1.0,3.0,0.0,2020-01-28 09:36:59.159680,313.41,313.49,0
2020-01-28 09:37:00,N,AAPL,313.41,2.0,313.49,3.0,-2.0,1.0,2020-01-28 09:37:00.118015,313.43,313.48,0
2020-01-28 09:37:01,N,AAPL,313.43,1.0,313.48,4.0,0.0,3.0,2020-01-28 09:37:01.571237,313.42,313.48,0
2020-01-28 09:37:02,N,AAPL,313.42,5.0,313.48,3.0,4.0,2.0,2020-01-28 09:37:02.698392,313.39,313.44,0
2020-01-28 09:37:03,N,AAPL,313.39,1.0,313.44,4.0,-4.0,1.0,2020-01-28 09:37:03.067936,313.39,313.45,0
2020-01-28 09:37:04,N,AAPL,313.39,1.0,313.45,2.0,0.0,1.0,2020-01-28 09:37:04.516408,313.41,313.45,0
2020-01-28 09:37:05,N,AAPL,313.41,4.0,313.45,1.0,3.0,-1.0,2020-01-28 09:37:05.102139,313.39,313.45,0
2020-01-28 09:37:06,N,AAPL,313.39,3.0,313.45,2.0,2.0,0.0,2020-01-28 09:37:06.318299,313.44,313.48,0
2020-01-28 09:37:07,N,AAPL,313.44,4.0,313.48,3.0,0.0,0.0,2020-01-28 09:37:07.041216,313.4,313.44,0
2020-01-28 09:37:08,N,AAPL,313.4,1.0,313.44,4.0,0.0,2.0,2020-01-28 09:37:08.689578,313.39,313.44,0
2020-01-28 09:37:09,N,AAPL,313.39,3.0,313.44,4.0,2.0,2.0,2020-01-28 09:37:09.234804,313.38,313.44,0
2020-01-28 09:37:10,N,AAPL,313.38,1.0,313.44,2.0,-6.0,0.0,2020-01-28 09:37:10.088435,313.4,313.43,0
2020-01-28 09:37:11,N,AAPL,313.4,1.0,313.43,1.0,-3.0,-1.0,2020-01-28 09:37:11.368219,313.39,313.45,0
2020-01-28 09:37:12,N,AAPL,313.39,2.0,313.45,3.0,0.0,0.0,2020-01-28 09:37:12.054446,313.37,313.43,0
2020-01-28 09:37:13,N,AAPL,313.37,2.0,313.43,1.0,1.0,0.0,2020-01-28 09:37:13.031363,313.38,313.43,0
2020-01-28 09:37:14,N,AAPL,313.38,1.0,313.43,1.0,0.0,-4.0,2020-01-28 09:37:14.277598,313.38,313.44,0
2020-01-28 09:37:15,N,AAPL,313.38,2.0,313.44,2.0,1.0,-1.0,2020-01-28 09:37:15.108441,313.36,313.41,0
2020-01-28 09:37:16,N,AAPL,313.36,2.0,313.41,1.0,-2.0,0.0,2020-01-28 09:37:16.010308,313.37,313.44,0
2020-01-28 09:37:17,N,AAPL,313.37,3.0,313.44,2.0,-1.0,0.0,2020-01-28 09:37:17.269830,313.37,313.44,0
2020-01-28 09:37:18,N,AAPL,313.37,2.0,313.44,4.0,-1.0,2.0,2020-01-28 09:37:18.102826,313.4,313.43,0
2020-01-28 09:37:20,N,AAPL,313.4,2.0,313.43,1.0,-1.0,-1.0,2020-01-28 09:37:20.403125,313.4,313.43,0
2020-01-28 09:37:21,N,AAPL,313.4,1.0,313.43,2.0,0.0,-2.0,2020-01-28 09:37:21.104947,313.37,313.44,0
2020-01-28 09:37:22,N,AAPL,313.37,2.0,313.44,1.0,0.0,-1.0,2020-01-28 09:37:22.529582,313.42,313.45,0
2020-01-28 09:37:23,N,AAPL,313.42,2.0,313.45,2.0,0.0,1.0,2020-01-28 09:37:23.108832,313.4,313.47,0
2020-01-28 09:37:24,N,AAPL,313.4,2.0,313.47,2.0,0.0,0.0,2020-01-28 09:37:24.561130,313.41,313.46,0
2020-01-28 09:37:25,N,AAPL,313.41,4.0,313.46,1.0,1.0,-1.0,2020-01-28 09:37:25.131026,313.44,313.45,0
2020-01-28 09:37:26,N,AAPL,313.44,2.0,313.45,2.0,0.0,-2.0,2020-01-28 09:37:26.710525,313.4,313.45,0
2020-01-28 09:37:27,N,AAPL,313.4,9.0,313.45,3.0,7.0,1.0,2020-01-28 09:37:27.401340,313.37,313.41,0
2020-01-28 09:37:28,N,AAPL,313.37,1.0,313.41,2.0,0.0,-2.0,2020-01-28 09:37:28.089312,313.35,313.38,0
2020-01-28 09:37:30,N,AAPL,313.35,5.0,313.38,4.0,-2.0,2.0,2020-01-28 09:37:30.118940,313.38,313.42,0
2020-01-28 09:37:31,N,AAPL,313.38,2.0,313.42,7.0,-5.0,-2.0,2020-01-28 09:37:31.764067,313.37,313.4,0
2020-01-28 09:37:33,N,AAPL,313.37,3.0,313.4,8.0,1.0,1.0,2020-01-28 09:37:33.633111,313.38,313.4,0
2020-01-28 09:37:34,N,AAPL,313.38,1.0,313.4,7.0,-2.0,-1.0,2020-01-28 09:37:34.650467,313.33,313.36,-1
2020-01-28 09:37:36,N,AAPL,313.33,2.0,313.36,1.0,-3.0,-6.0,2020-01-28 09:37:36.324190,313.33,313.37,0
2020-01-28 09:37:38,N,AAPL,313.33,2.0,313.37,9.0,-3.0,7.0,2020-01-28 09:37:38.938830,313.3,313.34,0
2020-01-28 09:37:41,N,AAPL,313.3,3.0,313.34,2.0,1.0,-7.0,2020-01-28 09:37:41.385806,313.25,313.3,0
2020-01-28 09:37:42,N,AAPL,313.25,2.0,313.3,1.0,0.0,0.0,2020-01-28 09:37:42.121382,313.3,313.34,0
2020-01-28 09:37:45,N,AAPL,313.3,4.0,313.34,1.0,2.0,0.0,2020-01-28 09:37:45.320600,313.28,313.31,0
2020-01-28 09:37:47,N,AAPL,313.28,4.0,313.31,4.0,2.0,-4.0,2020-01-28 09:37:47.469298,313.26,313.31,0
2020-01-28 09:37:48,N,AAPL,313.26,2.0,313.31,5.0,0.0,3.0,2020-01-28 09:37:48.236396,313.28,313.32,0
2020-01-28 09:37:50,N,AAPL,313.28,1.0,313.32,1.0,-1.0,0.0,2020-01-28 09:37:50.631001,313.28,313.32,0
2020-01-28 09:37:51,N,AAPL,313.28,3.0,313.32,1.0,2.0,0.0,2020-01-28 09:37:51.625619,313.33,313.37,1
2020-01-28 09:37:52,N,AAPL,313.33,4.0,313.37,9.0,2.0,8.0,2020-01-28 09:37:52.101753,313.37,313.44,0
2020-01-28 09:37:53,N,AAPL,313.37,2.0,313.44,3.0,0.0,-4.0,2020-01-28 09:37:53.667542,313.39,313.44,0
2020-01-28 09:37:54,N,AAPL,313.39,1.0,313.44,1.0,0.0,-1.0,2020-01-28 09:37:54.096698,313.33,313.38,-1
2020-01-28 09:37:55,N,AAPL,313.33,3.0,313.38,2.0,-1.0,-2.0,2020-01-28 09:37:55.035465,313.33,313.38,0
2020-01-28 09:37:56,N,AAPL,313.33,2.0,313.38,4.0,1.0,1.0,2020-01-28 09:37:56.494522,313.38,313.42,0
2020-01-28 09:37:57,N,AAPL,313.38,1.0,313.42,4.0,0.0,1.0,2020-01-28 09:37:57.307956,313.39,313.43,0
2020-01-28 09:37:58,N,AAPL,313.39,1.0,313.43,2.0,0.0,0.0,2020-01-28 09:37:58.009461,313.37,313.42,0
2020-01-28 09:37:59,N,AAPL,313.37,2.0,313.42,4.0,1.0,2.0,2020-01-28 09:37:59.009102,313.36,313.43,0
2020-01-28 09:38:00,N,AAPL,313.36,4.0,313.43,12.0,3.0,9.0,2020-01-28 09:38:00.009870,313.29,313.34,-1
2020-01-28 09:38:02,N,AAPL,313.29,3.0,313.34,4.0,1.0,2.0,2020-01-28 09:38:02.091504,313.27,313.34,0
2020-01-28 09:38:03,N,AAPL,313.27,3.0,313.34,2.0,-1.0,0.0,2020-01-28 09:38:03.063184,313.3,313.36,0
2020-01-28 09:38:04,N,AAPL,313.3,4.0,313.36,2.0,1.0,0.0,2020-01-28 09:38:04.522487,313.27,313.33,0
2020-01-28 09:38:05,N,AAPL,313.27,1.0,313.33,2.0,-1.0,-2.0,2020-01-28 09:38:05.004715,313.28,313.35,0
2020-01-28 09:38:06,N,AAPL,313.28,2.0,313.35,2.0,0.0,0.0,2020-01-28 09:38:06.006406,313.27,313.34,0
2020-01-28 09:38:07,N,AAPL,313.27,2.0,313.34,3.0,1.0,1.0,2020-01-28 09:38:07.284979,313.3,313.35,0
2020-01-28 09:38:08,N,AAPL,313.3,4.0,313.35,3.0,3.0,0.0,2020-01-28 09:38:08.720963,313.27,313.32,0
2020-01-28 09:38:09,N,AAPL,313.27,2.0,313.32,3.0,1.0,0.0,2020-01-28 09:38:09.150162,313.34,313.38,1
2020-01-28 09:38:10,N,AAPL,313.34,4.0,313.38,9.0,0.0,7.0,2020-01-28 09:38:10.698855,313.35,313.38,0
2020-01-28 09:38:11,N,AAPL,313.35,4.0,313.38,1.0,2.0,-8.0,2020-01-28 09:38:11.809031,313.34,313.38,0
2020-01-28 09:38:12,N,AAPL,313.34,1.0,313.38,1.0,-1.0,0.0,2020-01-28 09:38:12.229398,313.34,313.39,0
2020-01-28 09:38:13,N,AAPL,313.34,2.0,313.39,4.0,0.0,3.0,2020-01-28 09:38:13.077711,313.35,313.39,0
2020-01-28 09:38:14,N,AAPL,313.35,4.0,313.39,1.0,2.0,0.0,2020-01-28 09:38:14.392174,313.34,313.36,0
2020-01-28 09:38:17,N,AAPL,313.34,3.0,313.36,4.0,1.0,3.0,2020-01-28 09:38:17.231642,313.27,313.3,-1
2020-01-28 09:38:18,N,AAPL,313.27,1.0,313.3,2.0,0.0,0.0,2020-01-28 09:38:18.410195,313.24,313.26,-1
2020-01-28 09:38:19,N,AAPL,313.24,1.0,313.26,4.0,-1.0,2.0,2020-01-28 09:38:19.170074,313.23,313.29,0
2020-01-28 09:38:20,N,AAPL,313.23,5.0,313.29,2.0,4.0,0.0,2020-01-28 09:38:20.438638,313.23,313.3,0
2020-01-28 09:38:21,N,AAPL,313.23,5.0,313.3,1.0,0.0,-1.0,2020-01-28 09:38:21.047667,313.25,313.3,0
2020-01-28 09:38:22,N,AAPL,313.25,2.0,313.3,1.0,-3.0,0.0,2020-01-28 09:38:22.289811,313.31,313.34,1
2020-01-28 09:38:25,N,AAPL,313.31,2.0,313.34,1.0,1.0,-1.0,2020-01-28 09:38:25.027578,313.24,313.28,-1
2020-01-28 09:38:26,N,AAPL,313.24,2.0,313.28,4.0,1.0,3.0,2020-01-28 09:38:26.107574,313.23,313.3,0
2020-01-28 09:38:27,N,AAPL,313.23,5.0,313.3,4.0,0.0,2.0,2020-01-28 09:38:27.027421,313.21,313.24,0
2020-01-28 09:38:28,N,AAPL,313.21,3.0,313.24,4.0,-2.0,0.0,2020-01-28 09:38:28.286742,313.15,313.2,-1
2020-01-28 09:38:29,N,AAPL,313.15,1.0,313.2,3.0,0.0,2.0,2020-01-28 09:38:29.397938,313.14,313.19,0
2020-01-28 09:38:30,N,AAPL,313.14,2.0,313.19,2.0,1.0,0.0,2020-01-28 09:38:30.070075,313.13,313.18,0
2020-01-28 09:38:31,N,AAPL,313.13,1.0,313.18,1.0,0.0,-2.0,2020-01-28 09:38:31.342795,313.13,313.18,0
2020-01-28 09:38:32,N,AAPL,313.13,2.0,313.18,1.0,1.0,-1.0,2020-01-28 09:38:32.056480,313.17,313.2,0
2020-01-28 09:38:33,N,AAPL,313.17,2.0,313.2,3.0,0.0,1.0,2020-01-28 09:38:33.632402,313.16,313.22,0
2020-01-28 09:38:34,N,AAPL,313.16,2.0,313.22,4.0,0.0,2.0,2020-01-28 09:38:34.002493,313.17,313.2,0
2020-01-28 09:38:35,N,AAPL,313.17,2.0,313.2,2.0,0.0,1.0,2020-01-28 09:38:35.532455,313.11,313.16,-1
2020-01-28 09:38:36,N,AAPL,313.11,3.0,313.16,2.0,1.0,0.0,2020-01-28 09:38:36.350552,313.11,313.13,0
2020-01-28 09:38:37,N,AAPL,313.11,3.0,313.13,1.0,0.0,-1.0,2020-01-28 09:38:37.585789,313.04,313.09,-1
2020-01-28 09:38:38,N,AAPL,313.04,1.0,313.09,2.0,0.0,0.0,2020-01-28 09:38:38.046652,313.01,313.04,0
2020-01-28 09:38:40,N,AAPL,313.01,2.0,313.04,2.0,1.0,1.0,2020-01-28 09:38:40.430747,313.02,313.03,0
2020-01-28 09:38:43,N,AAPL,313.02,1.0,313.03,2.0,-1.0,0.0,2020-01-28 09:38:43.715986,313.02,313.06,0
2020-01-28 09:38:44,N,AAPL,313.02,2.0,313.06,2.0,-2.0,0.0,2020-01-28 09:38:44.126321,313.03,313.07,0
2020-01-28 09:38:45,N,AAPL,313.03,2.0,313.07,4.0,0.0,3.0,2020-01-28 09:38:45.042208,313.02,313.06,0
2020-01-28 09:38:46,N,AAPL,313.02,4.0,313.06,1.0,3.0,0.0,2020-01-28 09:38:46.030285,313.02,313.04,0
2020-01-28 09:38:48,N,AAPL,313.02,1.0,313.04,1.0,0.0,0.0,2020-01-28 09:38:48.471263,313.01,313.05,0
2020-01-28 09:38:49,N,AAPL,313.01,2.0,313.05,3.0,1.0,2.0,2020-01-28 09:38:49.526955,313.01,313.05,0
2020-01-28 09:38:50,N,AAPL,313.01,4.0,313.05,2.0,3.0,-2.0,2020-01-28 09:38:50.000104,313.04,313.09,0
2020-01-28 09:38:51,N,AAPL,313.04,2.0,313.09,2.0,0.0,-5.0,2020-01-28 09:38:51.446274,313.02,313.05,0
2020-01-28 09:38:52,N,AAPL,313.02,1.0,313.05,2.0,-1.0,1.0,2020-01-28 09:38:52.054371,312.88,312.93,-1
2020-01-28 09:38:53,N,AAPL,312.88,2.0,312.93,2.0,0.0,-1.0,2020-01-28 09:38:53.140713,312.91,312.98,0
2020-01-28 09:38:54,N,AAPL,312.91,1.0,312.98,4.0,0.0,2.0,2020-01-28 09:38:54.026372,312.94,312.98,0
2020-01-28 09:38:55,N,AAPL,312.94,2.0,312.98,1.0,0.0,-1.0,2020-01-28 09:38:55.195964,312.95,312.98,0
2020-01-28 09:38:56,N,AAPL,312.95,2.0,312.98,2.0,0.0,-1.0,2020-01-28 09:38:56.496017,312.93,312.98,0
2020-01-28 09:38:57,N,AAPL,312.93,2.0,312.98,2.0,-1.0,-1.0,2020-01-28 09:38:57.624827,312.96,313.01,0
2020-01-28 09:38:58,N,AAPL,312.96,2.0,313.01,6.0,-1.0,5.0,2020-01-28 09:38:58.167222,312.91,312.96,0
2020-01-28 09:38:59,N,AAPL,312.91,5.0,312.96,4.0,0.0,2.0,2020-01-28 09:38:59.043409,312.91,312.96,0
2020-01-28 09:39:00,N,AAPL,312.91,5.0,312.96,2.0,0.0,0.0,2020-01-28 09:39:00.324433,312.91,312.95,0
2020-01-28 09:39:01,N,AAPL,312.91,7.0,312.95,4.0,0.0,2.0,2020-01-28 09:39:01.954742,312.92,312.95,0
2020-01-28 09:39:02,N,AAPL,312.92,2.0,312.95,4.0,-5.0,0.0,2020-01-28 09:39:02.998800,312.92,312.95,0
2020-01-28 09:39:03,N,AAPL,312.92,4.0,312.95,1.0,-3.0,-3.0,2020-01-28 09:39:03.333092,312.96,312.99,1
2020-01-28 09:39:04,N,AAPL,312.96,2.0,312.99,1.0,0.0,0.0,2020-01-28 09:39:04.036854,312.98,312.99,0
2020-01-28 09:39:05,N,AAPL,312.98,1.0,312.99,1.0,-1.0,0.0,2020-01-28 09:39:05.464349,313.08,313.12,1
2020-01-28 09:39:06,N,AAPL,313.08,2.0,313.12,2.0,0.0,1.0,2020-01-28 09:39:06.204854,313.12,313.17,0
2020-01-28 09:39:07,N,AAPL,313.12,2.0,313.17,4.0,1.0,0.0,2020-01-28 09:39:07.027306,313.08,313.13,0
2020-01-28 09:39:08,N,AAPL,313.08,2.0,313.13,3.0,0.0,1.0,2020-01-28 09:39:08.071026,313.09,313.14,0
2020-01-28 09:39:09,N,AAPL,313.09,4.0,313.14,1.0,2.0,-1.0,2020-01-28 09:39:09.044987,313.1,313.16,0
2020-01-28 09:39:10,N,AAPL,313.1,2.0,313.16,2.0,-1.0,0.0,2020-01-28 09:39:10.315340,313.12,313.18,0
2020-01-28 09:39:12,N,AAPL,313.12,1.0,313.18,4.0,-1.0,2.0,2020-01-28 09:39:12.463932,313.11,313.16,0
2020-01-28 09:39:13,N,AAPL,313.11,2.0,313.16,1.0,-2.0,0.0,2020-01-28 09:39:13.185348,313.04,313.1,-1
2020-01-28 09:39:14,N,AAPL,313.04,4.0,313.1,1.0,0.0,-1.0,2020-01-28 09:39:14.012368,313.04,313.09,0
2020-01-28 09:39:15,N,AAPL,313.04,1.0,313.09,2.0,0.0,-2.0,2020-01-28 09:39:15.178292,313.04,313.06,0
2020-01-28 09:39:16,N,AAPL,313.04,1.0,313.06,2.0,0.0,0.0,2020-01-28 09:39:16.241593,313.03,313.07,0
2020-01-28 09:39:17,N,AAPL,313.03,3.0,313.07,2.0,-47.0,-2.0,2020-01-28 09:39:17.288040,313.06,313.11,0
2020-01-28 09:39:18,N,AAPL,313.06,2.0,313.11,2.0,0.0,0.0,2020-01-28 09:39:18.031524,313.06,313.1,0
2020-01-28 09:39:19,N,AAPL,313.06,2.0,313.1,1.0,0.0,0.0,2020-01-28 09:39:19.327474,313.13,313.17,1
2020-01-28 09:39:20,N,AAPL,313.13,4.0,313.17,2.0,2.0,1.0,2020-01-28 09:39:20.070194,313.14,313.18,0
2020-01-28 09:39:21,N,AAPL,313.14,2.0,313.18,1.0,0.0,0.0,2020-01-28 09:39:21.393428,313.12,313.17,0
2020-01-28 09:39:22,N,AAPL,313.12,2.0,313.17,2.0,0.0,1.0,2020-01-28 09:39:22.360873,313.11,313.16,0
2020-01-28 09:39:23,N,AAPL,313.11,4.0,313.16,1.0,2.0,-1.0,2020-01-28 09:39:23.518249,313.11,313.15,0
2020-01-28 09:39:24,N,AAPL,313.11,4.0,313.15,2.0,0.0,1.0,2020-01-28 09:39:24.529257,313.04,313.11,0
2020-01-28 09:39:25,N,AAPL,313.04,3.0,313.11,2.0,-2.0,-2.0,2020-01-28 09:39:25.272826,313.04,313.1,0
2020-01-28 09:39:26,N,AAPL,313.04,3.0,313.1,4.0,2.0,2.0,2020-01-28 09:39:26.217889,313.1,313.15,0
2020-01-28 09:39:27,N,AAPL,313.1,4.0,313.15,2.0,1.0,1.0,2020-01-28 09:39:27.650622,313.07,313.12,0
2020-01-28 09:39:28,N,AAPL,313.07,4.0,313.12,2.0,2.0,0.0,2020-01-28 09:39:28.155717,313.07,313.14,0
2020-01-28 09:39:29,N,AAPL,313.07,5.0,313.14,2.0,3.0,0.0,2020-01-28 09:39:29.096566,313.12,313.13,0
2020-01-28 09:39:30,N,AAPL,313.12,1.0,313.13,1.0,-1.0,0.0,2020-01-28 09:39:30.131170,313.12,313.15,0
2020-01-28 09:39:31,N,AAPL,313.12,1.0,313.15,2.0,0.0,1.0,2020-01-28 09:39:31.010170,313.12,313.15,0
2020-01-28 09:39:32,N,AAPL,313.12,1.0,313.15,4.0,-2.0,2.0,2020-01-28 09:39:32.110300,313.12,313.18,0
2020-01-28 09:39:33,N,AAPL,313.12,1.0,313.18,2.0,0.0,0.0,2020-01-28 09:39:33.619901,313.03,313.07,-1
2020-01-28 09:39:34,N,AAPL,313.03,2.0,313.07,4.0,1.0,3.0,2020-01-28 09:39:34.703670,313.03,313.08,0
2020-01-28 09:39:35,N,AAPL,313.03,1.0,313.08,1.0,-1.0,0.0,2020-01-28 09:39:35.189459,313.08,313.12,0
2020-01-28 09:39:36,N,AAPL,313.08,1.0,313.12,1.0,0.0,-1.0,2020-01-28 09:39:36.171580,313.16,313.2,1
2020-01-28 09:39:37,N,AAPL,313.16,3.0,313.2,6.0,1.0,5.0,2020-01-28 09:39:37.286015,313.21,313.22,1
2020-01-28 09:39:38,N,AAPL,313.21,1.0,313.22,2.0,0.0,0.0,2020-01-28 09:39:38.313096,313.18,313.22,0
2020-01-28 09:39:39,N,AAPL,313.18,4.0,313.22,2.0,3.0,1.0,2020-01-28 09:39:39.312628,313.2,313.24,0
2020-01-28 09:39:40,N,AAPL,313.2,1.0,313.24,2.0,-3.0,0.0,2020-01-28 09:39:40.057101,313.14,313.18,-1
2020-01-28 09:39:41,N,AAPL,313.14,2.0,313.18,2.0,0.0,1.0,2020-01-28 09:39:41.028053,313.04,313.09,-1
2020-01-28 09:39:42,N,AAPL,313.04,2.0,313.09,1.0,0.0,-5.0,2020-01-28 09:39:42.300710,313.07,313.09,0
2020-01-28 09:39:43,N,AAPL,313.07,1.0,313.09,1.0,-1.0,0.0,2020-01-28 09:39:43.278209,313.09,313.14,0
2020-01-28 09:39:44,N,AAPL,313.09,2.0,313.14,1.0,0.0,-1.0,2020-01-28 09:39:44.105002,313.11,313.18,0
2020-01-28 09:39:45,N,AAPL,313.11,1.0,313.18,2.0,-1.0,1.0,2020-01-28 09:39:45.849591,313.12,313.18,0
2020-01-28 09:39:46,N,AAPL,313.12,4.0,313.18,1.0,0.0,0.0,2020-01-28 09:39:46.000035,313.17,313.22,0
2020-01-28 09:39:47,N,AAPL,313.17,2.0,313.22,4.0,1.0,3.0,2020-01-28 09:39:47.001379,313.17,313.21,0
2020-01-28 09:39:48,N,AAPL,313.17,1.0,313.21,5.0,-1.0,4.0,2020-01-28 09:39:48.128581,313.1,313.16,-1
2020-01-28 09:39:49,N,AAPL,313.1,4.0,313.16,2.0,3.0,-1.0,2020-01-28 09:39:49.006404,313.09,313.14,0
2020-01-28 09:39:50,N,AAPL,313.09,1.0,313.14,4.0,-1.0,3.0,2020-01-28 09:39:50.031760,313.1,313.14,0
2020-01-28 09:39:51,N,AAPL,313.1,2.0,313.14,1.0,0.0,0.0,2020-01-28 09:39:51.317486,313.1,313.16,0
2020-01-28 09:39:52,N,AAPL,313.1,2.0,313.16,4.0,1.0,0.0,2020-01-28 09:39:52.634064,313.1,313.17,0
2020-01-28 09:39:53,N,AAPL,313.1,5.0,313.17,2.0,4.0,0.0,2020-01-28 09:39:53.157837,313.16,313.19,0
2020-01-28 09:39:54,N,AAPL,313.16,1.0,313.19,4.0,-1.0,2.0,2020-01-28 09:39:54.150199,313.14,313.18,0
2020-01-28 09:39:55,N,AAPL,313.14,4.0,313.18,1.0,2.0,-1.0,2020-01-28 09:39:55.509592,313.16,313.19,0
2020-01-28 09:39:56,N,AAPL,313.16,1.0,313.19,1.0,-1.0,0.0,2020-01-28 09:39:56.009685,313.21,313.24,1
2020-01-28 09:39:58,N,AAPL,313.21,3.0,313.24,3.0,2.0,-1.0,2020-01-28 09:39:58.919735,313.21,313.24,0
2020-01-28 09:39:59,N,AAPL,313.21,3.0,313.24,3.0,0.0,0.0,2020-01-28 09:39:59.275931,313.21,313.24,0
2020-01-28 09:40:00,N,AAPL,313.21,2.0,313.24,2.0,0.0,0.0,2020-01-28 09:40:00.091984,313.21,313.26,0
2020-01-28 09:40:01,N,AAPL,313.21,2.0,313.26,1.0,-3.0,-1.0,2020-01-28 09:40:01.414467,313.2,313.26,0
2020-01-28 09:40:02,N,AAPL,313.2,2.0,313.26,1.0,0.0,0.0,2020-01-28 09:40:02.594213,313.17,313.21,0
2020-01-28 09:40:03,N,AAPL,313.17,1.0,313.21,2.0,0.0,0.0,2020-01-28 09:40:03.064390,313.14,313.18,0
2020-01-28 09:40:04,N,AAPL,313.14,2.0,313.18,2.0,1.0,1.0,2020-01-28 09:40:04.272026,313.09,313.12,-1
2020-01-28 09:40:05,N,AAPL,313.09,4.0,313.12,4.0,3.0,0.0,2020-01-28 09:40:05.067358,313.08,313.1,0
2020-01-28 09:40:06,N,AAPL,313.08,2.0,313.1,4.0,-2.0,2.0,2020-01-28 09:40:06.777382,313.13,313.17,1
2020-01-28 09:40:08,N,AAPL,313.13,4.0,313.17,2.0,0.0,-2.0,2020-01-28 09:40:08.262908,313.1,313.16,0
2020-01-28 09:40:09,N,AAPL,313.1,4.0,313.16,1.0,3.0,0.0,2020-01-28 09:40:09.161458,313.08,313.13,0
2020-01-28 09:40:10,N,AAPL,313.08,2.0,313.13,1.0,0.0,-1.0,2020-01-28 09:40:10.158500,313.06,313.09,0
2020-01-28 09:40:11,N,AAPL,313.06,1.0,313.09,4.0,-1.0,3.0,2020-01-28 09:40:11.558954,313.08,313.13,0
2020-01-28 09:40:12,N,AAPL,313.08,2.0,313.13,2.0,1.0,0.0,2020-01-28 09:40:12.116059,313.0,313.04,-1
2020-01-28 09:40:13,N,AAPL,313.0,1.0,313.04,2.0,0.0,0.0,2020-01-28 09:40:13.068508,312.9,312.94,-1
2020-01-28 09:40:14,N,AAPL,312.9,1.0,312.94,2.0,-4.0,0.0,2020-01-28 09:40:14.082720,312.89,312.94,0
2020-01-28 09:40:15,N,AAPL,312.89,2.0,312.94,4.0,1.0,2.0,2020-01-28 09:40:15.006876,312.98,313.01,1
2020-01-28 09:40:16,N,AAPL,312.98,1.0,313.01,1.0,0.0,-5.0,2020-01-28 09:40:16.071336,312.97,313.02,0
2020-01-28 09:40:17,N,AAPL,312.97,2.0,313.02,2.0,0.0,1.0,2020-01-28 09:40:17.012295,313.01,313.06,0
2020-01-28 09:40:18,N,AAPL,313.01,2.0,313.06,2.0,-2.0,0.0,2020-01-28 09:40:18.000400,312.97,313.0,-1
2020-01-28 09:40:19,N,AAPL,312.97,2.0,313.0,4.0,1.0,2.0,2020-01-28 09:40:19.005257,312.92,312.98,0
2020-01-28 09:40:20,N,AAPL,312.92,3.0,312.98,2.0,1.0,-4.0,2020-01-28 09:40:20.444860,313.0,313.07,1
2020-01-28 09:40:23,N,AAPL,313.0,2.0,313.07,2.0,-2.0,0.0,2020-01-28 09:40:23.169061,313.07,313.1,0
2020-01-28 09:40:24,N,AAPL,313.07,2.0,313.1,1.0,1.0,-1.0,2020-01-28 09:40:24.176973,313.12,313.15,1
2020-01-28 09:40:25,N,AAPL,313.12,2.0,313.15,2.0,0.0,-2.0,2020-01-28 09:40:25.181907,313.09,313.14,0
2020-01-28 09:40:26,N,AAPL,313.09,2.0,313.14,2.0,0.0,-2.0,2020-01-28 09:40:26.032754,313.07,313.09,0
2020-01-28 09:40:27,N,AAPL,313.07,1.0,313.09,1.0,0.0,-1.0,2020-01-28 09:40:27.239111,313.05,313.08,0
2020-01-28 09:40:28,N,AAPL,313.05,2.0,313.08,1.0,0.0,-1.0,2020-01-28 09:40:28.736086,313.05,313.09,0
2020-01-28 09:40:29,N,AAPL,313.05,1.0,313.09,2.0,0.0,0.0,2020-01-28 09:40:29.082312,313.04,313.11,0
2020-01-28 09:40:30,N,AAPL,313.04,4.0,313.11,4.0,2.0,3.0,2020-01-28 09:40:30.355530,313.06,313.12,0
2020-01-28 09:40:31,N,AAPL,313.06,2.0,313.12,1.0,-2.0,-3.0,2020-01-28 09:40:31.701734,313.04,313.11,0
2020-01-28 09:40:32,N,AAPL,313.04,2.0,313.11,2.0,0.0,1.0,2020-01-28 09:40:32.104196,313.04,313.09,0
2020-01-28 09:40:33,N,AAPL,313.04,2.0,313.09,1.0,0.0,0.0,2020-01-28 09:40:33.534591,313.04,313.09,0
2020-01-28 09:40:34,N,AAPL,313.04,2.0,313.09,1.0,0.0,0.0,2020-01-28 09:40:34.060026,313.06,313.1,0
2020-01-28 09:40:35,N,AAPL,313.06,4.0,313.1,1.0,2.0,0.0,2020-01-28 09:40:35.702315,313.1,313.13,0
2020-01-28 09:40:36,N,AAPL,313.1,1.0,313.13,4.0,-3.0,3.0,2020-01-28 09:40:36.324641,313.14,313.16,1
2020-01-28 09:40:37,N,AAPL,313.14,3.0,313.16,2.0,1.0,1.0,2020-01-28 09:40:37.625983,313.1,313.15,0
2020-01-28 09:40:38,N,AAPL,313.1,2.0,313.15,2.0,-1.0,0.0,2020-01-28 09:40:38.038096,313.1,313.13,0
2020-01-28 09:40:39,N,AAPL,313.1,4.0,313.13,1.0,2.0,-3.0,2020-01-28 09:40:39.921337,313.1,313.15,0
2020-01-28 09:40:40,N,AAPL,313.1,2.0,313.15,2.0,0.0,1.0,2020-01-28 09:40:40.063293,313.1,313.14,0
2020-01-28 09:40:41,N,AAPL,313.1,1.0,313.14,2.0,-1.0,0.0,2020-01-28 09:40:41.007805,313.11,313.15,0
2020-01-28 09:40:42,N,AAPL,313.11,4.0,313.15,1.0,0.0,-1.0,2020-01-28 09:40:42.026905,313.19,313.2,1
2020-01-28 09:40:43,N,AAPL,313.19,1.0,313.2,5.0,-2.0,0.0,2020-01-28 09:40:43.101477,313.2,313.24,0
2020-01-28 09:40:45,N,AAPL,313.2,3.0,313.24,2.0,0.0,1.0,2020-01-28 09:40:45.381895,313.24,313.29,0
2020-01-28 09:40:46,N,AAPL,313.24,2.0,313.29,2.0,-2.0,0.0,2020-01-28 09:40:46.384482,313.22,313.25,0
2020-01-28 09:40:47,N,AAPL,313.22,2.0,313.25,2.0,-2.0,0.0,2020-01-28 09:40:47.547431,313.22,313.27,0
2020-01-28 09:40:48,N,AAPL,313.22,1.0,313.27,2.0,0.0,0.0,2020-01-28 09:40:48.680121,313.22,313.27,0
2020-01-28 09:40:49,N,AAPL,313.22,5.0,313.27,4.0,4.0,2.0,2020-01-28 09:40:49.023766,313.22,313.27,0
2020-01-28 09:40:50,N,AAPL,313.22,2.0,313.27,1.0,-3.0,-3.0,2020-01-28 09:40:50.310934,313.22,313.25,0
2020-01-28 09:40:51,N,AAPL,313.22,2.0,313.25,1.0,0.0,0.0,2020-01-28 09:40:51.430518,313.17,313.22,0
2020-01-28 09:40:52,N,AAPL,313.17,2.0,313.22,2.0,-1.0,0.0,2020-01-28 09:40:52.948280,313.16,313.2,0
2020-01-28 09:40:53,N,AAPL,313.16,1.0,313.2,2.0,-1.0,0.0,2020-01-28 09:40:53.494134,313.1,313.17,0
2020-01-28 09:40:54,N,AAPL,313.1,4.0,313.17,2.0,3.0,0.0,2020-01-28 09:40:54.648636,313.12,313.15,0
2020-01-28 09:40:55,N,AAPL,313.12,1.0,313.15,2.0,-3.0,0.0,2020-01-28 09:40:55.287575,313.14,313.18,0
2020-01-28 09:40:56,N,AAPL,313.14,1.0,313.18,2.0,0.0,0.0,2020-01-28 09:40:56.056298,313.13,313.18,0
2020-01-28 09:40:57,N,AAPL,313.13,3.0,313.18,2.0,1.0,0.0,2020-01-28 09:40:57.890903,313.17,313.21,0
2020-01-28 09:40:58,N,AAPL,313.17,2.0,313.21,2.0,-1.0,0.0,2020-01-28 09:40:58.616854,313.17,313.22,0
2020-01-28 09:40:59,N,AAPL,313.17,2.0,313.22,2.0,0.0,0.0,2020-01-28 09:40:59.063191,313.2,313.23,0
2020-01-28 09:41:00,N,AAPL,313.2,1.0,313.23,1.0,-3.0,-3.0,2020-01-28 09:41:00.004989,313.17,313.22,0
2020-01-28 09:41:01,N,AAPL,313.17,1.0,313.22,2.0,0.0,1.0,2020-01-28 09:41:01.022227,313.2,313.24,0
2020-01-28 09:41:02,N,AAPL,313.2,1.0,313.24,4.0,0.0,3.0,2020-01-28 09:41:02.105878,313.2,313.25,0
2020-01-28 09:41:03,N,AAPL,313.2,1.0,313.25,2.0,-1.0,1.0,2020-01-28 09:41:03.859976,313.24,313.26,0
2020-01-28 09:41:04,N,AAPL,313.24,5.0,313.26,2.0,4.0,0.0,2020-01-28 09:41:04.565724,313.28,313.29,1
2020-01-28 09:41:05,N,AAPL,313.28,3.0,313.29,1.0,-5.0,-1.0,2020-01-28 09:41:05.011918,313.18,313.24,-1
2020-01-28 09:41:06,N,AAPL,313.18,4.0,313.24,1.0,3.0,-4.0,2020-01-28 09:41:06.577408,313.14,313.16,-1
2020-01-28 09:41:08,N,AAPL,313.14,3.0,313.16,2.0,1.0,1.0,2020-01-28 09:41:08.594036,313.17,313.23,1
2020-01-28 09:41:09,N,AAPL,313.17,4.0,313.23,2.0,-1.0,0.0,2020-01-28 09:41:09.115587,313.18,313.23,0
2020-01-28 09:41:11,N,AAPL,313.18,4.0,313.23,2.0,0.0,0.0,2020-01-28 09:41:11.868873,313.23,313.25,0
2020-01-28 09:41:13,N,AAPL,313.23,1.0,313.25,4.0,-1.0,0.0,2020-01-28 09:41:13.015339,313.2,313.24,0
2020-01-28 09:41:14,N,AAPL,313.2,2.0,313.24,1.0,0.0,-3.0,2020-01-28 09:41:14.205344,313.05,313.08,-1
2020-01-28 09:41:15,N,AAPL,313.05,4.0,313.08,3.0,3.0,1.0,2020-01-28 09:41:15.013920,313.1,313.11,1
2020-01-28 09:41:16,N,AAPL,313.1,2.0,313.11,2.0,1.0,1.0,2020-01-28 09:41:16.236243,313.12,313.16,1
2020-01-28 09:41:20,N,AAPL,313.12,3.0,313.16,3.0,1.0,1.0,2020-01-28 09:41:20.185793,313.06,313.11,-1
2020-01-28 09:41:21,N,AAPL,313.06,4.0,313.11,1.0,3.0,-4.0,2020-01-28 09:41:21.244317,313.08,313.13,0
2020-01-28 09:41:22,N,AAPL,313.08,2.0,313.13,1.0,-1.0,-2.0,2020-01-28 09:41:22.033792,313.06,313.11,0
2020-01-28 09:41:23,N,AAPL,313.06,1.0,313.11,1.0,-1.0,0.0,2020-01-28 09:41:23.527917,313.13,313.18,1
2020-01-28 09:41:24,N,AAPL,313.13,3.0,313.18,2.0,2.0,1.0,2020-01-28 09:41:24.394239,313.18,313.22,0
2020-01-28 09:41:25,N,AAPL,313.18,1.0,313.22,2.0,-2.0,0.0,2020-01-28 09:41:25.242477,313.13,313.18,0
2020-01-28 09:41:26,N,AAPL,313.13,2.0,313.18,4.0,0.0,3.0,2020-01-28 09:41:26.045768,313.13,313.15,0
2020-01-28 09:41:28,N,AAPL,313.13,1.0,313.15,1.0,-1.0,0.0,2020-01-28 09:41:28.261843,313.23,313.28,1
2020-01-28 09:41:30,N,AAPL,313.23,2.0,313.28,4.0,-4.0,-3.0,2020-01-28 09:41:30.008125,313.23,313.26,0
2020-01-28 09:41:32,N,AAPL,313.23,3.0,313.26,4.0,1.0,0.0,2020-01-28 09:41:32.871027,313.23,313.27,0
2020-01-28 09:41:33,N,AAPL,313.23,1.0,313.27,2.0,-1.0,-2.0,2020-01-28 09:41:33.272471,313.26,313.28,0
2020-01-28 09:41:34,N,AAPL,313.26,1.0,313.28,3.0,-2.0,1.0,2020-01-28 09:41:34.599916,313.22,313.23,-1
2020-01-28 09:41:37,N,AAPL,313.22,3.0,313.23,8.0,2.0,5.0,2020-01-28 09:41:37.053363,313.13,313.17,-1
2020-01-28 09:41:38,N,AAPL,313.13,1.0,313.17,4.0,0.0,3.0,2020-01-28 09:41:38.365746,313.18,313.23,1
2020-01-28 09:41:39,N,AAPL,313.18,3.0,313.23,2.0,2.0,-2.0,2020-01-28 09:41:39.261157,313.2,313.24,0
2020-01-28 09:41:40,N,AAPL,313.2,1.0,313.24,2.0,-2.0,1.0,2020-01-28 09:41:40.382648,313.21,313.25,0
2020-01-28 09:41:42,N,AAPL,313.21,1.0,313.25,4.0,-1.0,2.0,2020-01-28 09:41:42.303488,313.2,313.22,0
2020-01-28 09:41:43,N,AAPL,313.2,1.0,313.22,4.0,0.0,1.0,2020-01-28 09:41:43.310383,313.2,313.24,0
2020-01-28 09:41:44,N,AAPL,313.2,1.0,313.24,2.0,-1.0,0.0,2020-01-28 09:41:44.020594,313.17,313.18,-1
2020-01-28 09:41:45,N,AAPL,313.17,3.0,313.18,1.0,0.0,-1.0,2020-01-28 09:41:45.535764,313.12,313.16,-1
2020-01-28 09:41:46,N,AAPL,313.12,5.0,313.16,3.0,2.0,1.0,2020-01-28 09:41:46.244292,313.1,313.12,0
2020-01-28 09:41:47,N,AAPL,313.1,1.0,313.12,4.0,-2.0,3.0,2020-01-28 09:41:47.255270,313.08,313.1,0
2020-01-28 09:41:48,N,AAPL,313.08,1.0,313.1,2.0,-2.0,1.0,2020-01-28 09:41:48.753093,313.06,313.09,0
2020-01-28 09:41:49,N,AAPL,313.06,6.0,313.09,1.0,5.0,-1.0,2020-01-28 09:41:49.143595,313.03,313.07,0
2020-01-28 09:41:50,N,AAPL,313.03,2.0,313.07,1.0,-4.0,0.0,2020-01-28 09:41:50.968118,313.02,313.06,0
2020-01-28 09:41:52,N,AAPL,313.02,1.0,313.06,2.0,-1.0,1.0,2020-01-28 09:41:52.144447,312.96,313.0,-1
2020-01-28 09:41:53,N,AAPL,312.96,1.0,313.0,7.0,-27.0,5.0,2020-01-28 09:41:53.696519,312.94,312.99,0
2020-01-28 09:41:54,N,AAPL,312.94,2.0,312.99,4.0,0.0,3.0,2020-01-28 09:41:54.335609,312.98,313.0,0
2020-01-28 09:41:56,N,AAPL,312.98,1.0,313.0,4.0,-1.0,3.0,2020-01-28 09:41:56.032989,313.03,313.07,1
2020-01-28 09:41:58,N,AAPL,313.03,2.0,313.07,2.0,1.0,1.0,2020-01-28 09:41:58.777382,313.04,313.08,0
2020-01-28 09:41:59,N,AAPL,313.04,1.0,313.08,2.0,-1.0,0.0,2020-01-28 09:41:59.766920,313.03,313.04,0
2020-01-28 09:42:00,N,AAPL,313.03,2.0,313.04,2.0,1.0,0.0,2020-01-28 09:42:00.141521,312.96,312.99,-1
2020-01-28 09:42:02,N,AAPL,312.96,1.0,312.99,2.0,-1.0,0.0,2020-01-28 09:42:02.856403,312.99,313.0,0
2020-01-28 09:42:03,N,AAPL,312.99,1.0,313.0,1.0,0.0,-1.0,2020-01-28 09:42:03.729639,312.98,313.0,0
2020-01-28 09:42:04,N,AAPL,312.98,1.0,313.0,2.0,-1.0,1.0,2020-01-28 09:42:04.540343,312.98,313.01,0
2020-01-28 09:42:05,N,AAPL,312.98,1.0,313.01,1.0,0.0,0.0,2020-01-28 09:42:05.015952,313.0,313.04,0
2020-01-28 09:42:06,N,AAPL,313.0,1.0,313.04,2.0,-1.0,0.0,2020-01-28 09:42:06.219738,312.99,313.02,0
2020-01-28 09:42:07,N,AAPL,312.99,1.0,313.02,1.0,-2.0,-3.0,2020-01-28 09:42:07.105841,313.0,313.02,0
2020-01-28 09:42:08,N,AAPL,313.0,2.0,313.02,2.0,0.0,0.0,2020-01-28 09:42:08.212584,312.96,312.98,-1
2020-01-28 09:42:09,N,AAPL,312.96,3.0,312.98,4.0,2.0,2.0,2020-01-28 09:42:09.533687,312.9,312.92,-1
2020-01-28 09:42:12,N,AAPL,312.9,1.0,312.92,1.0,-2.0,-3.0,2020-01-28 09:42:12.701826,312.91,312.94,0
2020-01-28 09:42:13,N,AAPL,312.91,3.0,312.94,1.0,2.0,0.0,2020-01-28 09:42:13.114020,312.94,312.98,0
2020-01-28 09:42:14,N,AAPL,312.94,2.0,312.98,1.0,1.0,-2.0,2020-01-28 09:42:14.388445,312.99,313.01,1
2020-01-28 09:42:17,N,AAPL,312.99,2.0,313.01,3.0,1.0,1.0,2020-01-28 09:42:17.738847,312.93,312.96,-1
2020-01-28 09:42:18,N,AAPL,312.93,2.0,312.96,1.0,0.0,-2.0,2020-01-28 09:42:18.768671,312.94,312.97,0
2020-01-28 09:42:19,N,AAPL,312.94,1.0,312.97,2.0,-1.0,1.0,2020-01-28 09:42:19.207409,312.95,312.97,0
2020-01-28 09:42:20,N,AAPL,312.95,1.0,312.97,1.0,0.0,0.0,2020-01-28 09:42:20.162481,312.96,313.0,0
2020-01-28 09:42:21,N,AAPL,312.96,1.0,313.0,1.0,0.0,0.0,2020-01-28 09:42:21.926773,312.94,312.98,0
2020-01-28 09:42:22,N,AAPL,312.94,1.0,312.98,2.0,-1.0,0.0,2020-01-28 09:42:22.066662,312.97,313.0,0
2020-01-28 09:42:23,N,AAPL,312.97,3.0,313.0,1.0,2.0,-1.0,2020-01-28 09:42:23.781616,312.89,312.92,-1
2020-01-28 09:42:25,N,AAPL,312.89,2.0,312.92,1.0,-1.0,0.0,2020-01-28 09:42:25.261130,312.96,313.0,1
2020-01-28 09:42:26,N,AAPL,312.96,2.0,313.0,2.0,0.0,0.0,2020-01-28 09:42:26.457616,312.94,312.98,0
2020-01-28 09:42:27,N,AAPL,312.94,2.0,312.98,1.0,0.0,-1.0,2020-01-28 09:42:27.242053,312.94,312.96,0
2020-01-28 09:42:28,N,AAPL,312.94,1.0,312.96,2.0,0.0,1.0,2020-01-28 09:42:28.151169,312.91,312.93,-1
2020-01-28 09:42:29,N,AAPL,312.91,1.0,312.93,2.0,-2.0,-2.0,2020-01-28 09:42:29.469703,312.88,312.89,-1
2020-01-28 09:42:30,N,AAPL,312.88,10.0,312.89,5.0,9.0,3.0,2020-01-28 09:42:30.363068,312.85,312.89,0
2020-01-28 09:42:32,N,AAPL,312.85,1.0,312.89,2.0,0.0,-2.0,2020-01-28 09:42:32.082762,312.88,312.91,0
2020-01-28 09:42:33,N,AAPL,312.88,1.0,312.91,2.0,0.0,1.0,2020-01-28 09:42:33.083667,312.89,312.91,0
2020-01-28 09:42:36,N,AAPL,312.89,2.0,312.91,5.0,0.0,3.0,2020-01-28 09:42:36.318144,312.88,312.92,0
2020-01-28 09:42:37,N,AAPL,312.88,3.0,312.92,2.0,1.0,0.0,2020-01-28 09:42:37.198673,312.87,312.88,0
2020-01-28 09:42:38,N,AAPL,312.87,2.0,312.88,5.0,-1.0,3.0,2020-01-28 09:42:38.059655,312.83,312.84,-1
2020-01-28 09:42:39,N,AAPL,312.83,1.0,312.84,2.0,-1.0,-1.0,2020-01-28 09:42:39.713914,312.87,312.9,1
2020-01-28 09:42:41,N,AAPL,312.87,2.0,312.9,2.0,1.0,0.0,2020-01-28 09:42:41.942889,312.9,312.93,0
2020-01-28 09:42:42,N,AAPL,312.9,1.0,312.93,1.0,-1.0,0.0,2020-01-28 09:42:42.178447,312.97,312.98,1
2020-01-28 09:42:43,N,AAPL,312.97,1.0,312.98,2.0,0.0,0.0,2020-01-28 09:42:43.360734,312.94,312.95,-1
2020-01-28 09:42:44,N,AAPL,312.94,2.0,312.95,4.0,1.0,3.0,2020-01-28 09:42:44.028635,312.87,312.9,-1
2020-01-28 09:42:45,N,AAPL,312.87,2.0,312.9,1.0,-1.0,-1.0,2020-01-28 09:42:45.143524,312.91,312.94,1
2020-01-28 09:42:46,N,AAPL,312.91,3.0,312.94,1.0,0.0,0.0,2020-01-28 09:42:46.458619,312.94,312.98,0
2020-01-28 09:42:47,N,AAPL,312.94,2.0,312.98,1.0,-1.0,-1.0,2020-01-28 09:42:47.001613,313.01,313.05,1
2020-01-28 09:42:48,N,AAPL,313.01,4.0,313.05,3.0,1.0,1.0,2020-01-28 09:42:48.168836,313.08,313.12,1
2020-01-28 09:42:49,N,AAPL,313.08,4.0,313.12,2.0,2.0,0.0,2020-01-28 09:42:49.103871,313.11,313.14,0
2020-01-28 09:42:50,N,AAPL,313.11,4.0,313.14,4.0,3.0,1.0,2020-01-28 09:42:50.939522,313.05,313.08,-1
2020-01-28 09:42:51,N,AAPL,313.05,2.0,313.08,1.0,0.0,0.0,2020-01-28 09:42:51.936510,313.04,313.07,0
2020-01-28 09:42:52,N,AAPL,313.04,2.0,313.07,5.0,0.0,4.0,2020-01-28 09:42:52.759496,313.04,313.08,0
2020-01-28 09:42:53,N,AAPL,313.04,1.0,313.08,1.0,-2.0,-2.0,2020-01-28 09:42:53.196870,313.09,313.11,1
2020-01-28 09:42:56,N,AAPL,313.09,2.0,313.11,1.0,0.0,-2.0,2020-01-28 09:42:56.433618,313.13,313.16,1
2020-01-28 09:42:57,N,AAPL,313.13,1.0,313.16,5.0,0.0,4.0,2020-01-28 09:42:57.239928,313.14,313.16,0
2020-01-28 09:42:58,N,AAPL,313.14,1.0,313.16,1.0,0.0,0.0,2020-01-28 09:42:58.260335,313.15,313.18,0
2020-01-28 09:42:59,N,AAPL,313.15,4.0,313.18,1.0,2.0,0.0,2020-01-28 09:42:59.951306,313.15,313.18,0
2020-01-28 09:43:01,N,AAPL,313.15,2.0,313.18,3.0,-2.0,-1.0,2020-01-28 09:43:01.789202,313.16,313.19,0
2020-01-28 09:43:02,N,AAPL,313.16,2.0,313.19,1.0,0.0,0.0,2020-01-28 09:43:02.033430,313.22,313.24,1
2020-01-28 09:43:03,N,AAPL,313.22,4.0,313.24,4.0,3.0,3.0,2020-01-28 09:43:03.617162,313.24,313.26,0
2020-01-28 09:43:04,N,AAPL,313.24,1.0,313.26,1.0,-1.0,0.0,2020-01-28 09:43:04.415035,313.25,313.27,0
2020-01-28 09:43:05,N,AAPL,313.25,2.0,313.27,1.0,-4.0,-1.0,2020-01-28 09:43:05.512366,313.21,313.22,-1
2020-01-28 09:43:06,N,AAPL,313.21,1.0,313.22,4.0,0.0,0.0,2020-01-28 09:43:06.699732,313.16,313.18,-1
2020-01-28 09:43:07,N,AAPL,313.16,6.0,313.18,4.0,5.0,0.0,2020-01-28 09:43:07.066439,313.17,313.2,0
2020-01-28 09:43:08,N,AAPL,313.17,1.0,313.2,1.0,0.0,-1.0,2020-01-28 09:43:08.217643,313.22,313.25,1
2020-01-28 09:43:09,N,AAPL,313.22,4.0,313.25,1.0,3.0,-1.0,2020-01-28 09:43:09.048781,313.23,313.24,0
2020-01-28 09:43:10,N,AAPL,313.23,3.0,313.24,4.0,0.0,1.0,2020-01-28 09:43:10.191807,313.22,313.24,0
2020-01-28 09:43:13,N,AAPL,313.22,3.0,313.24,4.0,2.0,3.0,2020-01-28 09:43:13.033871,313.19,313.22,0
2020-01-28 09:43:14,N,AAPL,313.19,1.0,313.22,3.0,-2.0,1.0,2020-01-28 09:43:14.724570,313.18,313.22,0
2020-01-28 09:43:16,N,AAPL,313.18,6.0,313.22,4.0,5.0,1.0,2020-01-28 09:43:16.330977,313.22,313.25,0
2020-01-28 09:43:17,N,AAPL,313.22,2.0,313.25,1.0,1.0,-1.0,2020-01-28 09:43:17.452571,313.26,313.29,1
2020-01-28 09:43:19,N,AAPL,313.26,2.0,313.29,1.0,0.0,0.0,2020-01-28 09:43:19.923500,313.3,313.33,1
2020-01-28 09:43:20,N,AAPL,313.3,6.0,313.33,1.0,4.0,-1.0,2020-01-28 09:43:20.240965,313.28,313.29,-1
2020-01-28 09:43:21,N,AAPL,313.28,1.0,313.29,4.0,-1.0,2.0,2020-01-28 09:43:21.430018,313.24,313.28,0
2020-01-28 09:43:22,N,AAPL,313.24,1.0,313.28,2.0,-1.0,1.0,2020-01-28 09:43:22.338591,313.28,313.31,0
2020-01-28 09:43:23,N,AAPL,313.28,1.0,313.31,1.0,0.0,0.0,2020-01-28 09:43:23.077695,313.29,313.33,0
2020-01-28 09:43:24,N,AAPL,313.29,4.0,313.33,2.0,1.0,1.0,2020-01-28 09:43:24.836460,313.31,313.35,0
2020-01-28 09:43:25,N,AAPL,313.31,3.0,313.35,2.0,0.0,1.0,2020-01-28 09:43:25.035511,313.36,313.38,1
2020-01-28 09:43:26,N,AAPL,313.36,2.0,313.38,1.0,0.0,-1.0,2020-01-28 09:43:26.347980,313.36,313.39,0
2020-01-28 09:43:27,N,AAPL,313.36,3.0,313.39,1.0,2.0,0.0,2020-01-28 09:43:27.119024,313.38,313.41,0
2020-01-28 09:43:28,N,AAPL,313.38,1.0,313.41,2.0,0.0,1.0,2020-01-28 09:43:28.230461,313.46,313.48,1
2020-01-28 09:43:29,N,AAPL,313.46,3.0,313.48,11.0,1.0,9.0,2020-01-28 09:43:29.003894,313.44,313.45,-1
2020-01-28 09:43:32,N,AAPL,313.44,1.0,313.45,2.0,0.0,1.0,2020-01-28 09:43:32.398571,313.41,313.45,0
2020-01-28 09:43:33,N,AAPL,313.41,1.0,313.45,3.0,0.0,1.0,2020-01-28 09:43:33.172068,313.38,313.4,-1
2020-01-28 09:43:34,N,AAPL,313.38,3.0,313.4,1.0,1.0,-1.0,2020-01-28 09:43:34.184910,313.55,313.58,1
2020-01-28 09:43:37,N,AAPL,313.55,1.0,313.58,2.0,-2.0,-1.0,2020-01-28 09:43:37.531645,313.53,313.57,0
2020-01-28 09:43:39,N,AAPL,313.53,2.0,313.57,5.0,0.0,4.0,2020-01-28 09:43:39.824324,313.49,313.52,-1
2020-01-28 09:43:40,N,AAPL,313.49,3.0,313.52,1.0,1.0,-1.0,2020-01-28 09:43:40.007461,313.4,313.43,-1
2020-01-28 09:43:41,N,AAPL,313.4,2.0,313.43,2.0,-1.0,1.0,2020-01-28 09:43:41.072933,313.42,313.46,0
2020-01-28 09:43:42,N,AAPL,313.42,2.0,313.46,1.0,0.0,-1.0,2020-01-28 09:43:42.220382,313.39,313.41,-1
2020-01-28 09:43:44,N,AAPL,313.39,4.0,313.41,1.0,2.0,0.0,2020-01-28 09:43:44.861303,313.34,313.37,-1
2020-01-28 09:43:45,N,AAPL,313.34,2.0,313.37,1.0,-2.0,0.0,2020-01-28 09:43:45.425233,313.37,313.4,0
2020-01-28 09:43:46,N,AAPL,313.37,2.0,313.4,1.0,-1.0,0.0,2020-01-28 09:43:46.314442,313.39,313.43,0
2020-01-28 09:43:47,N,AAPL,313.39,1.0,313.43,2.0,-1.0,-1.0,2020-01-28 09:43:47.256806,313.43,313.46,0
2020-01-28 09:43:48,N,AAPL,313.43,1.0,313.46,2.0,0.0,0.0,2020-01-28 09:43:48.168456,313.44,313.47,0
2020-01-28 09:43:49,N,AAPL,313.44,2.0,313.47,1.0,0.0,0.0,2020-01-28 09:43:49.279194,313.41,313.45,0
2020-01-28 09:43:50,N,AAPL,313.41,1.0,313.45,1.0,-1.0,-1.0,2020-01-28 09:43:50.141322,313.44,313.48,0
2020-01-28 09:43:51,N,AAPL,313.44,2.0,313.48,2.0,1.0,1.0,2020-01-28 09:43:51.200848,313.45,313.49,0
2020-01-28 09:43:52,N,AAPL,313.45,1.0,313.49,4.0,-2.0,3.0,2020-01-28 09:43:52.649943,313.45,313.47,0
2020-01-28 09:43:53,N,AAPL,313.45,2.0,313.47,7.0,-1.0,3.0,2020-01-28 09:43:53.160383,313.44,313.47,0
2020-01-28 09:43:54,N,AAPL,313.44,1.0,313.47,7.0,-1.0,0.0,2020-01-28 09:43:54.417292,313.4,313.43,-1
2020-01-28 09:43:56,N,AAPL,313.4,5.0,313.43,3.0,-1.0,-3.0,2020-01-28 09:43:56.155747,313.32,313.35,-1
2020-01-28 09:43:57,N,AAPL,313.32,1.0,313.35,3.0,0.0,2.0,2020-01-28 09:43:57.296766,313.33,313.37,0
2020-01-28 09:43:58,N,AAPL,313.33,1.0,313.37,3.0,-1.0,2.0,2020-01-28 09:43:58.492594,313.32,313.35,0
2020-01-28 09:43:59,N,AAPL,313.32,1.0,313.35,2.0,-1.0,1.0,2020-01-28 09:43:59.484124,313.33,313.37,0
2020-01-28 09:44:00,N,AAPL,313.33,1.0,313.37,3.0,0.0,1.0,2020-01-28 09:44:00.296553,313.33,313.35,0
2020-01-28 09:44:03,N,AAPL,313.33,2.0,313.35,6.0,1.0,4.0,2020-01-28 09:44:03.339900,313.34,313.36,0
2020-01-28 09:44:05,N,AAPL,313.34,4.0,313.36,1.0,2.0,-5.0,2020-01-28 09:44:05.230550,313.31,313.34,0
2020-01-28 09:44:06,N,AAPL,313.31,2.0,313.34,1.0,-2.0,-2.0,2020-01-28 09:44:06.914198,313.31,313.34,0
2020-01-28 09:44:09,N,AAPL,313.31,1.0,313.34,1.0,0.0,0.0,2020-01-28 09:44:09.508730,313.29,313.3,-1
2020-01-28 09:44:11,N,AAPL,313.29,2.0,313.3,4.0,1.0,3.0,2020-01-28 09:44:11.560492,313.25,313.27,-1
2020-01-28 09:44:12,N,AAPL,313.25,3.0,313.27,3.0,0.0,-3.0,2020-01-28 09:44:12.325105,313.27,313.32,0
2020-01-28 09:44:14,N,AAPL,313.27,2.0,313.32,4.0,-1.0,3.0,2020-01-28 09:44:14.910294,313.27,313.31,0
2020-01-28 09:44:15,N,AAPL,313.27,2.0,313.31,2.0,0.0,-2.0,2020-01-28 09:44:15.244759,313.25,313.28,0
2020-01-28 09:44:21,N,AAPL,313.25,2.0,313.28,4.0,1.0,2.0,2020-01-28 09:44:21.002861,313.29,313.32,1
2020-01-28 09:44:22,N,AAPL,313.29,4.0,313.32,1.0,2.0,-3.0,2020-01-28 09:44:22.021211,313.31,313.33,0
2020-01-28 09:44:23,N,AAPL,313.31,2.0,313.33,2.0,0.0,1.0,2020-01-28 09:44:23.811574,313.31,313.33,0
2020-01-28 09:44:25,N,AAPL,313.31,1.0,313.33,2.0,-1.0,0.0,2020-01-28 09:44:25.209603,313.27,313.31,0
2020-01-28 09:44:26,N,AAPL,313.27,1.0,313.31,3.0,-2.0,1.0,2020-01-28 09:44:26.029686,313.32,313.33,1
2020-01-28 09:44:27,N,AAPL,313.32,1.0,313.33,2.0,0.0,-1.0,2020-01-28 09:44:27.110646,313.27,313.31,-1
2020-01-28 09:44:28,N,AAPL,313.27,2.0,313.31,4.0,-2.0,0.0,2020-01-28 09:44:28.584528,313.3,313.33,0
2020-01-28 09:44:29,N,AAPL,313.3,2.0,313.33,1.0,0.0,-2.0,2020-01-28 09:44:29.098658,313.36,313.39,1
2020-01-28 09:44:31,N,AAPL,313.36,2.0,313.39,1.0,-2.0,0.0,2020-01-28 09:44:31.477157,313.4,313.44,1
2020-01-28 09:44:32,N,AAPL,313.4,2.0,313.44,7.0,0.0,1.0,2020-01-28 09:44:32.558440,313.43,313.47,0
2020-01-28 09:44:33,N,AAPL,313.43,1.0,313.47,9.0,-1.0,8.0,2020-01-28 09:44:33.946014,313.4,313.44,0
2020-01-28 09:44:34,N,AAPL,313.4,2.0,313.44,5.0,1.0,-4.0,2020-01-28 09:44:34.911949,313.38,313.43,0
2020-01-28 09:44:35,N,AAPL,313.38,2.0,313.43,1.0,0.0,-4.0,2020-01-28 09:44:35.045377,313.43,313.47,0
2020-01-28 09:44:37,N,AAPL,313.43,1.0,313.47,9.0,-1.0,7.0,2020-01-28 09:44:37.720188,313.39,313.43,0
2020-01-28 09:44:38,N,AAPL,313.39,2.0,313.43,1.0,1.0,-3.0,2020-01-28 09:44:38.104387,313.37,313.4,0
2020-01-28 09:44:39,N,AAPL,313.37,3.0,313.4,1.0,0.0,-1.0,2020-01-28 09:44:39.239869,313.37,313.41,0
2020-01-28 09:44:40,N,AAPL,313.37,2.0,313.41,3.0,0.0,2.0,2020-01-28 09:44:40.444363,313.37,313.41,0
2020-01-28 09:44:41,N,AAPL,313.37,2.0,313.41,1.0,0.0,-1.0,2020-01-28 09:44:41.221307,313.35,313.36,-1
2020-01-28 09:44:42,N,AAPL,313.35,1.0,313.36,1.0,-1.0,-6.0,2020-01-28 09:44:42.121918,313.3,313.33,-1
2020-01-28 09:44:43,N,AAPL,313.3,1.0,313.33,1.0,-2.0,-2.0,2020-01-28 09:44:43.129139,313.31,313.35,0
2020-01-28 09:44:44,N,AAPL,313.31,2.0,313.35,2.0,1.0,1.0,2020-01-28 09:44:44.172017,313.33,313.36,0
2020-01-28 09:44:45,N,AAPL,313.33,2.0,313.36,2.0,1.0,1.0,2020-01-28 09:44:45.987651,313.3,313.34,0
2020-01-28 09:44:46,N,AAPL,313.3,1.0,313.34,3.0,0.0,2.0,2020-01-28 09:44:46.007360,313.3,313.34,0
2020-01-28 09:44:47,N,AAPL,313.3,1.0,313.34,3.0,0.0,1.0,2020-01-28 09:44:47.067590,313.32,313.36,0
2020-01-28 09:44:48,N,AAPL,313.32,1.0,313.36,1.0,0.0,-2.0,2020-01-28 09:44:48.046097,313.33,313.37,0
2020-01-28 09:44:49,N,AAPL,313.33,2.0,313.37,2.0,0.0,-1.0,2020-01-28 09:44:49.229435,313.33,313.36,0
2020-01-28 09:44:50,N,AAPL,313.33,1.0,313.36,3.0,0.0,-1.0,2020-01-28 09:44:50.000513,313.3,313.34,0
2020-01-28 09:44:51,N,AAPL,313.3,2.0,313.34,1.0,0.0,0.0,2020-01-28 09:44:51.768585,313.34,313.37,0
2020-01-28 09:44:52,N,AAPL,313.34,1.0,313.37,2.0,-1.0,1.0,2020-01-28 09:44:52.402718,313.38,313.43,1
2020-01-28 09:44:54,N,AAPL,313.38,2.0,313.43,2.0,0.0,1.0,2020-01-28 09:44:54.028764,313.42,313.46,0
2020-01-28 09:44:55,N,AAPL,313.42,2.0,313.46,1.0,-1.0,0.0,2020-01-28 09:44:55.934399,313.42,313.46,0
2020-01-28 09:44:56,N,AAPL,313.42,2.0,313.46,1.0,0.0,0.0,2020-01-28 09:44:56.358340,313.49,313.51,1
2020-01-28 09:44:59,N,AAPL,313.49,5.0,313.51,2.0,3.0,1.0,2020-01-28 09:44:59.243828,313.5,313.53,0
2020-01-28 09:45:00,N,AAPL,313.5,2.0,313.53,2.0,1.0,1.0,2020-01-28 09:45:00.025772,313.42,313.43,-1
2020-01-28 09:45:01,N,AAPL,313.42,2.0,313.43,1.0,1.0,-2.0,2020-01-28 09:45:01.173160,313.32,313.37,-1
2020-01-28 09:45:02,N,AAPL,313.32,4.0,313.37,2.0,3.0,0.0,2020-01-28 09:45:02.121570,313.31,313.35,0
2020-01-28 09:45:03,N,AAPL,313.31,2.0,313.35,3.0,0.0,1.0,2020-01-28 09:45:03.023400,313.3,313.34,0
2020-01-28 09:45:04,N,AAPL,313.3,1.0,313.34,3.0,-1.0,1.0,2020-01-28 09:45:04.036580,313.34,313.38,0
2020-01-28 09:45:06,N,AAPL,313.34,2.0,313.38,2.0,1.0,-1.0,2020-01-28 09:45:06.297903,313.41,313.42,1
2020-01-28 09:45:07,N,AAPL,313.41,1.0,313.42,2.0,0.0,0.0,2020-01-28 09:45:07.082771,313.32,313.36,-1
2020-01-28 09:45:08,N,AAPL,313.32,2.0,313.36,2.0,1.0,0.0,2020-01-28 09:45:08.063562,313.32,313.36,0
2020-01-28 09:45:10,N,AAPL,313.32,2.0,313.36,2.0,0.0,0.0,2020-01-28 09:45:10.542370,313.31,313.34,0
2020-01-28 09:45:12,N,AAPL,313.31,1.0,313.34,1.0,-1.0,-1.0,2020-01-28 09:45:12.259987,313.32,313.37,0
2020-01-28 09:45:13,N,AAPL,313.32,2.0,313.37,2.0,1.0,1.0,2020-01-28 09:45:13.131680,313.33,313.37,0
2020-01-28 09:45:14,N,AAPL,313.33,1.0,313.37,2.0,-1.0,0.0,2020-01-28 09:45:14.381022,313.27,313.3,-1
2020-01-28 09:45:15,N,AAPL,313.27,4.0,313.3,1.0,0.0,0.0,2020-01-28 09:45:15.850197,313.21,313.25,-1
2020-01-28 09:45:16,N,AAPL,313.21,3.0,313.25,1.0,-1.0,0.0,2020-01-28 09:45:16.006395,313.29,313.3,1
2020-01-28 09:45:17,N,AAPL,313.29,4.0,313.3,2.0,0.0,-1.0,2020-01-28 09:45:17.313743,313.18,313.21,-1
2020-01-28 09:45:18,N,AAPL,313.18,2.0,313.21,3.0,0.0,1.0,2020-01-28 09:45:18.484545,313.14,313.17,-1
2020-01-28 09:45:20,N,AAPL,313.14,1.0,313.17,1.0,0.0,0.0,2020-01-28 09:45:20.551175,313.11,313.13,-1
2020-01-28 09:45:21,N,AAPL,313.11,1.0,313.13,1.0,-1.0,-2.0,2020-01-28 09:45:21.619764,313.1,313.13,0
2020-01-28 09:45:22,N,AAPL,313.1,1.0,313.13,1.0,0.0,0.0,2020-01-28 09:45:22.006012,313.14,313.19,1
2020-01-28 09:45:23,N,AAPL,313.14,1.0,313.19,2.0,0.0,1.0,2020-01-28 09:45:23.117332,313.01,313.04,-1
2020-01-28 09:45:28,N,AAPL,313.01,4.0,313.04,1.0,3.0,0.0,2020-01-28 09:45:28.725121,312.99,313.0,-1
2020-01-28 09:45:29,N,AAPL,312.99,2.0,313.0,3.0,0.0,0.0,2020-01-28 09:45:29.075416,312.97,313.01,0
2020-01-28 09:45:30,N,AAPL,312.97,2.0,313.01,2.0,0.0,1.0,2020-01-28 09:45:30.274086,313.03,313.07,1
2020-01-28 09:45:31,N,AAPL,313.03,3.0,313.07,2.0,1.0,0.0,2020-01-28 09:45:31.360305,313.04,313.09,0
2020-01-28 09:45:32,N,AAPL,313.04,2.0,313.09,2.0,-1.0,0.0,2020-01-28 09:45:32.011238,313.01,313.05,0
2020-01-28 09:45:33,N,AAPL,313.01,1.0,313.05,2.0,-1.0,0.0,2020-01-28 09:45:33.034819,313.03,313.06,0
2020-01-28 09:45:34,N,AAPL,313.03,2.0,313.06,2.0,0.0,0.0,2020-01-28 09:45:34.156311,313.02,313.05,0
2020-01-28 09:45:35,N,AAPL,313.02,1.0,313.05,2.0,-1.0,-3.0,2020-01-28 09:45:35.431046,313.06,313.08,1
2020-01-28 09:45:36,N,AAPL,313.06,1.0,313.08,1.0,0.0,-1.0,2020-01-28 09:45:36.271953,313.04,313.07,0
2020-01-28 09:45:38,N,AAPL,313.04,2.0,313.07,3.0,1.0,2.0,2020-01-28 09:45:38.334008,312.98,313.02,-1
2020-01-28 09:45:39,N,AAPL,312.98,2.0,313.02,1.0,-15.0,0.0,2020-01-28 09:45:39.423429,312.94,312.96,-1
2020-01-28 09:45:40,N,AAPL,312.94,1.0,312.96,2.0,-1.0,-1.0,2020-01-28 09:45:40.128186,312.96,312.99,0
2020-01-28 09:45:41,N,AAPL,312.96,4.0,312.99,3.0,0.0,0.0,2020-01-28 09:45:41.260948,312.91,312.95,-1
2020-01-28 09:45:42,N,AAPL,312.91,5.0,312.95,5.0,4.0,4.0,2020-01-28 09:45:42.101240,312.94,312.98,0
2020-01-28 09:45:43,N,AAPL,312.94,4.0,312.98,2.0,-1.0,-3.0,2020-01-28 09:45:43.059220,312.94,312.96,0
2020-01-28 09:45:45,N,AAPL,312.94,2.0,312.96,2.0,1.0,-1.0,2020-01-28 09:45:45.024764,312.94,312.98,0
2020-01-28 09:45:46,N,AAPL,312.94,2.0,312.98,3.0,1.0,-1.0,2020-01-28 09:45:46.843034,312.95,312.97,0
2020-01-28 09:45:47,N,AAPL,312.95,1.0,312.97,1.0,-1.0,-2.0,2020-01-28 09:45:47.654810,312.91,312.94,-1
2020-01-28 09:45:48,N,AAPL,312.91,5.0,312.94,2.0,0.0,0.0,2020-01-28 09:45:48.155261,312.91,312.94,0
2020-01-28 09:45:49,N,AAPL,312.91,4.0,312.94,2.0,0.0,1.0,2020-01-28 09:45:49.004874,312.88,312.9,-1
2020-01-28 09:45:52,N,AAPL,312.88,1.0,312.9,8.0,-3.0,6.0,2020-01-28 09:45:52.246070,312.81,312.82,-1
2020-01-28 09:45:53,N,AAPL,312.81,3.0,312.82,2.0,2.0,1.0,2020-01-28 09:45:53.133249,312.82,312.86,0
2020-01-28 09:45:54,N,AAPL,312.82,2.0,312.86,1.0,0.0,0.0,2020-01-28 09:45:54.103358,312.84,312.86,0
2020-01-28 09:45:55,N,AAPL,312.84,1.0,312.86,2.0,0.0,1.0,2020-01-28 09:45:55.443552,312.81,312.84,0
2020-01-28 09:45:56,N,AAPL,312.81,6.0,312.84,1.0,1.0,-2.0,2020-01-28 09:45:56.451502,312.83,312.85,0
2020-01-28 09:45:57,N,AAPL,312.83,1.0,312.85,4.0,-1.0,3.0,2020-01-28 09:45:57.865414,312.81,312.82,-1
2020-01-28 09:45:58,N,AAPL,312.81,4.0,312.82,1.0,3.0,-3.0,2020-01-28 09:45:58.073468,312.81,312.84,0
2020-01-28 09:45:59,N,AAPL,312.81,2.0,312.84,2.0,-2.0,0.0,2020-01-28 09:45:59.138297,312.81,312.83,0
2020-01-28 09:46:00,N,AAPL,312.81,1.0,312.83,1.0,-3.0,-1.0,2020-01-28 09:46:00.442150,312.67,312.71,-1
2020-01-28 09:46:01,N,AAPL,312.67,2.0,312.71,3.0,0.0,-2.0,2020-01-28 09:46:01.023945,312.7,312.73,0
2020-01-28 09:46:02,N,AAPL,312.7,4.0,312.73,2.0,2.0,-1.0,2020-01-28 09:46:02.019860,312.7,312.74,0
2020-01-28 09:46:03,N,AAPL,312.7,4.0,312.74,1.0,2.0,0.0,2020-01-28 09:46:03.034987,312.75,312.79,1
2020-01-28 09:46:05,N,AAPL,312.75,2.0,312.79,2.0,1.0,1.0,2020-01-28 09:46:05.727856,312.75,312.78,0
2020-01-28 09:46:06,N,AAPL,312.75,1.0,312.78,2.0,-1.0,1.0,2020-01-28 09:46:06.078354,312.73,312.76,0
2020-01-28 09:46:07,N,AAPL,312.73,1.0,312.76,1.0,0.0,0.0,2020-01-28 09:46:07.204450,312.75,312.78,0
2020-01-28 09:46:09,N,AAPL,312.75,1.0,312.78,4.0,0.0,2.0,2020-01-28 09:46:09.500729,312.78,312.81,0
2020-01-28 09:46:10,N,AAPL,312.78,1.0,312.81,1.0,-1.0,-1.0,2020-01-28 09:46:10.136568,312.7,312.72,-1
2020-01-28 09:46:11,N,AAPL,312.7,1.0,312.72,4.0,-1.0,1.0,2020-01-28 09:46:11.260122,312.74,312.77,1
2020-01-28 09:46:12,N,AAPL,312.74,2.0,312.77,2.0,1.0,-3.0,2020-01-28 09:46:12.683318,312.7,312.74,0
2020-01-28 09:46:13,N,AAPL,312.7,3.0,312.74,2.0,2.0,-3.0,2020-01-28 09:46:13.305054,312.66,312.69,-1
2020-01-28 09:46:14,N,AAPL,312.66,6.0,312.69,2.0,0.0,0.0,2020-01-28 09:46:14.002905,312.69,312.73,0
2020-01-28 09:46:15,N,AAPL,312.69,1.0,312.73,2.0,-1.0,-2.0,2020-01-28 09:46:15.092302,312.72,312.75,0
2020-01-28 09:46:16,N,AAPL,312.72,2.0,312.75,1.0,1.0,-1.0,2020-01-28 09:46:16.358616,312.74,312.77,0
2020-01-28 09:46:17,N,AAPL,312.74,2.0,312.77,4.0,0.0,3.0,2020-01-28 09:46:17.110794,312.68,312.72,-1
2020-01-28 09:46:18,N,AAPL,312.68,4.0,312.72,1.0,3.0,-2.0,2020-01-28 09:46:18.016602,312.75,312.76,1
2020-01-28 09:46:19,N,AAPL,312.75,4.0,312.76,2.0,0.0,-2.0,2020-01-28 09:46:19.445377,312.74,312.76,0
2020-01-28 09:46:20,N,AAPL,312.74,1.0,312.76,3.0,-3.0,1.0,2020-01-28 09:46:20.307176,312.72,312.76,0
2020-01-28 09:46:21,N,AAPL,312.72,2.0,312.76,2.0,1.0,0.0,2020-01-28 09:46:21.031927,312.74,312.78,0
2020-01-28 09:46:22,N,AAPL,312.74,1.0,312.78,2.0,-2.0,0.0,2020-01-28 09:46:22.129242,312.76,312.8,0
2020-01-28 09:46:23,N,AAPL,312.76,1.0,312.8,1.0,-1.0,0.0,2020-01-28 09:46:23.572535,312.77,312.8,0
2020-01-28 09:46:24,N,AAPL,312.77,1.0,312.8,2.0,0.0,0.0,2020-01-28 09:46:24.459027,312.78,312.8,0
2020-01-28 09:46:25,N,AAPL,312.78,2.0,312.8,2.0,1.0,1.0,2020-01-28 09:46:25.088043,312.77,312.8,0
2020-01-28 09:46:26,N,AAPL,312.77,1.0,312.8,2.0,0.0,0.0,2020-01-28 09:46:26.416056,312.73,312.76,-1
2020-01-28 09:46:28,N,AAPL,312.73,2.0,312.76,3.0,1.0,1.0,2020-01-28 09:46:28.262361,312.73,312.77,0
2020-01-28 09:46:29,N,AAPL,312.73,3.0,312.77,1.0,1.0,-1.0,2020-01-28 09:46:29.033372,312.72,312.75,0
2020-01-28 09:46:30,N,AAPL,312.72,2.0,312.75,1.0,0.0,-3.0,2020-01-28 09:46:30.019041,312.77,312.79,1
2020-01-28 09:46:31,N,AAPL,312.77,5.0,312.79,2.0,3.0,1.0,2020-01-28 09:46:31.025126,312.77,312.8,0
2020-01-28 09:46:32,N,AAPL,312.77,4.0,312.8,2.0,1.0,1.0,2020-01-28 09:46:32.079685,312.81,312.85,1
2020-01-28 09:46:33,N,AAPL,312.81,2.0,312.85,3.0,1.0,1.0,2020-01-28 09:46:33.269569,312.81,312.85,0
2020-01-28 09:46:34,N,AAPL,312.81,3.0,312.85,1.0,1.0,-1.0,2020-01-28 09:46:34.010334,312.8,312.84,0
2020-01-28 09:46:35,N,AAPL,312.8,2.0,312.84,4.0,0.0,3.0,2020-01-28 09:46:35.268027,312.79,312.8,0
2020-01-28 09:46:37,N,AAPL,312.79,1.0,312.8,2.0,-1.0,0.0,2020-01-28 09:46:37.340147,312.79,312.82,0
2020-01-28 09:46:38,N,AAPL,312.79,3.0,312.82,2.0,-4.0,0.0,2020-01-28 09:46:38.001831,312.85,312.87,1
2020-01-28 09:46:40,N,AAPL,312.85,1.0,312.87,2.0,0.0,0.0,2020-01-28 09:46:40.230376,312.84,312.88,0
2020-01-28 09:46:41,N,AAPL,312.84,1.0,312.88,3.0,0.0,2.0,2020-01-28 09:46:41.145488,312.81,312.85,0
2020-01-28 09:46:42,N,AAPL,312.81,1.0,312.85,2.0,-4.0,0.0,2020-01-28 09:46:42.132546,312.85,312.88,0
2020-01-28 09:46:43,N,AAPL,312.85,2.0,312.88,2.0,-1.0,1.0,2020-01-28 09:46:43.326404,312.91,312.95,1
2020-01-28 09:46:44,N,AAPL,312.91,1.0,312.95,2.0,-1.0,0.0,2020-01-28 09:46:44.253626,312.88,312.91,0
2020-01-28 09:46:45,N,AAPL,312.88,2.0,312.91,1.0,1.0,-1.0,2020-01-28 09:46:45.104520,312.88,312.92,0
2020-01-28 09:46:46,N,AAPL,312.88,2.0,312.92,1.0,1.0,-2.0,2020-01-28 09:46:46.063883,312.88,312.92,0
2020-01-28 09:46:47,N,AAPL,312.88,3.0,312.92,2.0,2.0,-1.0,2020-01-28 09:46:47.555520,312.94,312.96,1
2020-01-28 09:46:48,N,AAPL,312.94,3.0,312.96,2.0,1.0,0.0,2020-01-28 09:46:48.164742,312.93,312.94,0
2020-01-28 09:46:49,N,AAPL,312.93,4.0,312.94,1.0,2.0,-1.0,2020-01-28 09:46:49.004325,312.88,312.92,-1
2020-01-28 09:46:50,N,AAPL,312.88,1.0,312.92,1.0,0.0,0.0,2020-01-28 09:46:50.245145,312.89,312.93,0
2020-01-28 09:46:51,N,AAPL,312.89,3.0,312.93,2.0,2.0,1.0,2020-01-28 09:46:51.172532,312.92,312.94,0
2020-01-28 09:46:52,N,AAPL,312.92,4.0,312.94,1.0,3.0,-1.0,2020-01-28 09:46:52.049766,312.95,312.99,1
2020-01-28 09:46:53,N,AAPL,312.95,4.0,312.99,2.0,3.0,1.0,2020-01-28 09:46:53.208389,312.96,312.99,0
2020-01-28 09:46:54,N,AAPL,312.96,4.0,312.99,2.0,2.0,0.0,2020-01-28 09:46:54.075166,312.94,312.97,0
2020-01-28 09:46:55,N,AAPL,312.94,1.0,312.97,3.0,0.0,0.0,2020-01-28 09:46:55.795892,312.88,312.91,-1
2020-01-28 09:46:56,N,AAPL,312.88,4.0,312.91,3.0,2.0,2.0,2020-01-28 09:46:56.150305,312.92,312.97,1
2020-01-28 09:46:57,N,AAPL,312.92,1.0,312.97,2.0,-5.0,-1.0,2020-01-28 09:46:57.162810,312.88,312.91,-1
2020-01-28 09:46:58,N,AAPL,312.88,4.0,312.91,4.0,2.0,3.0,2020-01-28 09:46:58.211587,312.85,312.89,0
2020-01-28 09:46:59,N,AAPL,312.85,2.0,312.89,2.0,1.0,0.0,2020-01-28 09:46:59.026685,312.8,312.82,-1
2020-01-28 09:47:00,N,AAPL,312.8,5.0,312.82,3.0,3.0,1.0,2020-01-28 09:47:00.382685,312.83,312.86,1
2020-01-28 09:47:03,N,AAPL,312.83,2.0,312.86,2.0,-7.0,0.0,2020-01-28 09:47:03.571244,312.87,312.9,1
2020-01-28 09:47:04,N,AAPL,312.87,4.0,312.9,1.0,2.0,-1.0,2020-01-28 09:47:04.785425,312.93,312.96,1
2020-01-28 09:47:05,N,AAPL,312.93,1.0,312.96,1.0,-1.0,-3.0,2020-01-28 09:47:05.068711,312.97,312.98,1
2020-01-28 09:47:06,N,AAPL,312.97,3.0,312.98,2.0,2.0,1.0,2020-01-28 09:47:06.447993,312.9,312.94,-1
2020-01-28 09:47:08,N,AAPL,312.9,3.0,312.94,4.0,2.0,0.0,2020-01-28 09:47:08.028081,312.85,312.89,-1
2020-01-28 09:47:09,N,AAPL,312.85,2.0,312.89,3.0,0.0,2.0,2020-01-28 09:47:09.348957,312.89,312.91,0
2020-01-28 09:47:10,N,AAPL,312.89,4.0,312.91,1.0,2.0,-3.0,2020-01-28 09:47:10.752164,312.9,312.95,0
2020-01-28 09:47:11,N,AAPL,312.9,2.0,312.95,5.0,0.0,4.0,2020-01-28 09:47:11.197658,312.89,312.94,0
2020-01-28 09:47:12,N,AAPL,312.89,2.0,312.94,2.0,0.0,-3.0,2020-01-28 09:47:12.067480,312.89,312.93,0
2020-01-28 09:47:13,N,AAPL,312.89,2.0,312.93,2.0,1.0,-3.0,2020-01-28 09:47:13.098397,312.85,312.9,0
2020-01-28 09:47:15,N,AAPL,312.85,2.0,312.9,2.0,1.0,-1.0,2020-01-28 09:47:15.164865,312.81,312.87,0
2020-01-28 09:47:16,N,AAPL,312.81,4.0,312.87,2.0,2.0,1.0,2020-01-28 09:47:16.010242,312.86,312.88,0
2020-01-28 09:47:18,N,AAPL,312.86,2.0,312.88,2.0,0.0,-3.0,2020-01-28 09:47:18.352067,312.79,312.8,-1
2020-01-28 09:47:20,N,AAPL,312.79,1.0,312.8,4.0,-3.0,2.0,2020-01-28 09:47:20.346473,312.85,312.89,1
2020-01-28 09:47:23,N,AAPL,312.85,2.0,312.89,2.0,-1.0,1.0,2020-01-28 09:47:23.448131,312.89,312.91,0
2020-01-28 09:47:24,N,AAPL,312.89,1.0,312.91,1.0,-1.0,0.0,2020-01-28 09:47:24.334633,312.88,312.91,0
2020-01-28 09:47:26,N,AAPL,312.88,1.0,312.91,1.0,0.0,0.0,2020-01-28 09:47:26.247380,312.87,312.91,0
2020-01-28 09:47:27,N,AAPL,312.87,1.0,312.91,1.0,0.0,0.0,2020-01-28 09:47:27.362391,312.88,312.92,0
2020-01-28 09:47:28,N,AAPL,312.88,1.0,312.92,5.0,0.0,4.0,2020-01-28 09:47:28.173573,312.91,312.96,0
2020-01-28 09:47:29,N,AAPL,312.91,3.0,312.96,1.0,2.0,-4.0,2020-01-28 09:47:29.271262,312.93,312.97,0
2020-01-28 09:47:30,N,AAPL,312.93,2.0,312.97,3.0,0.0,2.0,2020-01-28 09:47:30.477384,312.95,312.97,0
2020-01-28 09:47:32,N,AAPL,312.95,2.0,312.97,4.0,0.0,-1.0,2020-01-28 09:47:32.056780,312.99,313.01,1
2020-01-28 09:47:33,N,AAPL,312.99,1.0,313.01,2.0,-2.0,-2.0,2020-01-28 09:47:33.824326,313.08,313.12,1
2020-01-28 09:47:35,N,AAPL,313.08,4.0,313.12,1.0,-1.0,-3.0,2020-01-28 09:47:35.339416,313.17,313.2,1
2020-01-28 09:47:36,N,AAPL,313.17,2.0,313.2,5.0,-1.0,3.0,2020-01-28 09:47:36.013792,313.14,313.18,0
2020-01-28 09:47:37,N,AAPL,313.14,2.0,313.18,2.0,0.0,-2.0,2020-01-28 09:47:37.031696,313.14,313.17,0
2020-01-28 09:47:38,N,AAPL,313.14,2.0,313.17,2.0,1.0,-3.0,2020-01-28 09:47:38.414953,313.15,313.19,0
2020-01-28 09:47:40,N,AAPL,313.15,2.0,313.19,4.0,0.0,2.0,2020-01-28 09:47:40.344750,313.16,313.19,0
2020-01-28 09:47:42,N,AAPL,313.16,1.0,313.19,2.0,-1.0,-1.0,2020-01-28 09:47:42.358286,313.09,313.12,-1
2020-01-28 09:47:43,N,AAPL,313.09,1.0,313.12,1.0,-1.0,0.0,2020-01-28 09:47:43.352245,313.07,313.11,0
2020-01-28 09:47:44,N,AAPL,313.07,2.0,313.11,1.0,0.0,-2.0,2020-01-28 09:47:44.147075,313.1,313.13,0
2020-01-28 09:47:45,N,AAPL,313.1,1.0,313.13,2.0,0.0,1.0,2020-01-28 09:47:45.008052,313.14,313.17,1
2020-01-28 09:47:46,N,AAPL,313.14,2.0,313.17,2.0,-1.0,1.0,2020-01-28 09:47:46.095777,313.14,313.18,0
2020-01-28 09:47:47,N,AAPL,313.14,2.0,313.18,2.0,0.0,1.0,2020-01-28 09:47:47.441205,313.18,313.2,0
2020-01-28 09:47:49,N,AAPL,313.18,1.0,313.2,2.0,-1.0,0.0,2020-01-28 09:47:49.094253,313.2,313.22,0
2020-01-28 09:47:50,N,AAPL,313.2,4.0,313.22,1.0,3.0,-1.0,2020-01-28 09:47:50.177009,313.19,313.22,0
2020-01-28 09:47:51,N,AAPL,313.19,2.0,313.22,2.0,1.0,1.0,2020-01-28 09:47:51.204872,313.16,313.19,0
2020-01-28 09:47:52,N,AAPL,313.16,2.0,313.19,4.0,1.0,2.0,2020-01-28 09:47:52.553467,313.16,313.19,0
2020-01-28 09:47:53,N,AAPL,313.16,1.0,313.19,2.0,-2.0,1.0,2020-01-28 09:47:53.320852,313.15,313.19,0
2020-01-28 09:47:54,N,AAPL,313.15,2.0,313.19,4.0,1.0,2.0,2020-01-28 09:47:54.418646,313.15,313.17,0
2020-01-28 09:47:55,N,AAPL,313.15,1.0,313.17,2.0,0.0,0.0,2020-01-28 09:47:55.864128,313.11,313.15,0
2020-01-28 09:47:56,N,AAPL,313.11,4.0,313.15,5.0,3.0,3.0,2020-01-28 09:47:56.411229,313.16,313.2,1
2020-01-28 09:47:57,N,AAPL,313.16,1.0,313.2,5.0,0.0,4.0,2020-01-28 09:47:57.697516,313.15,313.18,0
2020-01-28 09:48:00,N,AAPL,313.15,2.0,313.18,4.0,1.0,-1.0,2020-01-28 09:48:00.082394,313.13,313.15,0
2020-01-28 09:48:01,N,AAPL,313.13,2.0,313.15,1.0,0.0,-1.0,2020-01-28 09:48:01.814190,313.16,313.19,1
2020-01-28 09:48:02,N,AAPL,313.16,4.0,313.19,1.0,3.0,0.0,2020-01-28 09:48:02.421062,313.15,313.18,0
2020-01-28 09:48:03,N,AAPL,313.15,2.0,313.18,2.0,-3.0,1.0,2020-01-28 09:48:03.043864,313.13,313.15,0
2020-01-28 09:48:04,N,AAPL,313.13,2.0,313.15,3.0,1.0,1.0,2020-01-28 09:48:04.402863,313.15,313.17,0
2020-01-28 09:48:05,N,AAPL,313.15,4.0,313.17,1.0,2.0,-2.0,2020-01-28 09:48:05.520764,313.11,313.16,0
2020-01-28 09:48:06,N,AAPL,313.11,4.0,313.16,3.0,2.0,0.0,2020-01-28 09:48:06.133862,313.13,313.17,0
2020-01-28 09:48:08,N,AAPL,313.13,2.0,313.17,2.0,-1.0,0.0,2020-01-28 09:48:08.267632,313.11,313.13,0
2020-01-28 09:48:09,N,AAPL,313.11,2.0,313.13,1.0,0.0,0.0,2020-01-28 09:48:09.072826,313.05,313.08,-1
2020-01-28 09:48:11,N,AAPL,313.05,1.0,313.08,2.0,-1.0,-2.0,2020-01-28 09:48:11.062324,313.0,313.04,-1
2020-01-28 09:48:12,N,AAPL,313.0,2.0,313.04,3.0,0.0,2.0,2020-01-28 09:48:12.069884,313.07,313.1,1
2020-01-28 09:48:13,N,AAPL,313.07,4.0,313.1,2.0,2.0,1.0,2020-01-28 09:48:13.215312,313.05,313.09,0
2020-01-28 09:48:14,N,AAPL,313.05,2.0,313.09,2.0,0.0,1.0,2020-01-28 09:48:14.366857,313.05,313.08,0
2020-01-28 09:48:15,N,AAPL,313.05,2.0,313.08,2.0,0.0,1.0,2020-01-28 09:48:15.120230,313.04,313.08,0
2020-01-28 09:48:16,N,AAPL,313.04,4.0,313.08,4.0,0.0,2.0,2020-01-28 09:48:16.075619,313.07,313.12,0
2020-01-28 09:48:17,N,AAPL,313.07,3.0,313.12,2.0,-1.0,-2.0,2020-01-28 09:48:17.249715,313.08,313.11,0
2020-01-28 09:48:18,N,AAPL,313.08,4.0,313.11,2.0,2.0,0.0,2020-01-28 09:48:18.065307,312.97,313.0,-1
2020-01-28 09:48:19,N,AAPL,312.97,2.0,313.0,2.0,1.0,1.0,2020-01-28 09:48:19.562086,312.99,313.02,0
2020-01-28 09:48:21,N,AAPL,312.99,3.0,313.02,2.0,1.0,1.0,2020-01-28 09:48:21.404445,312.9,312.93,-1
2020-01-28 09:48:22,N,AAPL,312.9,2.0,312.93,3.0,1.0,2.0,2020-01-28 09:48:22.001658,312.92,312.95,0
2020-01-28 09:48:23,N,AAPL,312.92,4.0,312.95,1.0,2.0,0.0,2020-01-28 09:48:23.164804,312.97,313.01,1
2020-01-28 09:48:24,N,AAPL,312.97,1.0,313.01,1.0,-1.0,0.0,2020-01-28 09:48:24.046230,313.01,313.02,0
2020-01-28 09:48:25,N,AAPL,313.01,4.0,313.02,1.0,1.0,-4.0,2020-01-28 09:48:25.181261,313.02,313.06,0
2020-01-28 09:48:26,N,AAPL,313.02,1.0,313.06,2.0,-2.0,0.0,2020-01-28 09:48:26.362951,313.03,313.06,0
2020-01-28 09:48:27,N,AAPL,313.03,1.0,313.06,1.0,0.0,-1.0,2020-01-28 09:48:27.144630,313.05,313.09,0
2020-01-28 09:48:28,N,AAPL,313.05,2.0,313.09,1.0,0.0,-2.0,2020-01-28 09:48:28.726642,313.07,313.1,0
2020-01-28 09:48:29,N,AAPL,313.07,3.0,313.1,1.0,1.0,-1.0,2020-01-28 09:48:29.155556,313.04,313.08,0
2020-01-28 09:48:30,N,AAPL,313.04,1.0,313.08,4.0,-1.0,-1.0,2020-01-28 09:48:30.149818,313.04,313.09,0
2020-01-28 09:48:31,N,AAPL,313.04,2.0,313.09,3.0,0.0,2.0,2020-01-28 09:48:31.176127,313.09,313.11,0
2020-01-28 09:48:32,N,AAPL,313.09,4.0,313.11,2.0,2.0,0.0,2020-01-28 09:48:32.065287,313.09,313.14,0
2020-01-28 09:48:33,N,AAPL,313.09,2.0,313.14,1.0,0.0,-2.0,2020-01-28 09:48:33.034543,313.14,313.17,0
2020-01-28 09:48:35,N,AAPL,313.14,2.0,313.17,2.0,-1.0,0.0,2020-01-28 09:48:35.555799,313.19,313.24,1
2020-01-28 09:48:37,N,AAPL,313.19,2.0,313.24,2.0,-1.0,0.0,2020-01-28 09:48:37.352708,313.22,313.25,0
2020-01-28 09:48:38,N,AAPL,313.22,4.0,313.25,4.0,2.0,2.0,2020-01-28 09:48:38.632334,313.24,313.26,0
2020-01-28 09:48:39,N,AAPL,313.24,1.0,313.26,2.0,-1.0,-1.0,2020-01-28 09:48:39.586807,313.21,313.25,0
2020-01-28 09:48:41,N,AAPL,313.21,2.0,313.25,2.0,1.0,1.0,2020-01-28 09:48:41.697070,313.18,313.22,0
2020-01-28 09:48:42,N,AAPL,313.18,2.0,313.22,3.0,1.0,0.0,2020-01-28 09:48:42.072857,313.21,313.24,0
2020-01-28 09:48:43,N,AAPL,313.21,4.0,313.24,2.0,3.0,0.0,2020-01-28 09:48:43.761811,313.21,313.24,0
2020-01-28 09:48:45,N,AAPL,313.21,2.0,313.24,2.0,-2.0,-1.0,2020-01-28 09:48:45.551431,313.23,313.27,0
2020-01-28 09:48:46,N,AAPL,313.23,2.0,313.27,1.0,-1.0,-3.0,2020-01-28 09:48:46.060671,313.22,313.24,0
2020-01-28 09:48:47,N,AAPL,313.22,1.0,313.24,2.0,0.0,1.0,2020-01-28 09:48:47.981833,313.21,313.24,0
2020-01-28 09:48:48,N,AAPL,313.21,1.0,313.24,2.0,0.0,0.0,2020-01-28 09:48:48.236598,313.2,313.24,0
2020-01-28 09:48:49,N,AAPL,313.2,2.0,313.24,2.0,0.0,-2.0,2020-01-28 09:48:49.529356,313.19,313.22,0
2020-01-28 09:48:50,N,AAPL,313.19,1.0,313.22,2.0,-1.0,0.0,2020-01-28 09:48:50.086345,313.22,313.25,0
2020-01-28 09:48:52,N,AAPL,313.22,3.0,313.25,2.0,2.0,1.0,2020-01-28 09:48:52.039170,313.18,313.22,0
2020-01-28 09:48:53,N,AAPL,313.18,2.0,313.22,4.0,1.0,1.0,2020-01-28 09:48:53.425898,313.2,313.24,0
2020-01-28 09:48:54,N,AAPL,313.2,1.0,313.24,3.0,-2.0,-2.0,2020-01-28 09:48:54.290724,313.24,313.25,0
2020-01-28 09:48:57,N,AAPL,313.24,1.0,313.25,5.0,0.0,3.0,2020-01-28 09:48:57.727819,313.24,313.25,0
2020-01-28 09:48:58,N,AAPL,313.24,2.0,313.25,5.0,1.0,0.0,2020-01-28 09:48:58.212411,313.24,313.26,0
2020-01-28 09:48:59,N,AAPL,313.24,5.0,313.26,2.0,3.0,-3.0,2020-01-28 09:48:59.204257,313.25,313.28,0
2020-01-28 09:49:00,N,AAPL,313.25,2.0,313.28,1.0,1.0,-3.0,2020-01-28 09:49:00.128726,313.32,313.33,1
2020-01-28 09:49:01,N,AAPL,313.32,1.0,313.33,4.0,-1.0,0.0,2020-01-28 09:49:01.740656,313.34,313.36,1
2020-01-28 09:49:02,N,AAPL,313.34,3.0,313.36,2.0,2.0,-2.0,2020-01-28 09:49:02.254397,313.36,313.39,0
2020-01-28 09:49:03,N,AAPL,313.36,2.0,313.39,2.0,-1.0,-1.0,2020-01-28 09:49:03.142005,313.26,313.3,-1
2020-01-28 09:49:04,N,AAPL,313.26,1.0,313.3,1.0,0.0,-3.0,2020-01-28 09:49:04.001340,313.27,313.3,0
2020-01-28 09:49:05,N,AAPL,313.27,2.0,313.3,1.0,0.0,-1.0,2020-01-28 09:49:05.147564,313.26,313.29,0
2020-01-28 09:49:07,N,AAPL,313.26,4.0,313.29,2.0,2.0,0.0,2020-01-28 09:49:07.029997,313.27,313.29,0
2020-01-28 09:49:09,N,AAPL,313.27,1.0,313.29,2.0,-1.0,1.0,2020-01-28 09:49:09.253304,313.23,313.25,-1
2020-01-28 09:49:10,N,AAPL,313.23,2.0,313.25,7.0,0.0,6.0,2020-01-28 09:49:10.723080,313.16,313.18,-1
2020-01-28 09:49:11,N,AAPL,313.16,2.0,313.18,1.0,1.0,-2.0,2020-01-28 09:49:11.100041,313.16,313.19,0
2020-01-28 09:49:12,N,AAPL,313.16,4.0,313.19,1.0,3.0,-1.0,2020-01-28 09:49:12.626125,313.15,313.18,0
2020-01-28 09:49:13,N,AAPL,313.15,6.0,313.18,5.0,4.0,3.0,2020-01-28 09:49:13.315133,313.13,313.16,0
2020-01-28 09:49:14,N,AAPL,313.13,2.0,313.16,2.0,-3.0,0.0,2020-01-28 09:49:14.130352,313.11,313.14,0
2020-01-28 09:49:15,N,AAPL,313.11,1.0,313.14,1.0,-1.0,-2.0,2020-01-28 09:49:15.796621,313.1,313.13,0
2020-01-28 09:49:16,N,AAPL,313.1,1.0,313.13,1.0,-1.0,-1.0,2020-01-28 09:49:16.682957,313.11,313.14,0
2020-01-28 09:49:17,N,AAPL,313.11,4.0,313.14,1.0,3.0,0.0,2020-01-28 09:49:17.274802,313.1,313.14,0
2020-01-28 09:49:18,N,AAPL,313.1,1.0,313.14,4.0,-2.0,3.0,2020-01-28 09:49:18.214802,313.11,313.14,0
2020-01-28 09:49:19,N,AAPL,313.11,2.0,313.14,2.0,1.0,0.0,2020-01-28 09:49:19.279645,313.13,313.15,0
2020-01-28 09:49:21,N,AAPL,313.13,8.0,313.15,2.0,5.0,0.0,2020-01-28 09:49:21.462923,313.07,313.11,-1
2020-01-28 09:49:22,N,AAPL,313.07,1.0,313.11,5.0,0.0,2.0,2020-01-28 09:49:22.378230,313.12,313.16,1
2020-01-28 09:49:23,N,AAPL,313.12,2.0,313.16,4.0,0.0,3.0,2020-01-28 09:49:23.113171,313.16,313.2,0
2020-01-28 09:49:24,N,AAPL,313.16,3.0,313.2,2.0,2.0,1.0,2020-01-28 09:49:24.593456,313.11,313.14,-1
2020-01-28 09:49:25,N,AAPL,313.11,2.0,313.14,1.0,0.0,-1.0,2020-01-28 09:49:25.180697,313.12,313.14,0
2020-01-28 09:49:26,N,AAPL,313.12,4.0,313.14,1.0,3.0,-3.0,2020-01-28 09:49:26.063099,313.07,313.12,0
2020-01-28 09:49:27,N,AAPL,313.07,4.0,313.12,3.0,3.0,2.0,2020-01-28 09:49:27.222457,313.07,313.1,0
2020-01-28 09:49:28,N,AAPL,313.07,2.0,313.1,5.0,-2.0,3.0,2020-01-28 09:49:28.330100,313.05,313.08,0
2020-01-28 09:49:29,N,AAPL,313.05,1.0,313.08,2.0,0.0,1.0,2020-01-28 09:49:29.139450,313.09,313.11,1
2020-01-28 09:49:30,N,AAPL,313.09,2.0,313.11,1.0,1.0,-1.0,2020-01-28 09:49:30.439661,313.15,313.17,1
2020-01-28 09:49:31,N,AAPL,313.15,2.0,313.17,1.0,-1.0,0.0,2020-01-28 09:49:31.255657,313.09,313.13,-1
