last_interval,Exchange,Symbol,Best_Bid_Price,FB0,Best_Offer_Price,FA0,FB2,FA2,p_time,Next_Best_Bid,Next_Best_Offer,outcome
2020-01-17 09:30:00,N,AAPL,316.21,2.0,316.41,89.0,0.0,88.0,2020-01-17 09:30:00.183188,316.61,316.67,1
2020-01-17 09:30:04,N,AAPL,316.61,1.0,316.67,1.0,-1.0,-88.0,2020-01-17 09:30:04.058911,316.32,316.38,-1
2020-01-17 09:30:12,N,AAPL,316.32,1.0,316.38,2.0,-1.0,1.0,2020-01-17 09:30:12.774153,316.18,316.19,-1
2020-01-17 09:30:17,N,AAPL,316.18,1.0,316.19,25.0,0.0,23.0,2020-01-17 09:30:17.438896,316.31,316.39,1
2020-01-17 09:30:19,N,AAPL,316.31,1.0,316.39,2.0,-1.0,0.0,2020-01-17 09:30:19.836199,316.31,316.4,0
2020-01-17 09:30:20,N,AAPL,316.31,1.0,316.4,1.0,0.0,-1.0,2020-01-17 09:30:20.730120,316.24,316.27,-1
2020-01-17 09:30:28,N,AAPL,316.24,1.0,316.27,2.0,0.0,1.0,2020-01-17 09:30:28.072211,316.34,316.37,1
2020-01-17 09:30:29,N,AAPL,316.34,4.0,316.37,2.0,2.0,0.0,2020-01-17 09:30:29.004287,316.45,316.48,1
2020-01-17 09:30:30,N,AAPL,316.45,1.0,316.48,1.0,-1.0,-1.0,2020-01-17 09:30:30.304438,316.38,316.44,-1
2020-01-17 09:30:31,N,AAPL,316.38,2.0,316.44,2.0,1.0,-2.0,2020-01-17 09:30:31.498833,316.36,316.39,0
2020-01-17 09:30:32,N,AAPL,316.36,1.0,316.39,2.0,-1.0,0.0,2020-01-17 09:30:32.163688,316.35,316.41,0
2020-01-17 09:30:33,N,AAPL,316.35,5.0,316.41,2.0,4.0,0.0,2020-01-17 09:30:33.886929,316.37,316.42,0
2020-01-17 09:30:34,N,AAPL,316.37,4.0,316.42,2.0,-1.0,0.0,2020-01-17 09:30:34.669490,316.39,316.44,0
2020-01-17 09:30:35,N,AAPL,316.39,2.0,316.44,10.0,-3.0,8.0,2020-01-17 09:30:35.571920,316.36,316.43,0
2020-01-17 09:30:36,N,AAPL,316.36,4.0,316.43,4.0,2.0,-6.0,2020-01-17 09:30:36.040346,316.25,316.3,-1
2020-01-17 09:30:37,N,AAPL,316.25,1.0,316.3,1.0,-1.0,0.0,2020-01-17 09:30:37.024061,316.24,316.31,0
2020-01-17 09:30:38,N,AAPL,316.24,2.0,316.31,2.0,0.0,-1.0,2020-01-17 09:30:38.038918,316.14,316.2,-1
2020-01-17 09:30:39,N,AAPL,316.14,2.0,316.2,4.0,1.0,-6.0,2020-01-17 09:30:39.496209,316.14,316.2,0
2020-01-17 09:30:40,N,AAPL,316.14,1.0,316.2,3.0,0.0,-1.0,2020-01-17 09:30:40.203847,316.15,316.2,0
2020-01-17 09:30:41,N,AAPL,316.15,4.0,316.2,4.0,3.0,1.0,2020-01-17 09:30:41.518255,316.13,316.16,0
2020-01-17 09:30:42,N,AAPL,316.13,2.0,316.16,2.0,1.0,-2.0,2020-01-17 09:30:42.005835,316.11,316.17,0
2020-01-17 09:30:43,N,AAPL,316.11,2.0,316.17,3.0,-2.0,1.0,2020-01-17 09:30:43.214187,316.1,316.14,0
2020-01-17 09:30:44,N,AAPL,316.1,1.0,316.14,4.0,-1.0,1.0,2020-01-17 09:30:44.104467,316.09,316.13,0
2020-01-17 09:30:45,N,AAPL,316.09,3.0,316.13,4.0,1.0,2.0,2020-01-17 09:30:45.373056,316.09,316.15,0
2020-01-17 09:30:46,N,AAPL,316.09,2.0,316.15,3.0,0.0,2.0,2020-01-17 09:30:46.485620,316.04,316.07,-1
2020-01-17 09:30:48,N,AAPL,316.04,4.0,316.07,2.0,-2.0,1.0,2020-01-17 09:30:48.718834,315.91,315.95,-1
2020-01-17 09:30:49,N,AAPL,315.91,1.0,315.95,2.0,0.0,-2.0,2020-01-17 09:30:49.004445,315.86,315.92,0
2020-01-17 09:30:50,N,AAPL,315.86,2.0,315.92,1.0,-2.0,0.0,2020-01-17 09:30:50.095823,315.82,315.88,0
2020-01-17 09:30:51,N,AAPL,315.82,1.0,315.88,3.0,-1.0,0.0,2020-01-17 09:30:51.006582,315.82,315.86,0
2020-01-17 09:30:52,N,AAPL,315.82,4.0,315.86,3.0,2.0,2.0,2020-01-17 09:30:52.222689,315.82,315.86,0
2020-01-17 09:30:53,N,AAPL,315.82,2.0,315.86,6.0,0.0,1.0,2020-01-17 09:30:53.231198,315.82,315.83,0
2020-01-17 09:30:54,N,AAPL,315.82,4.0,315.83,1.0,2.0,-1.0,2020-01-17 09:30:54.136772,315.77,315.82,0
2020-01-17 09:30:55,N,AAPL,315.77,2.0,315.82,2.0,-1.0,0.0,2020-01-17 09:30:55.034094,315.71,315.74,-1
2020-01-17 09:30:56,N,AAPL,315.71,2.0,315.74,2.0,0.0,1.0,2020-01-17 09:30:56.120110,315.62,315.66,-1
2020-01-17 09:30:58,N,AAPL,315.62,2.0,315.66,1.0,-2.0,0.0,2020-01-17 09:30:58.797533,315.69,315.75,1
2020-01-17 09:30:59,N,AAPL,315.69,1.0,315.75,2.0,-1.0,1.0,2020-01-17 09:30:59.301529,315.77,315.84,1
2020-01-17 09:31:00,N,AAPL,315.77,2.0,315.84,1.0,0.0,0.0,2020-01-17 09:31:00.180500,315.81,315.89,0
2020-01-17 09:31:01,N,AAPL,315.81,2.0,315.89,2.0,0.0,-2.0,2020-01-17 09:31:01.417177,315.81,315.9,0
2020-01-17 09:31:02,N,AAPL,315.81,2.0,315.9,4.0,1.0,3.0,2020-01-17 09:31:02.010543,315.8,315.87,0
2020-01-17 09:31:03,N,AAPL,315.8,1.0,315.87,4.0,0.0,1.0,2020-01-17 09:31:03.004329,315.71,315.78,-1
2020-01-17 09:31:04,N,AAPL,315.71,4.0,315.78,2.0,0.0,0.0,2020-01-17 09:31:04.020301,315.62,315.69,-1
2020-01-17 09:31:05,N,AAPL,315.62,1.0,315.69,4.0,-1.0,2.0,2020-01-17 09:31:05.073523,315.71,315.77,1
2020-01-17 09:31:06,N,AAPL,315.71,1.0,315.77,1.0,-1.0,-1.0,2020-01-17 09:31:06.035333,315.75,315.77,0
2020-01-17 09:31:07,N,AAPL,315.75,2.0,315.77,3.0,-3.0,-1.0,2020-01-17 09:31:07.266504,315.81,315.9,1
2020-01-17 09:31:08,N,AAPL,315.81,1.0,315.9,4.0,0.0,3.0,2020-01-17 09:31:08.572369,315.79,315.87,0
2020-01-17 09:31:09,N,AAPL,315.79,2.0,315.87,1.0,1.0,0.0,2020-01-17 09:31:09.345412,315.71,315.76,-1
2020-01-17 09:31:10,N,AAPL,315.71,3.0,315.76,1.0,2.0,-2.0,2020-01-17 09:31:10.376034,315.66,315.7,-1
2020-01-17 09:31:11,N,AAPL,315.66,1.0,315.7,2.0,0.0,0.0,2020-01-17 09:31:11.017357,315.68,315.73,0
2020-01-17 09:31:12,N,AAPL,315.68,2.0,315.73,4.0,-2.0,2.0,2020-01-17 09:31:12.223036,315.67,315.73,0
2020-01-17 09:31:13,N,AAPL,315.67,1.0,315.73,1.0,-1.0,-1.0,2020-01-17 09:31:13.004584,315.69,315.78,0
2020-01-17 09:31:14,N,AAPL,315.69,3.0,315.78,2.0,1.0,-2.0,2020-01-17 09:31:14.144277,315.71,315.76,0
2020-01-17 09:31:15,N,AAPL,315.71,1.0,315.76,2.0,0.0,-1.0,2020-01-17 09:31:15.004026,315.68,315.71,0
2020-01-17 09:31:16,N,AAPL,315.68,1.0,315.71,4.0,0.0,2.0,2020-01-17 09:31:16.604365,315.66,315.73,0
2020-01-17 09:31:17,N,AAPL,315.66,1.0,315.73,2.0,0.0,1.0,2020-01-17 09:31:17.442728,315.68,315.73,0
2020-01-17 09:31:18,N,AAPL,315.68,1.0,315.73,2.0,0.0,0.0,2020-01-17 09:31:18.087357,315.76,315.8,1
2020-01-17 09:31:19,N,AAPL,315.76,1.0,315.8,2.0,-5.0,-2.0,2020-01-17 09:31:19.147161,315.83,315.9,1
2020-01-17 09:31:20,N,AAPL,315.83,2.0,315.9,1.0,0.0,-3.0,2020-01-17 09:31:20.044769,315.84,315.9,0
2020-01-17 09:31:21,N,AAPL,315.84,5.0,315.9,2.0,4.0,1.0,2020-01-17 09:31:21.599454,315.9,315.95,0
2020-01-17 09:31:22,N,AAPL,315.9,2.0,315.95,2.0,0.0,1.0,2020-01-17 09:31:22.148004,315.91,315.96,0
2020-01-17 09:31:23,N,AAPL,315.91,4.0,315.96,4.0,3.0,1.0,2020-01-17 09:31:23.068315,316.0,316.05,1
2020-01-17 09:31:24,N,AAPL,316.0,1.0,316.05,4.0,0.0,2.0,2020-01-17 09:31:24.080305,316.03,316.07,0
2020-01-17 09:31:25,N,AAPL,316.03,1.0,316.07,1.0,-1.0,0.0,2020-01-17 09:31:25.004009,316.15,316.2,1
2020-01-17 09:31:26,N,AAPL,316.15,2.0,316.2,2.0,-2.0,1.0,2020-01-17 09:31:26.905076,316.17,316.22,0
2020-01-17 09:31:27,N,AAPL,316.17,4.0,316.22,12.0,3.0,11.0,2020-01-17 09:31:27.600319,316.13,316.2,0
2020-01-17 09:31:28,N,AAPL,316.13,1.0,316.2,2.0,-1.0,-10.0,2020-01-17 09:31:28.629093,316.13,316.2,0
2020-01-17 09:31:29,N,AAPL,316.13,3.0,316.2,4.0,2.0,2.0,2020-01-17 09:31:29.790227,316.09,316.13,0
2020-01-17 09:31:31,N,AAPL,316.09,2.0,316.13,2.0,-1.0,0.0,2020-01-17 09:31:31.930447,316.12,316.16,0
2020-01-17 09:31:32,N,AAPL,316.12,2.0,316.16,4.0,1.0,2.0,2020-01-17 09:31:32.039309,316.21,316.24,1
2020-01-17 09:31:33,N,AAPL,316.21,4.0,316.24,3.0,2.0,2.0,2020-01-17 09:31:33.536051,316.19,316.24,0
2020-01-17 09:31:36,N,AAPL,316.19,4.0,316.24,3.0,3.0,-1.0,2020-01-17 09:31:36.756637,316.22,316.25,0
2020-01-17 09:31:37,N,AAPL,316.22,2.0,316.25,6.0,0.0,3.0,2020-01-17 09:31:37.274751,316.23,316.24,0
2020-01-17 09:31:38,N,AAPL,316.23,2.0,316.24,3.0,0.0,2.0,2020-01-17 09:31:38.615148,316.31,316.36,1
2020-01-17 09:31:39,N,AAPL,316.31,2.0,316.36,2.0,0.0,-1.0,2020-01-17 09:31:39.204572,316.48,316.56,1
2020-01-17 09:31:40,N,AAPL,316.48,4.0,316.56,2.0,0.0,0.0,2020-01-17 09:31:40.529922,316.46,316.52,0
2020-01-17 09:31:41,N,AAPL,316.46,3.0,316.52,2.0,2.0,-1.0,2020-01-17 09:31:41.136161,316.41,316.49,0
2020-01-17 09:31:42,N,AAPL,316.41,2.0,316.49,2.0,1.0,0.0,2020-01-17 09:31:42.230809,316.38,316.44,0
2020-01-17 09:31:43,N,AAPL,316.38,2.0,316.44,1.0,0.0,-1.0,2020-01-17 09:31:43.119565,316.36,316.42,0
2020-01-17 09:31:45,N,AAPL,316.36,2.0,316.42,1.0,1.0,-1.0,2020-01-17 09:31:45.030530,316.31,316.39,0
2020-01-17 09:31:46,N,AAPL,316.31,2.0,316.39,2.0,1.0,0.0,2020-01-17 09:31:46.641004,316.27,316.31,0
2020-01-17 09:31:48,N,AAPL,316.27,1.0,316.31,2.0,0.0,0.0,2020-01-17 09:31:48.830045,316.28,316.32,0
2020-01-17 09:31:50,N,AAPL,316.28,2.0,316.32,4.0,1.0,3.0,2020-01-17 09:31:50.069952,316.33,316.37,1
2020-01-17 09:31:51,N,AAPL,316.33,1.0,316.37,4.0,0.0,3.0,2020-01-17 09:31:51.403066,316.31,316.38,0
2020-01-17 09:31:52,N,AAPL,316.31,1.0,316.38,1.0,-1.0,0.0,2020-01-17 09:31:52.556731,316.29,316.31,0
2020-01-17 09:31:54,N,AAPL,316.29,2.0,316.31,2.0,1.0,1.0,2020-01-17 09:31:54.213073,316.25,316.34,0
2020-01-17 09:31:55,N,AAPL,316.25,2.0,316.34,2.0,-1.0,0.0,2020-01-17 09:31:55.038459,316.22,316.26,0
2020-01-17 09:31:56,N,AAPL,316.22,1.0,316.26,2.0,-5.0,-2.0,2020-01-17 09:31:56.431129,316.13,316.17,-1
2020-01-17 09:31:57,N,AAPL,316.13,1.0,316.17,1.0,0.0,-1.0,2020-01-17 09:31:57.892445,316.09,316.16,0
2020-01-17 09:31:58,N,AAPL,316.09,2.0,316.16,2.0,1.0,1.0,2020-01-17 09:31:58.154834,316.02,316.09,0
2020-01-17 09:31:59,N,AAPL,316.02,2.0,316.09,4.0,1.0,3.0,2020-01-17 09:31:59.576151,316.01,316.07,0
2020-01-17 09:32:01,N,AAPL,316.01,1.0,316.07,1.0,0.0,0.0,2020-01-17 09:32:01.003644,316.21,316.25,1
2020-01-17 09:32:02,N,AAPL,316.21,2.0,316.25,2.0,0.0,1.0,2020-01-17 09:32:02.217885,316.2,316.3,0
2020-01-17 09:32:03,N,AAPL,316.2,1.0,316.3,3.0,-1.0,0.0,2020-01-17 09:32:03.147971,316.2,316.28,0
2020-01-17 09:32:04,N,AAPL,316.2,2.0,316.28,2.0,0.0,-2.0,2020-01-17 09:32:04.013303,316.2,316.28,0
2020-01-17 09:32:05,N,AAPL,316.2,1.0,316.28,1.0,-3.0,0.0,2020-01-17 09:32:05.023156,316.26,316.33,0
2020-01-17 09:32:06,N,AAPL,316.26,3.0,316.33,4.0,1.0,-9.0,2020-01-17 09:32:06.186100,316.25,316.34,0
2020-01-17 09:32:07,N,AAPL,316.25,2.0,316.34,2.0,-2.0,0.0,2020-01-17 09:32:07.018899,316.27,316.32,0
2020-01-17 09:32:08,N,AAPL,316.27,2.0,316.32,3.0,-2.0,1.0,2020-01-17 09:32:08.144117,316.29,316.34,0
2020-01-17 09:32:10,N,AAPL,316.29,1.0,316.34,2.0,-1.0,-2.0,2020-01-17 09:32:10.036166,316.21,316.26,-1
2020-01-17 09:32:11,N,AAPL,316.21,2.0,316.26,2.0,1.0,1.0,2020-01-17 09:32:11.070932,316.16,316.22,0
2020-01-17 09:32:12,N,AAPL,316.16,2.0,316.22,1.0,1.0,-1.0,2020-01-17 09:32:12.327559,316.02,316.09,-1
2020-01-17 09:32:13,N,AAPL,316.02,1.0,316.09,1.0,-1.0,-3.0,2020-01-17 09:32:13.230721,315.96,315.99,-1
2020-01-17 09:32:14,N,AAPL,315.96,2.0,315.99,1.0,0.0,-4.0,2020-01-17 09:32:14.092397,315.97,316.07,0
2020-01-17 09:32:15,N,AAPL,315.97,2.0,316.07,2.0,0.0,-2.0,2020-01-17 09:32:15.442525,316.03,316.1,0
2020-01-17 09:32:16,N,AAPL,316.03,1.0,316.1,1.0,-2.0,-1.0,2020-01-17 09:32:16.252179,316.01,316.09,0
2020-01-17 09:32:17,N,AAPL,316.01,2.0,316.09,2.0,1.0,1.0,2020-01-17 09:32:17.815055,315.99,316.05,0
2020-01-17 09:32:18,N,AAPL,315.99,2.0,316.05,2.0,0.0,-18.0,2020-01-17 09:32:18.762085,315.96,316.05,0
2020-01-17 09:32:20,N,AAPL,315.96,1.0,316.05,2.0,-1.0,-3.0,2020-01-17 09:32:20.396890,316.04,316.13,0
2020-01-17 09:32:21,N,AAPL,316.04,3.0,316.13,4.0,-1.0,1.0,2020-01-17 09:32:21.036184,316.07,316.13,0
2020-01-17 09:32:22,N,AAPL,316.07,2.0,316.13,1.0,0.0,0.0,2020-01-17 09:32:22.029883,316.12,316.22,0
2020-01-17 09:32:23,N,AAPL,316.12,2.0,316.22,1.0,0.0,-1.0,2020-01-17 09:32:23.031154,316.19,316.23,0
2020-01-17 09:32:25,N,AAPL,316.19,2.0,316.23,2.0,0.0,0.0,2020-01-17 09:32:25.689286,316.16,316.24,0
2020-01-17 09:32:26,N,AAPL,316.16,2.0,316.24,2.0,0.0,1.0,2020-01-17 09:32:26.112544,316.16,316.21,0
2020-01-17 09:32:27,N,AAPL,316.16,2.0,316.21,2.0,0.0,0.0,2020-01-17 09:32:27.075387,316.05,316.13,-1
2020-01-17 09:32:28,N,AAPL,316.05,1.0,316.13,2.0,-1.0,0.0,2020-01-17 09:32:28.109877,316.07,316.17,0
2020-01-17 09:32:29,N,AAPL,316.07,2.0,316.17,4.0,1.0,2.0,2020-01-17 09:32:29.160789,316.1,316.18,0
2020-01-17 09:32:31,N,AAPL,316.1,2.0,316.18,2.0,0.0,1.0,2020-01-17 09:32:31.415746,316.1,316.15,0
2020-01-17 09:32:32,N,AAPL,316.1,1.0,316.15,4.0,0.0,2.0,2020-01-17 09:32:32.105929,316.12,316.16,0
2020-01-17 09:32:34,N,AAPL,316.12,2.0,316.16,1.0,0.0,-1.0,2020-01-17 09:32:34.248411,316.12,316.15,0
2020-01-17 09:32:37,N,AAPL,316.12,2.0,316.15,4.0,0.0,3.0,2020-01-17 09:32:37.244419,316.05,316.14,0
2020-01-17 09:32:38,N,AAPL,316.05,11.0,316.14,2.0,0.0,0.0,2020-01-17 09:32:38.070871,316.05,316.15,0
2020-01-17 09:32:39,N,AAPL,316.05,11.0,316.15,2.0,0.0,0.0,2020-01-17 09:32:39.044147,316.05,316.14,0
2020-01-17 09:32:40,N,AAPL,316.05,11.0,316.14,2.0,0.0,0.0,2020-01-17 09:32:40.343369,316.05,316.12,0
2020-01-17 09:32:42,N,AAPL,316.05,16.0,316.12,1.0,12.0,-1.0,2020-01-17 09:32:42.786017,316.07,316.14,0
2020-01-17 09:32:43,N,AAPL,316.07,2.0,316.14,2.0,-14.0,1.0,2020-01-17 09:32:43.293039,316.07,316.13,0
2020-01-17 09:32:44,N,AAPL,316.07,2.0,316.13,1.0,0.0,0.0,2020-01-17 09:32:44.112968,316.01,316.05,-1
2020-01-17 09:32:46,N,AAPL,316.01,2.0,316.05,4.0,0.0,3.0,2020-01-17 09:32:46.299648,315.9,315.95,-1
2020-01-17 09:32:48,N,AAPL,315.9,4.0,315.95,5.0,2.0,1.0,2020-01-17 09:32:48.557485,315.89,315.93,0
2020-01-17 09:32:49,N,AAPL,315.89,4.0,315.93,2.0,0.0,-2.0,2020-01-17 09:32:49.128116,315.86,315.91,0
2020-01-17 09:32:50,N,AAPL,315.86,1.0,315.91,2.0,-3.0,1.0,2020-01-17 09:32:50.504733,315.91,315.94,0
2020-01-17 09:32:52,N,AAPL,315.91,1.0,315.94,2.0,-1.0,0.0,2020-01-17 09:32:52.516089,316.01,316.1,1
2020-01-17 09:32:53,N,AAPL,316.01,4.0,316.1,1.0,2.0,0.0,2020-01-17 09:32:53.058355,316.01,316.1,0
2020-01-17 09:32:54,N,AAPL,316.01,3.0,316.1,1.0,-1.0,-1.0,2020-01-17 09:32:54.296176,316.01,316.06,0
2020-01-17 09:32:56,N,AAPL,316.01,6.0,316.06,4.0,3.0,3.0,2020-01-17 09:32:56.134159,316.01,316.06,0
2020-01-17 09:32:57,N,AAPL,316.01,4.0,316.06,2.0,-15.0,1.0,2020-01-17 09:32:57.700175,316.01,316.09,0
2020-01-17 09:32:58,N,AAPL,316.01,2.0,316.09,4.0,0.0,2.0,2020-01-17 09:32:58.070199,316.09,316.17,0
2020-01-17 09:32:59,N,AAPL,316.09,2.0,316.17,2.0,0.0,-2.0,2020-01-17 09:32:59.158786,316.11,316.15,0
2020-01-17 09:33:00,N,AAPL,316.11,1.0,316.15,2.0,-1.0,0.0,2020-01-17 09:33:00.504315,316.12,316.15,0
2020-01-17 09:33:01,N,AAPL,316.12,4.0,316.15,2.0,3.0,0.0,2020-01-17 09:33:01.596114,316.11,316.15,0
2020-01-17 09:33:02,N,AAPL,316.11,2.0,316.15,2.0,-1.0,1.0,2020-01-17 09:33:02.052445,316.03,316.11,0
2020-01-17 09:33:03,N,AAPL,316.03,1.0,316.11,2.0,-1.0,-4.0,2020-01-17 09:33:03.021625,316.0,316.02,-1
2020-01-17 09:33:04,N,AAPL,316.0,1.0,316.02,4.0,-2.0,0.0,2020-01-17 09:33:04.011757,315.94,315.99,-1
2020-01-17 09:33:05,N,AAPL,315.94,1.0,315.99,4.0,-1.0,3.0,2020-01-17 09:33:05.732798,315.98,316.03,0
2020-01-17 09:33:06,N,AAPL,315.98,2.0,316.03,1.0,-2.0,0.0,2020-01-17 09:33:06.052871,316.03,316.1,0
2020-01-17 09:33:07,N,AAPL,316.03,4.0,316.1,2.0,3.0,-2.0,2020-01-17 09:33:07.057606,316.0,316.03,0
2020-01-17 09:33:08,N,AAPL,316.0,1.0,316.03,4.0,-1.0,3.0,2020-01-17 09:33:08.101004,315.99,316.04,0
2020-01-17 09:33:09,N,AAPL,315.99,1.0,316.04,2.0,0.0,1.0,2020-01-17 09:33:09.414373,315.98,316.05,0
2020-01-17 09:33:10,N,AAPL,315.98,1.0,316.05,2.0,0.0,0.0,2020-01-17 09:33:10.010853,316.07,316.14,1
2020-01-17 09:33:11,N,AAPL,316.07,2.0,316.14,1.0,0.0,-3.0,2020-01-17 09:33:11.148299,316.08,316.14,0
2020-01-17 09:33:15,N,AAPL,316.08,2.0,316.14,2.0,0.0,1.0,2020-01-17 09:33:15.745709,316.03,316.09,0
2020-01-17 09:33:16,N,AAPL,316.03,1.0,316.09,2.0,0.0,-1.0,2020-01-17 09:33:16.369534,316.05,316.11,0
2020-01-17 09:33:17,N,AAPL,316.05,1.0,316.11,1.0,0.0,-1.0,2020-01-17 09:33:17.824818,316.03,316.09,0
2020-01-17 09:33:18,N,AAPL,316.03,1.0,316.09,3.0,-1.0,2.0,2020-01-17 09:33:18.018997,316.1,316.16,1
2020-01-17 09:33:20,N,AAPL,316.1,1.0,316.16,1.0,0.0,0.0,2020-01-17 09:33:20.125219,316.1,316.16,0
2020-01-17 09:33:21,N,AAPL,316.1,2.0,316.16,1.0,0.0,0.0,2020-01-17 09:33:21.288598,316.18,316.23,1
2020-01-17 09:33:22,N,AAPL,316.18,1.0,316.23,2.0,-4.0,-1.0,2020-01-17 09:33:22.596268,316.19,316.22,0
2020-01-17 09:33:24,N,AAPL,316.19,2.0,316.22,2.0,1.0,0.0,2020-01-17 09:33:24.438251,316.1,316.18,-1
2020-01-17 09:33:25,N,AAPL,316.1,5.0,316.18,1.0,4.0,-1.0,2020-01-17 09:33:25.116067,316.14,316.21,0
2020-01-17 09:33:27,N,AAPL,316.14,2.0,316.21,1.0,1.0,0.0,2020-01-17 09:33:27.350766,316.19,316.24,0
2020-01-17 09:33:28,N,AAPL,316.19,2.0,316.24,1.0,1.0,0.0,2020-01-17 09:33:28.706571,316.22,316.27,0
2020-01-17 09:33:29,N,AAPL,316.22,4.0,316.27,2.0,2.0,1.0,2020-01-17 09:33:29.630092,316.21,316.3,0
2020-01-17 09:33:32,N,AAPL,316.21,2.0,316.3,7.0,1.0,-13.0,2020-01-17 09:33:32.171863,316.23,316.29,0
2020-01-17 09:33:33,N,AAPL,316.23,4.0,316.29,1.0,3.0,-1.0,2020-01-17 09:33:33.443527,316.25,316.28,0
2020-01-17 09:33:37,N,AAPL,316.25,2.0,316.28,4.0,-4.0,2.0,2020-01-17 09:33:37.622258,316.25,316.29,0
2020-01-17 09:33:38,N,AAPL,316.25,2.0,316.29,2.0,1.0,1.0,2020-01-17 09:33:38.651705,316.22,316.25,0
2020-01-17 09:33:39,N,AAPL,316.22,1.0,316.25,2.0,-1.0,0.0,2020-01-17 09:33:39.960001,316.26,316.29,1
2020-01-17 09:33:40,N,AAPL,316.26,2.0,316.29,2.0,1.0,0.0,2020-01-17 09:33:40.620880,316.22,316.29,0
2020-01-17 09:33:41,N,AAPL,316.22,1.0,316.29,3.0,-4.0,1.0,2020-01-17 09:33:41.516265,316.21,316.28,0
2020-01-17 09:33:42,N,AAPL,316.21,2.0,316.28,1.0,0.0,-3.0,2020-01-17 09:33:42.061767,316.17,316.25,0
2020-01-17 09:33:43,N,AAPL,316.17,4.0,316.25,2.0,2.0,0.0,2020-01-17 09:33:43.146394,316.16,316.25,0
2020-01-17 09:33:45,N,AAPL,316.16,2.0,316.25,2.0,1.0,0.0,2020-01-17 09:33:45.365666,316.19,316.21,0
2020-01-17 09:33:46,N,AAPL,316.19,2.0,316.21,1.0,0.0,-1.0,2020-01-17 09:33:46.015114,316.1,316.16,-1
2020-01-17 09:33:47,N,AAPL,316.1,2.0,316.16,1.0,1.0,0.0,2020-01-17 09:33:47.370455,316.1,316.15,0
2020-01-17 09:33:49,N,AAPL,316.1,4.0,316.15,1.0,3.0,0.0,2020-01-17 09:33:49.819021,316.11,316.14,0
2020-01-17 09:33:52,N,AAPL,316.11,5.0,316.14,2.0,1.0,1.0,2020-01-17 09:33:52.288614,315.99,316.01,-1
2020-01-17 09:33:53,N,AAPL,315.99,2.0,316.01,2.0,-2.0,1.0,2020-01-17 09:33:53.886344,316.01,316.06,0
2020-01-17 09:33:54,N,AAPL,316.01,1.0,316.06,2.0,0.0,0.0,2020-01-17 09:33:54.722989,316.02,316.07,0
2020-01-17 09:33:55,N,AAPL,316.02,1.0,316.07,1.0,0.0,-1.0,2020-01-17 09:33:55.881906,316.03,316.09,0
2020-01-17 09:33:56,N,AAPL,316.03,2.0,316.09,1.0,1.0,0.0,2020-01-17 09:33:56.182029,316.02,316.1,0
2020-01-17 09:33:57,N,AAPL,316.02,4.0,316.1,3.0,2.0,1.0,2020-01-17 09:33:57.115734,316.03,316.09,0
2020-01-17 09:33:58,N,AAPL,316.03,1.0,316.09,1.0,-1.0,-1.0,2020-01-17 09:33:58.015453,316.03,316.06,0
2020-01-17 09:34:01,N,AAPL,316.03,1.0,316.06,4.0,-4.0,3.0,2020-01-17 09:34:01.390683,316.01,316.04,0
2020-01-17 09:34:02,N,AAPL,316.01,4.0,316.04,1.0,2.0,-1.0,2020-01-17 09:34:02.202690,316.0,316.04,0
2020-01-17 09:34:03,N,AAPL,316.0,1.0,316.04,2.0,0.0,0.0,2020-01-17 09:34:03.452276,316.01,316.04,0
2020-01-17 09:34:04,N,AAPL,316.01,4.0,316.04,2.0,3.0,0.0,2020-01-17 09:34:04.779734,316.03,316.05,0
2020-01-17 09:34:05,N,AAPL,316.03,4.0,316.05,2.0,0.0,0.0,2020-01-17 09:34:05.673715,316.0,316.03,0
2020-01-17 09:34:06,N,AAPL,316.0,3.0,316.03,1.0,2.0,-1.0,2020-01-17 09:34:06.090061,315.95,316.0,0
2020-01-17 09:34:07,N,AAPL,315.95,1.0,316.0,1.0,-1.0,-2.0,2020-01-17 09:34:07.363392,315.94,315.97,0
2020-01-17 09:34:08,N,AAPL,315.94,6.0,315.97,1.0,5.0,0.0,2020-01-17 09:34:08.095064,315.91,315.95,0
2020-01-17 09:34:09,N,AAPL,315.91,1.0,315.95,2.0,-1.0,0.0,2020-01-17 09:34:09.156024,315.88,315.95,0
2020-01-17 09:34:10,N,AAPL,315.88,2.0,315.95,1.0,-2.0,0.0,2020-01-17 09:34:10.078131,315.86,315.91,0
2020-01-17 09:34:11,N,AAPL,315.86,4.0,315.91,3.0,3.0,0.0,2020-01-17 09:34:11.240433,315.87,315.9,0
2020-01-17 09:34:12,N,AAPL,315.87,1.0,315.9,2.0,0.0,0.0,2020-01-17 09:34:12.704427,315.84,315.9,0
2020-01-17 09:34:13,N,AAPL,315.84,2.0,315.9,1.0,1.0,-1.0,2020-01-17 09:34:13.074707,315.87,315.92,0
2020-01-17 09:34:15,N,AAPL,315.87,4.0,315.92,2.0,1.0,0.0,2020-01-17 09:34:15.394067,315.92,315.94,0
2020-01-17 09:34:16,N,AAPL,315.92,4.0,315.94,4.0,0.0,2.0,2020-01-17 09:34:16.202449,315.85,315.89,-1
2020-01-17 09:34:19,N,AAPL,315.85,1.0,315.89,4.0,0.0,1.0,2020-01-17 09:34:19.004833,315.81,315.83,-1
2020-01-17 09:34:22,N,AAPL,315.81,1.0,315.83,4.0,-1.0,2.0,2020-01-17 09:34:22.299688,315.84,315.88,1
2020-01-17 09:34:23,N,AAPL,315.84,2.0,315.88,2.0,1.0,1.0,2020-01-17 09:34:23.162754,315.85,315.88,0
2020-01-17 09:34:24,N,AAPL,315.85,1.0,315.88,2.0,-1.0,1.0,2020-01-17 09:34:24.011520,315.88,315.92,0
2020-01-17 09:34:26,N,AAPL,315.88,2.0,315.92,1.0,-1.0,-1.0,2020-01-17 09:34:26.186979,315.87,315.92,0
2020-01-17 09:34:27,N,AAPL,315.87,4.0,315.92,1.0,0.0,-1.0,2020-01-17 09:34:27.051480,315.86,315.87,0
2020-01-17 09:34:29,N,AAPL,315.86,2.0,315.87,2.0,-2.0,1.0,2020-01-17 09:34:29.048586,315.83,315.87,0
2020-01-17 09:34:31,N,AAPL,315.83,1.0,315.87,1.0,-1.0,-1.0,2020-01-17 09:34:31.391532,315.83,315.87,0
2020-01-17 09:34:32,N,AAPL,315.83,1.0,315.87,2.0,0.0,1.0,2020-01-17 09:34:32.703092,315.84,315.88,0
2020-01-17 09:34:33,N,AAPL,315.84,2.0,315.88,1.0,0.0,0.0,2020-01-17 09:34:33.095999,315.82,315.88,0
2020-01-17 09:34:34,N,AAPL,315.82,3.0,315.88,1.0,0.0,0.0,2020-01-17 09:34:34.093453,315.82,315.86,0
2020-01-17 09:34:35,N,AAPL,315.82,1.0,315.86,2.0,0.0,0.0,2020-01-17 09:34:35.649182,315.85,315.9,0
2020-01-17 09:34:36,N,AAPL,315.85,2.0,315.9,2.0,-1.0,1.0,2020-01-17 09:34:36.871993,315.87,315.9,0
2020-01-17 09:34:37,N,AAPL,315.87,3.0,315.9,2.0,-1.0,0.0,2020-01-17 09:34:37.215791,315.94,315.99,1
2020-01-17 09:34:38,N,AAPL,315.94,2.0,315.99,1.0,0.0,0.0,2020-01-17 09:34:38.277763,315.95,316.01,0
2020-01-17 09:34:39,N,AAPL,315.95,4.0,316.01,2.0,2.0,1.0,2020-01-17 09:34:39.205103,316.04,316.09,1
2020-01-17 09:34:40,N,AAPL,316.04,2.0,316.09,1.0,0.0,0.0,2020-01-17 09:34:40.367182,316.04,316.09,0
2020-01-17 09:34:41,N,AAPL,316.04,3.0,316.09,2.0,1.0,1.0,2020-01-17 09:34:41.547389,316.04,316.08,0
2020-01-17 09:34:42,N,AAPL,316.04,3.0,316.08,4.0,1.0,2.0,2020-01-17 09:34:42.425214,316.08,316.13,0
2020-01-17 09:34:44,N,AAPL,316.08,4.0,316.13,1.0,2.0,-1.0,2020-01-17 09:34:44.298346,316.09,316.13,0
2020-01-17 09:34:45,N,AAPL,316.09,2.0,316.13,2.0,0.0,0.0,2020-01-17 09:34:45.056209,316.11,316.19,0
2020-01-17 09:34:46,N,AAPL,316.11,2.0,316.19,4.0,-2.0,2.0,2020-01-17 09:34:46.013717,316.15,316.2,0
2020-01-17 09:34:47,N,AAPL,316.15,2.0,316.2,1.0,0.0,-1.0,2020-01-17 09:34:47.260118,316.18,316.21,0
2020-01-17 09:34:48,N,AAPL,316.18,2.0,316.21,2.0,-1.0,0.0,2020-01-17 09:34:48.081012,316.15,316.21,0
2020-01-17 09:34:49,N,AAPL,316.15,2.0,316.21,1.0,0.0,-3.0,2020-01-17 09:34:49.128680,316.15,316.22,0
2020-01-17 09:34:50,N,AAPL,316.15,1.0,316.22,2.0,-2.0,0.0,2020-01-17 09:34:50.219916,316.06,316.1,-1
2020-01-17 09:34:52,N,AAPL,316.06,1.0,316.1,2.0,0.0,0.0,2020-01-17 09:34:52.199063,316.06,316.11,0
2020-01-17 09:34:53,N,AAPL,316.06,3.0,316.11,1.0,1.0,-1.0,2020-01-17 09:34:53.164912,316.09,316.14,0
2020-01-17 09:34:54,N,AAPL,316.09,1.0,316.14,1.0,-4.0,0.0,2020-01-17 09:34:54.654166,316.1,316.13,0
2020-01-17 09:34:56,N,AAPL,316.1,2.0,316.13,1.0,1.0,0.0,2020-01-17 09:34:56.578106,316.12,316.17,0
2020-01-17 09:34:57,N,AAPL,316.12,3.0,316.17,2.0,1.0,1.0,2020-01-17 09:34:57.004429,316.16,316.2,0
2020-01-17 09:34:59,N,AAPL,316.16,2.0,316.2,2.0,-2.0,0.0,2020-01-17 09:34:59.458226,316.19,316.24,0
2020-01-17 09:35:00,N,AAPL,316.19,2.0,316.24,2.0,1.0,0.0,2020-01-17 09:35:00.036491,316.22,316.25,0
2020-01-17 09:35:05,N,AAPL,316.22,2.0,316.25,1.0,1.0,-2.0,2020-01-17 09:35:05.547230,316.21,316.25,0
2020-01-17 09:35:06,N,AAPL,316.21,2.0,316.25,2.0,-2.0,1.0,2020-01-17 09:35:06.063941,316.29,316.3,1
2020-01-17 09:35:07,N,AAPL,316.29,4.0,316.3,1.0,2.0,-7.0,2020-01-17 09:35:07.383748,316.25,316.29,0
2020-01-17 09:35:08,N,AAPL,316.25,3.0,316.29,2.0,2.0,0.0,2020-01-17 09:35:08.216652,316.22,316.26,0
2020-01-17 09:35:09,N,AAPL,316.22,2.0,316.26,2.0,-1.0,0.0,2020-01-17 09:35:09.805721,316.22,316.28,0
2020-01-17 09:35:10,N,AAPL,316.22,2.0,316.28,2.0,0.0,0.0,2020-01-17 09:35:10.165596,316.23,316.24,0
2020-01-17 09:35:13,N,AAPL,316.23,1.0,316.24,1.0,-6.0,-3.0,2020-01-17 09:35:13.297184,316.24,316.3,0
2020-01-17 09:35:14,N,AAPL,316.24,2.0,316.3,2.0,1.0,-21.0,2020-01-17 09:35:14.096958,316.21,316.25,0
2020-01-17 09:35:17,N,AAPL,316.21,4.0,316.25,1.0,2.0,-1.0,2020-01-17 09:35:17.118980,316.22,316.28,0
2020-01-17 09:35:18,N,AAPL,316.22,1.0,316.28,1.0,0.0,-1.0,2020-01-17 09:35:18.509927,316.24,316.27,0
2020-01-17 09:35:21,N,AAPL,316.24,2.0,316.27,4.0,1.0,3.0,2020-01-17 09:35:21.556897,316.22,316.27,0
2020-01-17 09:35:23,N,AAPL,316.22,4.0,316.27,2.0,2.0,-2.0,2020-01-17 09:35:23.838338,316.2,316.22,0
2020-01-17 09:35:25,N,AAPL,316.2,2.0,316.22,2.0,-2.0,0.0,2020-01-17 09:35:25.275724,316.22,316.25,0
2020-01-17 09:35:27,N,AAPL,316.22,1.0,316.25,1.0,-2.0,-1.0,2020-01-17 09:35:27.902238,316.21,316.24,0
2020-01-17 09:35:29,N,AAPL,316.21,3.0,316.24,2.0,2.0,1.0,2020-01-17 09:35:29.386931,316.23,316.26,0
2020-01-17 09:35:30,N,AAPL,316.23,2.0,316.26,1.0,0.0,0.0,2020-01-17 09:35:30.208111,316.24,316.27,0
2020-01-17 09:35:31,N,AAPL,316.24,4.0,316.27,2.0,2.0,1.0,2020-01-17 09:35:31.473716,316.25,316.27,0
2020-01-17 09:35:32,N,AAPL,316.25,2.0,316.27,2.0,0.0,0.0,2020-01-17 09:35:32.565543,316.26,316.27,0
2020-01-17 09:35:34,N,AAPL,316.26,1.0,316.27,2.0,-1.0,0.0,2020-01-17 09:35:34.090223,316.25,316.26,0
2020-01-17 09:35:35,N,AAPL,316.25,2.0,316.26,1.0,-2.0,-1.0,2020-01-17 09:35:35.307567,316.25,316.29,0
2020-01-17 09:35:36,N,AAPL,316.25,2.0,316.29,1.0,0.0,0.0,2020-01-17 09:35:36.120133,316.29,316.31,0
2020-01-17 09:35:38,N,AAPL,316.29,4.0,316.31,2.0,2.0,1.0,2020-01-17 09:35:38.330221,316.43,316.46,1
2020-01-17 09:35:39,N,AAPL,316.43,2.0,316.46,2.0,0.0,0.0,2020-01-17 09:35:39.076442,316.42,316.47,0
2020-01-17 09:35:40,N,AAPL,316.42,3.0,316.47,2.0,1.0,0.0,2020-01-17 09:35:40.067747,316.44,316.47,0
2020-01-17 09:35:41,N,AAPL,316.44,2.0,316.47,1.0,0.0,-1.0,2020-01-17 09:35:41.826119,316.46,316.5,0
2020-01-17 09:35:42,N,AAPL,316.46,1.0,316.5,1.0,0.0,-1.0,2020-01-17 09:35:42.679374,316.44,316.5,0
2020-01-17 09:35:43,N,AAPL,316.44,1.0,316.5,2.0,0.0,0.0,2020-01-17 09:35:43.022411,316.48,316.55,0
2020-01-17 09:35:44,N,AAPL,316.48,1.0,316.55,2.0,-1.0,-2.0,2020-01-17 09:35:44.347025,316.55,316.59,0
2020-01-17 09:35:45,N,AAPL,316.55,2.0,316.59,3.0,0.0,1.0,2020-01-17 09:35:45.459161,316.57,316.6,0
2020-01-17 09:35:47,N,AAPL,316.57,6.0,316.6,4.0,2.0,1.0,2020-01-17 09:35:47.888636,316.58,316.61,0
2020-01-17 09:35:49,N,AAPL,316.58,1.0,316.61,1.0,-5.0,-3.0,2020-01-17 09:35:49.819981,316.59,316.64,0
2020-01-17 09:35:50,N,AAPL,316.59,2.0,316.64,4.0,1.0,3.0,2020-01-17 09:35:50.099939,316.64,316.67,0
2020-01-17 09:35:52,N,AAPL,316.64,2.0,316.67,1.0,0.0,-3.0,2020-01-17 09:35:52.113256,316.6,316.62,-1
2020-01-17 09:35:54,N,AAPL,316.6,2.0,316.62,1.0,0.0,-4.0,2020-01-17 09:35:54.739353,316.62,316.66,0
2020-01-17 09:35:57,N,AAPL,316.62,1.0,316.66,2.0,-1.0,-2.0,2020-01-17 09:35:57.627218,316.63,316.69,0
2020-01-17 09:35:58,N,AAPL,316.63,2.0,316.69,4.0,0.0,0.0,2020-01-17 09:35:58.264273,316.61,316.68,0
2020-01-17 09:36:00,N,AAPL,316.61,1.0,316.68,2.0,0.0,0.0,2020-01-17 09:36:00.020502,316.57,316.61,0
2020-01-17 09:36:01,N,AAPL,316.57,1.0,316.61,2.0,-2.0,1.0,2020-01-17 09:36:01.075590,316.53,316.59,0
2020-01-17 09:36:02,N,AAPL,316.53,2.0,316.59,2.0,1.0,1.0,2020-01-17 09:36:02.139015,316.53,316.56,0
2020-01-17 09:36:04,N,AAPL,316.53,2.0,316.56,1.0,0.0,-1.0,2020-01-17 09:36:04.050641,316.53,316.57,0
2020-01-17 09:36:05,N,AAPL,316.53,1.0,316.57,1.0,-3.0,-1.0,2020-01-17 09:36:05.138682,316.53,316.58,0
2020-01-17 09:36:06,N,AAPL,316.53,2.0,316.58,2.0,-3.0,0.0,2020-01-17 09:36:06.036365,316.55,316.6,0
2020-01-17 09:36:07,N,AAPL,316.55,4.0,316.6,2.0,2.0,0.0,2020-01-17 09:36:07.736311,316.54,316.57,0
2020-01-17 09:36:08,N,AAPL,316.54,2.0,316.57,2.0,-2.0,0.0,2020-01-17 09:36:08.507437,316.53,316.58,0
2020-01-17 09:36:09,N,AAPL,316.53,4.0,316.58,1.0,2.0,-1.0,2020-01-17 09:36:09.887365,316.52,316.54,0
2020-01-17 09:36:11,N,AAPL,316.52,2.0,316.54,4.0,-2.0,3.0,2020-01-17 09:36:11.902317,316.5,316.51,-1
2020-01-17 09:36:13,N,AAPL,316.5,1.0,316.51,6.0,-3.0,2.0,2020-01-17 09:36:13.520799,316.45,316.48,-1
2020-01-17 09:36:15,N,AAPL,316.45,2.0,316.48,1.0,1.0,-5.0,2020-01-17 09:36:15.382125,316.46,316.5,0
2020-01-17 09:36:16,N,AAPL,316.46,2.0,316.5,2.0,-2.0,1.0,2020-01-17 09:36:16.035563,316.51,316.54,1
2020-01-17 09:36:17,N,AAPL,316.51,2.0,316.54,3.0,1.0,2.0,2020-01-17 09:36:17.159792,316.52,316.59,0
2020-01-17 09:36:18,N,AAPL,316.52,2.0,316.59,1.0,0.0,0.0,2020-01-17 09:36:18.053732,316.56,316.6,0
2020-01-17 09:36:19,N,AAPL,316.56,1.0,316.6,2.0,-3.0,1.0,2020-01-17 09:36:19.012222,316.58,316.6,0
2020-01-17 09:36:20,N,AAPL,316.58,2.0,316.6,1.0,0.0,0.0,2020-01-17 09:36:20.075834,316.54,316.57,-1
2020-01-17 09:36:22,N,AAPL,316.54,2.0,316.57,2.0,0.0,1.0,2020-01-17 09:36:22.776988,316.48,316.51,-1
2020-01-17 09:36:23,N,AAPL,316.48,2.0,316.51,2.0,0.0,1.0,2020-01-17 09:36:23.269609,316.43,316.47,-1
2020-01-17 09:36:24,N,AAPL,316.43,1.0,316.47,12.0,-1.0,10.0,2020-01-17 09:36:24.010456,316.42,316.5,0
2020-01-17 09:36:26,N,AAPL,316.42,2.0,316.5,2.0,1.0,0.0,2020-01-17 09:36:26.024969,316.4,316.41,-1
2020-01-17 09:36:27,N,AAPL,316.4,2.0,316.41,2.0,-5.0,1.0,2020-01-17 09:36:27.000232,316.3,316.34,-1
2020-01-17 09:36:28,N,AAPL,316.3,1.0,316.34,1.0,0.0,0.0,2020-01-17 09:36:28.011354,316.3,316.32,0
2020-01-17 09:36:30,N,AAPL,316.3,1.0,316.32,1.0,0.0,-1.0,2020-01-17 09:36:30.981380,316.26,316.31,0
2020-01-17 09:36:31,N,AAPL,316.26,3.0,316.31,2.0,1.0,1.0,2020-01-17 09:36:31.332444,316.31,316.32,0
2020-01-17 09:36:35,N,AAPL,316.31,4.0,316.32,1.0,1.0,-1.0,2020-01-17 09:36:35.301708,316.21,316.25,-1
2020-01-17 09:36:36,N,AAPL,316.21,3.0,316.25,2.0,2.0,-2.0,2020-01-17 09:36:36.648182,316.2,316.25,0
2020-01-17 09:36:37,N,AAPL,316.2,1.0,316.25,1.0,0.0,0.0,2020-01-17 09:36:37.003349,316.2,316.27,0
2020-01-17 09:36:38,N,AAPL,316.2,2.0,316.27,4.0,0.0,3.0,2020-01-17 09:36:38.034975,316.18,316.21,0
2020-01-17 09:36:39,N,AAPL,316.18,2.0,316.21,4.0,0.0,2.0,2020-01-17 09:36:39.165589,316.13,316.19,0
2020-01-17 09:36:40,N,AAPL,316.13,2.0,316.19,1.0,1.0,-1.0,2020-01-17 09:36:40.346183,316.05,316.09,-1
2020-01-17 09:36:41,N,AAPL,316.05,2.0,316.09,1.0,0.0,0.0,2020-01-17 09:36:41.066673,316.06,316.11,0
2020-01-17 09:36:42,N,AAPL,316.06,3.0,316.11,1.0,1.0,-1.0,2020-01-17 09:36:42.085177,316.04,316.09,0
2020-01-17 09:36:43,N,AAPL,316.04,2.0,316.09,1.0,1.0,-1.0,2020-01-17 09:36:43.345800,316.03,316.06,0
2020-01-17 09:36:44,N,AAPL,316.03,2.0,316.06,2.0,0.0,1.0,2020-01-17 09:36:44.026909,316.03,316.08,0
2020-01-17 09:36:45,N,AAPL,316.03,2.0,316.08,2.0,0.0,1.0,2020-01-17 09:36:45.212961,316.05,316.08,0
2020-01-17 09:36:46,N,AAPL,316.05,4.0,316.08,2.0,2.0,0.0,2020-01-17 09:36:46.300866,316.0,316.06,0
2020-01-17 09:36:47,N,AAPL,316.0,4.0,316.06,1.0,3.0,-5.0,2020-01-17 09:36:47.047482,315.97,316.02,0
2020-01-17 09:36:48,N,AAPL,315.97,2.0,316.02,1.0,1.0,-1.0,2020-01-17 09:36:48.505328,315.92,315.99,0
2020-01-17 09:36:49,N,AAPL,315.92,1.0,315.99,2.0,-1.0,1.0,2020-01-17 09:36:49.325342,315.93,315.97,0
2020-01-17 09:36:51,N,AAPL,315.93,1.0,315.97,2.0,-2.0,0.0,2020-01-17 09:36:51.939937,315.92,315.96,0
2020-01-17 09:36:52,N,AAPL,315.92,3.0,315.96,1.0,2.0,-1.0,2020-01-17 09:36:52.052194,315.96,315.99,0
2020-01-17 09:36:53,N,AAPL,315.96,2.0,315.99,4.0,-2.0,2.0,2020-01-17 09:36:53.159681,315.93,315.97,0
2020-01-17 09:36:54,N,AAPL,315.93,2.0,315.97,2.0,0.0,-3.0,2020-01-17 09:36:54.189168,315.96,315.98,0
2020-01-17 09:36:56,N,AAPL,315.96,1.0,315.98,4.0,-1.0,3.0,2020-01-17 09:36:56.457041,315.89,315.91,-1
2020-01-17 09:36:58,N,AAPL,315.89,2.0,315.91,2.0,0.0,-2.0,2020-01-17 09:36:58.076631,315.85,315.89,0
2020-01-17 09:36:59,N,AAPL,315.85,1.0,315.89,2.0,-8.0,1.0,2020-01-17 09:36:59.169658,315.85,315.92,0
2020-01-17 09:37:01,N,AAPL,315.85,2.0,315.92,1.0,1.0,0.0,2020-01-17 09:37:01.036754,315.87,315.92,0
2020-01-17 09:37:02,N,AAPL,315.87,2.0,315.92,1.0,0.0,-1.0,2020-01-17 09:37:02.476492,315.91,315.93,0
2020-01-17 09:37:04,N,AAPL,315.91,2.0,315.93,2.0,0.0,1.0,2020-01-17 09:37:04.449476,315.95,315.99,1
2020-01-17 09:37:05,N,AAPL,315.95,2.0,315.99,2.0,0.0,-2.0,2020-01-17 09:37:05.529066,315.95,316.0,0
2020-01-17 09:37:06,N,AAPL,315.95,2.0,316.0,39.0,0.0,0.0,2020-01-17 09:37:06.012606,316.01,316.06,1
2020-01-17 09:37:07,N,AAPL,316.01,2.0,316.06,2.0,0.0,0.0,2020-01-17 09:37:07.276113,316.02,316.05,0
2020-01-17 09:37:08,N,AAPL,316.02,1.0,316.05,2.0,0.0,0.0,2020-01-17 09:37:08.016892,316.1,316.13,1
2020-01-17 09:37:09,N,AAPL,316.1,4.0,316.13,1.0,2.0,0.0,2020-01-17 09:37:09.258819,316.08,316.13,0
2020-01-17 09:37:10,N,AAPL,316.08,1.0,316.13,2.0,0.0,0.0,2020-01-17 09:37:10.013525,316.07,316.1,0
2020-01-17 09:37:11,N,AAPL,316.07,2.0,316.1,2.0,1.0,-1.0,2020-01-17 09:37:11.077474,316.03,316.06,-1
2020-01-17 09:37:12,N,AAPL,316.03,3.0,316.06,1.0,2.0,-4.0,2020-01-17 09:37:12.339321,316.06,316.09,0
2020-01-17 09:37:16,N,AAPL,316.06,4.0,316.09,2.0,1.0,1.0,2020-01-17 09:37:16.077711,316.11,316.12,1
2020-01-17 09:37:17,N,AAPL,316.11,2.0,316.12,6.0,-1.0,5.0,2020-01-17 09:37:17.272290,316.1,316.12,0
2020-01-17 09:37:18,N,AAPL,316.1,3.0,316.12,5.0,-1.0,0.0,2020-01-17 09:37:18.098799,316.06,316.1,0
2020-01-17 09:37:19,N,AAPL,316.06,4.0,316.1,2.0,3.0,-2.0,2020-01-17 09:37:19.357246,316.05,316.1,0
2020-01-17 09:37:20,N,AAPL,316.05,14.0,316.1,2.0,13.0,0.0,2020-01-17 09:37:20.108056,316.03,316.06,0
2020-01-17 09:37:21,N,AAPL,316.03,3.0,316.06,4.0,-11.0,0.0,2020-01-17 09:37:21.037842,316.0,316.03,0
2020-01-17 09:37:22,N,AAPL,316.0,3.0,316.03,2.0,0.0,0.0,2020-01-17 09:37:22.043539,315.98,316.02,0
2020-01-17 09:37:23,N,AAPL,315.98,2.0,316.02,1.0,-2.0,0.0,2020-01-17 09:37:23.006544,316.04,316.08,1
2020-01-17 09:37:24,N,AAPL,316.04,1.0,316.08,1.0,-1.0,0.0,2020-01-17 09:37:24.384739,316.02,316.05,0
2020-01-17 09:37:25,N,AAPL,316.02,1.0,316.05,4.0,-1.0,3.0,2020-01-17 09:37:25.643935,316.02,316.05,0
2020-01-17 09:37:26,N,AAPL,316.02,1.0,316.05,4.0,0.0,-1.0,2020-01-17 09:37:26.060412,315.95,316.0,-1
2020-01-17 09:37:27,N,AAPL,315.95,1.0,316.0,2.0,-1.0,0.0,2020-01-17 09:37:27.133239,315.95,316.01,0
2020-01-17 09:37:28,N,AAPL,315.95,2.0,316.01,3.0,0.0,2.0,2020-01-17 09:37:28.206643,316.02,316.05,1
2020-01-17 09:37:29,N,AAPL,316.02,4.0,316.05,1.0,2.0,0.0,2020-01-17 09:37:29.552571,316.03,316.06,0
2020-01-17 09:37:30,N,AAPL,316.03,2.0,316.06,1.0,1.0,-2.0,2020-01-17 09:37:30.115251,316.01,316.05,0
2020-01-17 09:37:31,N,AAPL,316.01,2.0,316.05,4.0,0.0,2.0,2020-01-17 09:37:31.012196,316.02,316.04,0
2020-01-17 09:37:32,N,AAPL,316.02,2.0,316.04,4.0,1.0,1.0,2020-01-17 09:37:32.053741,315.98,316.03,0
2020-01-17 09:37:33,N,AAPL,315.98,1.0,316.03,2.0,-4.0,-2.0,2020-01-17 09:37:33.060457,315.99,316.06,0
2020-01-17 09:37:34,N,AAPL,315.99,2.0,316.06,2.0,0.0,-1.0,2020-01-17 09:37:34.119215,315.99,316.01,0
2020-01-17 09:37:36,N,AAPL,315.99,2.0,316.01,2.0,0.0,-22.0,2020-01-17 09:37:36.174199,315.93,315.98,-1
2020-01-17 09:37:37,N,AAPL,315.93,2.0,315.98,1.0,0.0,0.0,2020-01-17 09:37:37.395161,315.93,315.98,0
2020-01-17 09:37:38,N,AAPL,315.93,2.0,315.98,1.0,0.0,0.0,2020-01-17 09:37:38.028478,315.91,315.95,0
2020-01-17 09:37:39,N,AAPL,315.91,2.0,315.95,1.0,0.0,0.0,2020-01-17 09:37:39.001997,315.9,315.94,0
2020-01-17 09:37:40,N,AAPL,315.9,1.0,315.94,4.0,0.0,2.0,2020-01-17 09:37:40.540613,315.92,315.94,0
2020-01-17 09:37:41,N,AAPL,315.92,3.0,315.94,4.0,2.0,2.0,2020-01-17 09:37:41.389506,315.94,315.98,0
2020-01-17 09:37:42,N,AAPL,315.94,3.0,315.98,2.0,0.0,1.0,2020-01-17 09:37:42.035254,315.95,315.98,0
2020-01-17 09:37:43,N,AAPL,315.95,3.0,315.98,2.0,0.0,0.0,2020-01-17 09:37:43.236241,315.94,315.98,0
2020-01-17 09:37:44,N,AAPL,315.94,1.0,315.98,1.0,-2.0,-1.0,2020-01-17 09:37:44.416460,315.96,315.98,0
2020-01-17 09:37:45,N,AAPL,315.96,1.0,315.98,2.0,-1.0,0.0,2020-01-17 09:37:45.581911,315.96,315.99,0
2020-01-17 09:37:46,N,AAPL,315.96,1.0,315.99,1.0,0.0,-1.0,2020-01-17 09:37:46.053920,315.96,316.0,0
2020-01-17 09:37:47,N,AAPL,315.96,3.0,316.0,3.0,2.0,2.0,2020-01-17 09:37:47.899644,316.05,316.07,1
2020-01-17 09:37:48,N,AAPL,316.05,4.0,316.07,2.0,3.0,-22.0,2020-01-17 09:37:48.429175,316.0,316.06,0
2020-01-17 09:37:50,N,AAPL,316.0,3.0,316.06,2.0,1.0,0.0,2020-01-17 09:37:50.892092,316.0,316.04,0
2020-01-17 09:37:51,N,AAPL,316.0,3.0,316.04,1.0,2.0,-1.0,2020-01-17 09:37:51.513200,316.0,316.05,0
2020-01-17 09:37:53,N,AAPL,316.0,1.0,316.05,2.0,-1.0,-2.0,2020-01-17 09:37:53.825275,316.0,316.03,0
2020-01-17 09:37:54,N,AAPL,316.0,1.0,316.03,4.0,0.0,2.0,2020-01-17 09:37:54.039730,316.01,316.04,0
2020-01-17 09:37:55,N,AAPL,316.01,2.0,316.04,5.0,1.0,1.0,2020-01-17 09:37:55.842416,315.98,316.02,0
2020-01-17 09:37:56,N,AAPL,315.98,1.0,316.02,2.0,0.0,0.0,2020-01-17 09:37:56.191192,315.98,316.02,0
2020-01-17 09:37:58,N,AAPL,315.98,2.0,316.02,4.0,1.0,2.0,2020-01-17 09:37:58.075495,315.95,315.98,0
2020-01-17 09:37:59,N,AAPL,315.95,4.0,315.98,2.0,1.0,-2.0,2020-01-17 09:37:59.132131,315.95,315.98,0
2020-01-17 09:38:01,N,AAPL,315.95,3.0,315.98,4.0,-1.0,2.0,2020-01-17 09:38:01.240920,315.91,315.95,0
2020-01-17 09:38:02,N,AAPL,315.91,4.0,315.95,4.0,1.0,2.0,2020-01-17 09:38:02.379540,315.92,315.97,0
2020-01-17 09:38:03,N,AAPL,315.92,4.0,315.97,2.0,-3.0,0.0,2020-01-17 09:38:03.010397,316.01,316.05,1
2020-01-17 09:38:04,N,AAPL,316.01,3.0,316.05,5.0,0.0,1.0,2020-01-17 09:38:04.028518,316.01,316.06,0
2020-01-17 09:38:05,N,AAPL,316.01,2.0,316.06,3.0,0.0,2.0,2020-01-17 09:38:05.214274,315.97,316.0,-1
2020-01-17 09:38:06,N,AAPL,315.97,1.0,316.0,1.0,0.0,-1.0,2020-01-17 09:38:06.003059,315.99,316.01,0
2020-01-17 09:38:07,N,AAPL,315.99,1.0,316.01,1.0,0.0,0.0,2020-01-17 09:38:07.120201,315.99,316.03,0
2020-01-17 09:38:09,N,AAPL,315.99,3.0,316.03,4.0,1.0,2.0,2020-01-17 09:38:09.591911,315.99,316.02,0
2020-01-17 09:38:11,N,AAPL,315.99,3.0,316.02,5.0,0.0,1.0,2020-01-17 09:38:11.998842,315.98,316.02,0
2020-01-17 09:38:12,N,AAPL,315.98,2.0,316.02,4.0,1.0,0.0,2020-01-17 09:38:12.019420,315.94,315.98,0
2020-01-17 09:38:13,N,AAPL,315.94,2.0,315.98,1.0,1.0,-3.0,2020-01-17 09:38:13.082143,315.94,315.98,0
2020-01-17 09:38:14,N,AAPL,315.94,2.0,315.98,2.0,0.0,1.0,2020-01-17 09:38:14.209118,315.96,316.0,0
2020-01-17 09:38:15,N,AAPL,315.96,1.0,316.0,2.0,-1.0,1.0,2020-01-17 09:38:15.108233,315.95,315.98,0
2020-01-17 09:38:16,N,AAPL,315.95,2.0,315.98,2.0,0.0,-3.0,2020-01-17 09:38:16.104940,315.98,316.0,0
2020-01-17 09:38:17,N,AAPL,315.98,1.0,316.0,2.0,-1.0,0.0,2020-01-17 09:38:17.071409,315.95,316.01,0
2020-01-17 09:38:18,N,AAPL,315.95,3.0,316.01,4.0,2.0,3.0,2020-01-17 09:38:18.008323,316.01,316.03,0
2020-01-17 09:38:19,N,AAPL,316.01,2.0,316.03,2.0,1.0,1.0,2020-01-17 09:38:19.447664,316.01,316.04,0
2020-01-17 09:38:20,N,AAPL,316.01,1.0,316.04,1.0,-1.0,0.0,2020-01-17 09:38:20.337928,315.97,316.02,0
2020-01-17 09:38:21,N,AAPL,315.97,2.0,316.02,1.0,1.0,0.0,2020-01-17 09:38:21.077121,315.99,316.04,0
2020-01-17 09:38:22,N,AAPL,315.99,2.0,316.04,2.0,-1.0,0.0,2020-01-17 09:38:22.379038,316.01,316.05,0
2020-01-17 09:38:25,N,AAPL,316.01,4.0,316.05,2.0,3.0,1.0,2020-01-17 09:38:25.151074,316.01,316.05,0
2020-01-17 09:38:26,N,AAPL,316.01,1.0,316.05,3.0,0.0,2.0,2020-01-17 09:38:26.057653,316.01,316.03,0
2020-01-17 09:38:27,N,AAPL,316.01,1.0,316.03,1.0,0.0,-1.0,2020-01-17 09:38:27.681982,316.0,316.05,0
2020-01-17 09:38:28,N,AAPL,316.0,1.0,316.05,3.0,0.0,2.0,2020-01-17 09:38:28.474777,316.02,316.05,0
2020-01-17 09:38:29,N,AAPL,316.02,2.0,316.05,3.0,1.0,0.0,2020-01-17 09:38:29.333847,315.97,316.01,-1
2020-01-17 09:38:31,N,AAPL,315.97,2.0,316.01,10.0,-3.0,8.0,2020-01-17 09:38:31.458287,315.96,316.0,0
2020-01-17 09:38:32,N,AAPL,315.96,1.0,316.0,3.0,-1.0,1.0,2020-01-17 09:38:32.536011,315.95,315.98,0
2020-01-17 09:38:33,N,AAPL,315.95,1.0,315.98,2.0,-1.0,0.0,2020-01-17 09:38:33.697518,315.91,315.96,0
2020-01-17 09:38:34,N,AAPL,315.91,1.0,315.96,2.0,-10.0,0.0,2020-01-17 09:38:34.059208,315.91,315.96,0
2020-01-17 09:38:35,N,AAPL,315.91,3.0,315.96,2.0,1.0,0.0,2020-01-17 09:38:35.000668,315.92,315.95,0
2020-01-17 09:38:36,N,AAPL,315.92,4.0,315.95,1.0,3.0,0.0,2020-01-17 09:38:36.654736,315.93,315.96,0
2020-01-17 09:38:37,N,AAPL,315.93,1.0,315.96,5.0,0.0,4.0,2020-01-17 09:38:37.287593,315.96,315.99,0
2020-01-17 09:38:41,N,AAPL,315.96,5.0,315.99,2.0,4.0,1.0,2020-01-17 09:38:41.686801,315.99,316.0,0
2020-01-17 09:38:43,N,AAPL,315.99,6.0,316.0,3.0,2.0,-1.0,2020-01-17 09:38:43.723023,315.99,316.0,0
2020-01-17 09:38:44,N,AAPL,315.99,3.0,316.0,2.0,-3.0,-1.0,2020-01-17 09:38:44.339818,315.99,316.0,0
2020-01-17 09:38:46,N,AAPL,315.99,2.0,316.0,4.0,1.0,0.0,2020-01-17 09:38:46.207394,316.0,316.04,0
2020-01-17 09:38:47,N,AAPL,316.0,1.0,316.04,4.0,-3.0,2.0,2020-01-17 09:38:47.126166,316.0,316.03,0
2020-01-17 09:38:49,N,AAPL,316.0,3.0,316.03,1.0,1.0,-1.0,2020-01-17 09:38:49.194728,315.91,315.95,-1
2020-01-17 09:38:51,N,AAPL,315.91,2.0,315.95,4.0,1.0,2.0,2020-01-17 09:38:51.469397,315.9,315.95,0
2020-01-17 09:38:52,N,AAPL,315.9,6.0,315.95,4.0,5.0,2.0,2020-01-17 09:38:52.220240,315.9,315.93,0
2020-01-17 09:38:53,N,AAPL,315.9,6.0,315.93,2.0,0.0,-1.0,2020-01-17 09:38:53.043306,315.89,315.93,0
2020-01-17 09:38:54,N,AAPL,315.89,2.0,315.93,1.0,1.0,0.0,2020-01-17 09:38:54.174694,315.86,315.87,-1
2020-01-17 09:38:55,N,AAPL,315.86,2.0,315.87,4.0,-3.0,2.0,2020-01-17 09:38:55.218923,315.82,315.85,-1
2020-01-17 09:38:56,N,AAPL,315.82,4.0,315.85,4.0,3.0,2.0,2020-01-17 09:38:56.840299,315.84,315.85,0
2020-01-17 09:39:00,N,AAPL,315.84,4.0,315.85,1.0,0.0,-3.0,2020-01-17 09:39:00.613033,315.85,315.88,0
2020-01-17 09:39:01,N,AAPL,315.85,4.0,315.88,3.0,0.0,2.0,2020-01-17 09:39:01.334656,315.86,315.89,0
2020-01-17 09:39:02,N,AAPL,315.86,1.0,315.89,2.0,-1.0,1.0,2020-01-17 09:39:02.506736,315.81,315.83,-1
2020-01-17 09:39:03,N,AAPL,315.81,1.0,315.83,4.0,0.0,3.0,2020-01-17 09:39:03.608305,315.81,315.84,0
2020-01-17 09:39:04,N,AAPL,315.81,1.0,315.84,2.0,0.0,-2.0,2020-01-17 09:39:04.069685,315.75,315.76,-1
2020-01-17 09:39:05,N,AAPL,315.75,1.0,315.76,5.0,-2.0,4.0,2020-01-17 09:39:05.048479,315.74,315.79,0
2020-01-17 09:39:06,N,AAPL,315.74,1.0,315.79,3.0,0.0,0.0,2020-01-17 09:39:06.362710,315.67,315.71,-1
2020-01-17 09:39:07,N,AAPL,315.67,2.0,315.71,4.0,1.0,2.0,2020-01-17 09:39:07.035761,315.65,315.69,0
2020-01-17 09:39:08,N,AAPL,315.65,1.0,315.69,4.0,-1.0,2.0,2020-01-17 09:39:08.500984,315.61,315.66,0
2020-01-17 09:39:09,N,AAPL,315.61,2.0,315.66,3.0,-1.0,1.0,2020-01-17 09:39:09.027479,315.58,315.63,0
2020-01-17 09:39:10,N,AAPL,315.58,2.0,315.63,1.0,0.0,-1.0,2020-01-17 09:39:10.022464,315.64,315.67,1
2020-01-17 09:39:12,N,AAPL,315.64,2.0,315.67,2.0,1.0,0.0,2020-01-17 09:39:12.980852,315.64,315.7,0
2020-01-17 09:39:13,N,AAPL,315.64,2.0,315.7,4.0,1.0,0.0,2020-01-17 09:39:13.034484,315.66,315.74,0
2020-01-17 09:39:14,N,AAPL,315.66,1.0,315.74,2.0,-2.0,1.0,2020-01-17 09:39:14.660842,315.69,315.75,0
2020-01-17 09:39:15,N,AAPL,315.69,2.0,315.75,1.0,1.0,0.0,2020-01-17 09:39:15.175870,315.7,315.78,0
2020-01-17 09:39:16,N,AAPL,315.7,1.0,315.78,2.0,0.0,1.0,2020-01-17 09:39:16.056407,315.71,315.77,0
2020-01-17 09:39:17,N,AAPL,315.71,2.0,315.77,4.0,0.0,-4.0,2020-01-17 09:39:17.211834,315.68,315.73,0
2020-01-17 09:39:18,N,AAPL,315.68,2.0,315.73,2.0,0.0,-2.0,2020-01-17 09:39:18.027589,315.65,315.69,0
2020-01-17 09:39:19,N,AAPL,315.65,1.0,315.69,1.0,-4.0,-3.0,2020-01-17 09:39:19.608936,315.68,315.72,0
2020-01-17 09:39:20,N,AAPL,315.68,2.0,315.72,1.0,0.0,-4.0,2020-01-17 09:39:20.028912,315.68,315.75,0
2020-01-17 09:39:21,N,AAPL,315.68,2.0,315.75,2.0,0.0,0.0,2020-01-17 09:39:21.056579,315.72,315.76,0
2020-01-17 09:39:22,N,AAPL,315.72,1.0,315.76,4.0,-1.0,3.0,2020-01-17 09:39:22.208951,315.68,315.75,0
2020-01-17 09:39:23,N,AAPL,315.68,1.0,315.75,1.0,0.0,-4.0,2020-01-17 09:39:23.014647,315.69,315.75,0
2020-01-17 09:39:24,N,AAPL,315.69,1.0,315.75,3.0,-1.0,1.0,2020-01-17 09:39:24.023909,315.68,315.74,0
2020-01-17 09:39:25,N,AAPL,315.68,2.0,315.74,4.0,1.0,2.0,2020-01-17 09:39:25.530453,315.68,315.74,0
2020-01-17 09:39:26,N,AAPL,315.68,1.0,315.74,1.0,0.0,0.0,2020-01-17 09:39:26.250644,315.68,315.72,0
2020-01-17 09:39:27,N,AAPL,315.68,1.0,315.72,6.0,0.0,4.0,2020-01-17 09:39:27.222490,315.67,315.71,0
2020-01-17 09:39:28,N,AAPL,315.67,1.0,315.71,2.0,0.0,1.0,2020-01-17 09:39:28.008733,315.75,315.77,1
2020-01-17 09:39:31,N,AAPL,315.75,1.0,315.77,2.0,-1.0,1.0,2020-01-17 09:39:31.127395,315.78,315.83,1
2020-01-17 09:39:32,N,AAPL,315.78,4.0,315.83,2.0,2.0,1.0,2020-01-17 09:39:32.002915,315.82,315.84,0
2020-01-17 09:39:33,N,AAPL,315.82,1.0,315.84,2.0,-1.0,1.0,2020-01-17 09:39:33.516856,315.82,315.84,0
2020-01-17 09:39:34,N,AAPL,315.82,1.0,315.84,2.0,-1.0,0.0,2020-01-17 09:39:34.114322,315.75,315.77,-1
2020-01-17 09:39:36,N,AAPL,315.75,2.0,315.77,2.0,1.0,1.0,2020-01-17 09:39:36.032762,315.77,315.82,0
2020-01-17 09:39:37,N,AAPL,315.77,2.0,315.82,2.0,1.0,0.0,2020-01-17 09:39:37.071006,315.79,315.83,0
2020-01-17 09:39:38,N,AAPL,315.79,1.0,315.83,1.0,-1.0,-1.0,2020-01-17 09:39:38.174851,315.79,315.83,0
2020-01-17 09:39:39,N,AAPL,315.79,1.0,315.83,4.0,0.0,1.0,2020-01-17 09:39:39.012646,315.8,315.84,0
2020-01-17 09:39:40,N,AAPL,315.8,2.0,315.84,1.0,-1.0,0.0,2020-01-17 09:39:40.313302,315.77,315.82,0
2020-01-17 09:39:41,N,AAPL,315.77,2.0,315.82,2.0,1.0,1.0,2020-01-17 09:39:41.607467,315.75,315.78,0
2020-01-17 09:39:42,N,AAPL,315.75,18.0,315.78,1.0,17.0,-11.0,2020-01-17 09:39:42.053045,315.81,315.83,1
2020-01-17 09:39:43,N,AAPL,315.81,5.0,315.83,1.0,3.0,0.0,2020-01-17 09:39:43.476859,315.82,315.84,0
2020-01-17 09:39:44,N,AAPL,315.82,3.0,315.84,10.0,0.0,9.0,2020-01-17 09:39:44.922377,315.87,315.9,1
2020-01-17 09:39:45,N,AAPL,315.87,2.0,315.9,2.0,-2.0,-2.0,2020-01-17 09:39:45.035893,315.84,315.89,0
2020-01-17 09:39:46,N,AAPL,315.84,3.0,315.89,2.0,2.0,0.0,2020-01-17 09:39:46.002468,315.85,315.89,0
2020-01-17 09:39:48,N,AAPL,315.85,2.0,315.89,1.0,-1.0,-1.0,2020-01-17 09:39:48.032901,315.84,315.88,0
2020-01-17 09:39:49,N,AAPL,315.84,1.0,315.88,3.0,0.0,1.0,2020-01-17 09:39:49.158978,315.84,315.88,0
2020-01-17 09:39:50,N,AAPL,315.84,1.0,315.88,1.0,0.0,0.0,2020-01-17 09:39:50.058796,315.86,315.92,0
2020-01-17 09:39:51,N,AAPL,315.86,2.0,315.92,4.0,0.0,3.0,2020-01-17 09:39:51.026598,315.88,315.92,0
2020-01-17 09:39:52,N,AAPL,315.88,1.0,315.92,1.0,-1.0,-1.0,2020-01-17 09:39:52.106218,315.89,315.93,0
2020-01-17 09:39:53,N,AAPL,315.89,2.0,315.93,2.0,1.0,1.0,2020-01-17 09:39:53.268333,315.87,315.92,0
2020-01-17 09:39:54,N,AAPL,315.87,2.0,315.92,2.0,-2.0,0.0,2020-01-17 09:39:54.243060,315.89,315.93,0
2020-01-17 09:39:55,N,AAPL,315.89,3.0,315.93,2.0,-1.0,0.0,2020-01-17 09:39:55.134283,315.9,315.93,0
2020-01-17 09:39:57,N,AAPL,315.9,1.0,315.93,1.0,0.0,0.0,2020-01-17 09:39:57.143245,315.91,315.95,0
2020-01-17 09:39:58,N,AAPL,315.91,5.0,315.95,4.0,4.0,3.0,2020-01-17 09:39:58.422844,315.92,315.95,0
2020-01-17 09:39:59,N,AAPL,315.92,1.0,315.95,3.0,-4.0,-1.0,2020-01-17 09:39:59.244224,315.9,315.94,0
2020-01-17 09:40:00,N,AAPL,315.9,10.0,315.94,4.0,7.0,2.0,2020-01-17 09:40:00.001253,315.9,315.96,0
2020-01-17 09:40:01,N,AAPL,315.9,2.0,315.96,2.0,1.0,0.0,2020-01-17 09:40:01.803892,315.91,315.97,0
2020-01-17 09:40:02,N,AAPL,315.91,4.0,315.97,1.0,0.0,-1.0,2020-01-17 09:40:02.304549,315.91,315.95,0
2020-01-17 09:40:03,N,AAPL,315.91,3.0,315.95,1.0,-1.0,0.0,2020-01-17 09:40:03.385385,315.91,315.93,0
2020-01-17 09:40:04,N,AAPL,315.91,3.0,315.93,4.0,-1.0,3.0,2020-01-17 09:40:04.063674,315.85,315.9,-1
2020-01-17 09:40:05,N,AAPL,315.85,2.0,315.9,1.0,0.0,-1.0,2020-01-17 09:40:05.182029,315.86,315.92,0
2020-01-17 09:40:06,N,AAPL,315.86,3.0,315.92,4.0,0.0,3.0,2020-01-17 09:40:06.261925,315.88,315.91,0
2020-01-17 09:40:07,N,AAPL,315.88,2.0,315.91,1.0,0.0,-3.0,2020-01-17 09:40:07.036030,315.8,315.85,-1
2020-01-17 09:40:11,N,AAPL,315.8,13.0,315.85,2.0,11.0,1.0,2020-01-17 09:40:11.008568,315.8,315.82,0
2020-01-17 09:40:12,N,AAPL,315.8,12.0,315.82,4.0,-1.0,2.0,2020-01-17 09:40:12.145232,315.8,315.84,0
2020-01-17 09:40:13,N,AAPL,315.8,12.0,315.84,2.0,0.0,0.0,2020-01-17 09:40:13.060538,315.8,315.82,0
2020-01-17 09:40:17,N,AAPL,315.8,4.0,315.82,2.0,3.0,0.0,2020-01-17 09:40:17.517497,315.75,315.82,0
2020-01-17 09:40:18,N,AAPL,315.75,7.0,315.82,3.0,0.0,1.0,2020-01-17 09:40:18.154087,315.8,315.81,0
2020-01-17 09:40:19,N,AAPL,315.8,3.0,315.81,1.0,-4.0,-1.0,2020-01-17 09:40:19.419959,315.78,315.81,0
2020-01-17 09:40:20,N,AAPL,315.78,1.0,315.81,4.0,-1.0,2.0,2020-01-17 09:40:20.150582,315.77,315.78,0
2020-01-17 09:40:21,N,AAPL,315.77,1.0,315.78,4.0,0.0,2.0,2020-01-17 09:40:21.147614,315.8,315.82,1
2020-01-17 09:40:22,N,AAPL,315.8,1.0,315.82,2.0,0.0,0.0,2020-01-17 09:40:22.223968,315.85,315.88,1
2020-01-17 09:40:23,N,AAPL,315.85,2.0,315.88,1.0,-1.0,0.0,2020-01-17 09:40:23.130107,315.85,315.9,0
2020-01-17 09:40:24,N,AAPL,315.85,2.0,315.9,3.0,0.0,-1.0,2020-01-17 09:40:24.104624,315.83,315.87,0
2020-01-17 09:40:25,N,AAPL,315.83,1.0,315.87,1.0,0.0,0.0,2020-01-17 09:40:25.120738,315.81,315.85,0
2020-01-17 09:40:26,N,AAPL,315.81,2.0,315.85,1.0,0.0,0.0,2020-01-17 09:40:26.167306,315.78,315.82,0
2020-01-17 09:40:27,N,AAPL,315.78,2.0,315.82,2.0,1.0,-3.0,2020-01-17 09:40:27.649419,315.78,315.83,0
2020-01-17 09:40:28,N,AAPL,315.78,2.0,315.83,1.0,1.0,0.0,2020-01-17 09:40:28.096887,315.78,315.84,0
2020-01-17 09:40:29,N,AAPL,315.78,2.0,315.84,1.0,0.0,-1.0,2020-01-17 09:40:29.256301,315.76,315.81,0
2020-01-17 09:40:30,N,AAPL,315.76,2.0,315.81,2.0,1.0,1.0,2020-01-17 09:40:30.537651,315.74,315.76,0
2020-01-17 09:40:31,N,AAPL,315.74,1.0,315.76,5.0,0.0,3.0,2020-01-17 09:40:31.706637,315.75,315.8,0
2020-01-17 09:40:32,N,AAPL,315.75,1.0,315.8,1.0,0.0,-1.0,2020-01-17 09:40:32.075475,315.8,315.82,0
2020-01-17 09:40:33,N,AAPL,315.8,1.0,315.82,1.0,0.0,0.0,2020-01-17 09:40:33.063895,315.83,315.86,1
2020-01-17 09:40:34,N,AAPL,315.83,2.0,315.86,2.0,-1.0,0.0,2020-01-17 09:40:34.457779,315.83,315.87,0
2020-01-17 09:40:35,N,AAPL,315.83,3.0,315.87,1.0,0.0,0.0,2020-01-17 09:40:35.106607,315.87,315.91,0
2020-01-17 09:40:36,N,AAPL,315.87,2.0,315.91,2.0,1.0,-1.0,2020-01-17 09:40:36.135322,315.94,315.97,1
2020-01-17 09:40:37,N,AAPL,315.94,2.0,315.97,1.0,0.0,-1.0,2020-01-17 09:40:37.202683,315.99,316.01,1
2020-01-17 09:40:39,N,AAPL,315.99,5.0,316.01,26.0,3.0,24.0,2020-01-17 09:40:39.180443,316.04,316.06,1
2020-01-17 09:40:40,N,AAPL,316.04,5.0,316.06,1.0,3.0,0.0,2020-01-17 09:40:40.397799,316.06,316.1,0
2020-01-17 09:40:41,N,AAPL,316.06,2.0,316.1,1.0,0.0,-3.0,2020-01-17 09:40:41.696519,316.09,316.11,0
2020-01-17 09:40:42,N,AAPL,316.09,5.0,316.11,2.0,3.0,1.0,2020-01-17 09:40:42.184425,316.09,316.14,0
2020-01-17 09:40:43,N,AAPL,316.09,2.0,316.14,4.0,0.0,-1.0,2020-01-17 09:40:43.039994,316.15,316.2,1
2020-01-17 09:40:44,N,AAPL,316.15,4.0,316.2,12.0,2.0,11.0,2020-01-17 09:40:44.480644,316.19,316.22,0
2020-01-17 09:40:45,N,AAPL,316.19,2.0,316.22,2.0,-3.0,-10.0,2020-01-17 09:40:45.413419,316.16,316.23,0
2020-01-17 09:40:46,N,AAPL,316.16,1.0,316.23,1.0,0.0,0.0,2020-01-17 09:40:46.162681,316.21,316.25,0
2020-01-17 09:40:47,N,AAPL,316.21,1.0,316.25,1.0,0.0,0.0,2020-01-17 09:40:47.606852,316.24,316.27,0
2020-01-17 09:40:48,N,AAPL,316.24,2.0,316.27,2.0,1.0,1.0,2020-01-17 09:40:48.174295,316.23,316.27,0
2020-01-17 09:40:49,N,AAPL,316.23,2.0,316.27,1.0,0.0,0.0,2020-01-17 09:40:49.030011,316.15,316.19,-1
2020-01-17 09:40:50,N,AAPL,316.15,2.0,316.19,2.0,1.0,0.0,2020-01-17 09:40:50.013467,316.18,316.23,0
2020-01-17 09:40:51,N,AAPL,316.18,3.0,316.23,2.0,2.0,0.0,2020-01-17 09:40:51.047932,316.25,316.3,1
2020-01-17 09:40:52,N,AAPL,316.25,2.0,316.3,34.0,1.0,33.0,2020-01-17 09:40:52.379892,316.3,316.34,0
2020-01-17 09:40:53,N,AAPL,316.3,4.0,316.34,2.0,3.0,-19.0,2020-01-17 09:40:53.412373,316.23,316.28,-1
2020-01-17 09:40:55,N,AAPL,316.23,2.0,316.28,4.0,0.0,-7.0,2020-01-17 09:40:55.148582,316.12,316.2,-1
2020-01-17 09:40:56,N,AAPL,316.12,1.0,316.2,1.0,-1.0,0.0,2020-01-17 09:40:56.007944,316.17,316.22,0
2020-01-17 09:40:57,N,AAPL,316.17,2.0,316.22,7.0,1.0,6.0,2020-01-17 09:40:57.689418,316.15,316.2,0
2020-01-17 09:40:58,N,AAPL,316.15,2.0,316.2,2.0,-2.0,0.0,2020-01-17 09:40:58.012572,316.21,316.24,1
2020-01-17 09:40:59,N,AAPL,316.21,2.0,316.24,1.0,1.0,0.0,2020-01-17 09:40:59.172902,316.09,316.14,-1
2020-01-17 09:41:00,N,AAPL,316.09,2.0,316.14,1.0,1.0,-3.0,2020-01-17 09:41:00.347099,316.18,316.22,1
2020-01-17 09:41:01,N,AAPL,316.18,1.0,316.22,2.0,-1.0,1.0,2020-01-17 09:41:01.831221,316.18,316.23,0
2020-01-17 09:41:03,N,AAPL,316.18,2.0,316.23,4.0,1.0,2.0,2020-01-17 09:41:03.243772,316.26,316.3,1
2020-01-17 09:41:05,N,AAPL,316.26,1.0,316.3,2.0,-2.0,0.0,2020-01-17 09:41:05.594170,316.28,316.31,0
2020-01-17 09:41:06,N,AAPL,316.28,1.0,316.31,4.0,-2.0,2.0,2020-01-17 09:41:06.484973,316.2,316.25,-1
2020-01-17 09:41:07,N,AAPL,316.2,3.0,316.25,3.0,1.0,2.0,2020-01-17 09:41:07.001145,316.27,316.31,1
2020-01-17 09:41:08,N,AAPL,316.27,2.0,316.31,2.0,0.0,-1.0,2020-01-17 09:41:08.093088,316.35,316.38,1
2020-01-17 09:41:12,N,AAPL,316.35,1.0,316.38,3.0,-2.0,0.0,2020-01-17 09:41:12.045993,316.37,316.39,0
2020-01-17 09:41:13,N,AAPL,316.37,1.0,316.39,1.0,0.0,-2.0,2020-01-17 09:41:13.066700,316.35,316.36,-1
2020-01-17 09:41:14,N,AAPL,316.35,1.0,316.36,7.0,-1.0,6.0,2020-01-17 09:41:14.359491,316.37,316.4,1
2020-01-17 09:41:15,N,AAPL,316.37,1.0,316.4,7.0,-3.0,6.0,2020-01-17 09:41:15.505584,316.45,316.48,1
2020-01-17 09:41:16,N,AAPL,316.45,1.0,316.48,1.0,-2.0,0.0,2020-01-17 09:41:16.161561,316.42,316.45,0
2020-01-17 09:41:17,N,AAPL,316.42,10.0,316.45,2.0,7.0,-2.0,2020-01-17 09:41:17.508422,316.43,316.45,0
2020-01-17 09:41:18,N,AAPL,316.43,4.0,316.45,1.0,-6.0,-1.0,2020-01-17 09:41:18.330391,316.46,316.49,1
2020-01-17 09:41:19,N,AAPL,316.46,4.0,316.49,2.0,1.0,-1.0,2020-01-17 09:41:19.758955,316.45,316.49,0
2020-01-17 09:41:20,N,AAPL,316.45,2.0,316.49,7.0,-2.0,5.0,2020-01-17 09:41:20.344236,316.47,316.5,0
2020-01-17 09:41:21,N,AAPL,316.47,5.0,316.5,9.0,2.0,-3.0,2020-01-17 09:41:21.324989,316.44,316.46,-1
2020-01-17 09:41:22,N,AAPL,316.44,2.0,316.46,1.0,0.0,0.0,2020-01-17 09:41:22.103028,316.44,316.49,0
2020-01-17 09:41:23,N,AAPL,316.44,2.0,316.49,3.0,1.0,-2.0,2020-01-17 09:41:23.786182,316.46,316.49,0
2020-01-17 09:41:24,N,AAPL,316.46,2.0,316.49,1.0,-1.0,0.0,2020-01-17 09:41:24.204777,316.43,316.46,0
2020-01-17 09:41:25,N,AAPL,316.43,1.0,316.46,1.0,-1.0,0.0,2020-01-17 09:41:25.001258,316.4,316.45,0
2020-01-17 09:41:26,N,AAPL,316.4,13.0,316.45,1.0,11.0,0.0,2020-01-17 09:41:26.354819,316.42,316.45,0
2020-01-17 09:41:28,N,AAPL,316.42,3.0,316.45,1.0,2.0,-2.0,2020-01-17 09:41:28.313536,316.36,316.41,-1
2020-01-17 09:41:29,N,AAPL,316.36,5.0,316.41,3.0,2.0,2.0,2020-01-17 09:41:29.051992,316.38,316.42,0
2020-01-17 09:41:30,N,AAPL,316.38,1.0,316.42,1.0,0.0,-1.0,2020-01-17 09:41:30.262752,316.34,316.38,0
2020-01-17 09:41:31,N,AAPL,316.34,1.0,316.38,3.0,0.0,2.0,2020-01-17 09:41:31.075873,316.25,316.31,-1
2020-01-17 09:41:34,N,AAPL,316.25,2.0,316.31,3.0,0.0,0.0,2020-01-17 09:41:34.557123,316.26,316.31,0
2020-01-17 09:41:35,N,AAPL,316.26,1.0,316.31,1.0,-3.0,0.0,2020-01-17 09:41:35.140149,316.25,316.29,0
2020-01-17 09:41:36,N,AAPL,316.25,4.0,316.29,2.0,2.0,1.0,2020-01-17 09:41:36.447663,316.28,316.32,0
2020-01-17 09:41:37,N,AAPL,316.28,2.0,316.32,1.0,-1.0,0.0,2020-01-17 09:41:37.014232,316.28,316.32,0
2020-01-17 09:41:38,N,AAPL,316.28,2.0,316.32,1.0,0.0,0.0,2020-01-17 09:41:38.298525,316.26,316.29,0
2020-01-17 09:41:39,N,AAPL,316.26,1.0,316.29,1.0,-4.0,0.0,2020-01-17 09:41:39.779664,316.28,316.31,0
2020-01-17 09:41:40,N,AAPL,316.28,2.0,316.31,2.0,1.0,1.0,2020-01-17 09:41:40.293170,316.31,316.35,0
2020-01-17 09:41:41,N,AAPL,316.31,4.0,316.35,2.0,2.0,1.0,2020-01-17 09:41:41.765087,316.29,316.32,0
2020-01-17 09:41:42,N,AAPL,316.29,2.0,316.32,1.0,1.0,0.0,2020-01-17 09:41:42.636527,316.26,316.3,0
2020-01-17 09:41:43,N,AAPL,316.26,1.0,316.3,1.0,0.0,-3.0,2020-01-17 09:41:43.048191,316.29,316.32,0
2020-01-17 09:41:44,N,AAPL,316.29,3.0,316.32,1.0,1.0,-1.0,2020-01-17 09:41:44.179140,316.23,316.25,-1
2020-01-17 09:41:45,N,AAPL,316.23,2.0,316.25,2.0,0.0,1.0,2020-01-17 09:41:45.633296,316.25,316.26,0
2020-01-17 09:41:46,N,AAPL,316.25,1.0,316.26,1.0,-2.0,0.0,2020-01-17 09:41:46.395212,316.23,316.26,0
2020-01-17 09:41:47,N,AAPL,316.23,1.0,316.26,1.0,0.0,0.0,2020-01-17 09:41:47.074659,316.23,316.26,0
2020-01-17 09:41:48,N,AAPL,316.23,1.0,316.26,1.0,0.0,-1.0,2020-01-17 09:41:48.119094,316.22,316.25,0
2020-01-17 09:41:49,N,AAPL,316.22,5.0,316.25,2.0,4.0,1.0,2020-01-17 09:41:49.238307,316.26,316.28,1
2020-01-17 09:41:50,N,AAPL,316.26,2.0,316.28,1.0,1.0,0.0,2020-01-17 09:41:50.028177,316.36,316.38,1
2020-01-17 09:41:51,N,AAPL,316.36,3.0,316.38,1.0,1.0,0.0,2020-01-17 09:41:51.762610,316.35,316.38,0
2020-01-17 09:41:52,N,AAPL,316.35,2.0,316.38,2.0,0.0,1.0,2020-01-17 09:41:52.004531,316.33,316.34,-1
2020-01-17 09:41:54,N,AAPL,316.33,2.0,316.34,1.0,0.0,-1.0,2020-01-17 09:41:54.316286,316.33,316.35,0
2020-01-17 09:41:55,N,AAPL,316.33,5.0,316.35,1.0,3.0,0.0,2020-01-17 09:41:55.579943,316.35,316.38,0
2020-01-17 09:41:56,N,AAPL,316.35,1.0,316.38,1.0,0.0,-4.0,2020-01-17 09:41:56.107446,316.38,316.4,0
2020-01-17 09:41:58,N,AAPL,316.38,3.0,316.4,2.0,2.0,1.0,2020-01-17 09:41:58.390614,316.35,316.37,-1
2020-01-17 09:41:59,N,AAPL,316.35,2.0,316.37,2.0,1.0,-9.0,2020-01-17 09:41:59.780780,316.34,316.39,0
2020-01-17 09:42:00,N,AAPL,316.34,2.0,316.39,3.0,0.0,2.0,2020-01-17 09:42:00.157388,316.37,316.4,0
2020-01-17 09:42:02,N,AAPL,316.37,2.0,316.4,11.0,0.0,0.0,2020-01-17 09:42:02.249160,316.4,316.43,0
2020-01-17 09:42:03,N,AAPL,316.4,8.0,316.43,2.0,6.0,-9.0,2020-01-17 09:42:03.494378,316.39,316.42,0
2020-01-17 09:42:05,N,AAPL,316.39,1.0,316.42,1.0,-2.0,0.0,2020-01-17 09:42:05.058855,316.43,316.47,1
2020-01-17 09:42:06,N,AAPL,316.43,4.0,316.47,3.0,2.0,2.0,2020-01-17 09:42:06.141102,316.45,316.49,0
2020-01-17 09:42:07,N,AAPL,316.45,1.0,316.49,4.0,0.0,3.0,2020-01-17 09:42:07.163791,316.45,316.47,0
2020-01-17 09:42:08,N,AAPL,316.45,2.0,316.47,3.0,1.0,2.0,2020-01-17 09:42:08.398998,316.45,316.49,0
2020-01-17 09:42:09,N,AAPL,316.45,1.0,316.49,3.0,0.0,0.0,2020-01-17 09:42:09.080627,316.44,316.48,0
2020-01-17 09:42:10,N,AAPL,316.44,4.0,316.48,1.0,0.0,-2.0,2020-01-17 09:42:10.087371,316.44,316.47,0
2020-01-17 09:42:11,N,AAPL,316.44,3.0,316.47,1.0,0.0,-1.0,2020-01-17 09:42:11.096978,316.45,316.48,0
2020-01-17 09:42:12,N,AAPL,316.45,1.0,316.48,1.0,0.0,-2.0,2020-01-17 09:42:12.006925,316.44,316.45,0
2020-01-17 09:42:13,N,AAPL,316.44,3.0,316.45,4.0,2.0,3.0,2020-01-17 09:42:13.708060,316.45,316.47,0
2020-01-17 09:42:15,N,AAPL,316.45,2.0,316.47,1.0,-1.0,-2.0,2020-01-17 09:42:15.032413,316.42,316.46,0
2020-01-17 09:42:16,N,AAPL,316.42,19.0,316.46,4.0,18.0,2.0,2020-01-17 09:42:16.094259,316.47,316.5,1
2020-01-17 09:42:17,N,AAPL,316.47,4.0,316.5,4.0,1.0,0.0,2020-01-17 09:42:17.218580,316.46,316.5,0
2020-01-17 09:42:18,N,AAPL,316.46,4.0,316.5,10.0,2.0,9.0,2020-01-17 09:42:18.104565,316.42,316.46,0
2020-01-17 09:42:19,N,AAPL,316.42,19.0,316.46,1.0,-1.0,0.0,2020-01-17 09:42:19.124531,316.43,316.47,0
2020-01-17 09:42:21,N,AAPL,316.43,1.0,316.47,1.0,-1.0,0.0,2020-01-17 09:42:21.169352,316.41,316.44,0
2020-01-17 09:42:22,N,AAPL,316.41,1.0,316.44,3.0,-1.0,2.0,2020-01-17 09:42:22.352876,316.36,316.4,-1
2020-01-17 09:42:23,N,AAPL,316.36,4.0,316.4,2.0,3.0,1.0,2020-01-17 09:42:23.311283,316.34,316.36,0
2020-01-17 09:42:24,N,AAPL,316.34,1.0,316.36,2.0,0.0,1.0,2020-01-17 09:42:24.135612,316.39,316.41,1
2020-01-17 09:42:25,N,AAPL,316.39,8.0,316.41,1.0,5.0,-1.0,2020-01-17 09:42:25.023341,316.44,316.45,1
2020-01-17 09:42:27,N,AAPL,316.44,4.0,316.45,2.0,-1.0,1.0,2020-01-17 09:42:27.538686,316.48,316.5,1
2020-01-17 09:42:28,N,AAPL,316.48,2.0,316.5,12.0,1.0,11.0,2020-01-17 09:42:28.508340,316.39,316.42,-1
2020-01-17 09:42:30,N,AAPL,316.39,2.0,316.42,4.0,0.0,-1.0,2020-01-17 09:42:30.365833,316.36,316.4,0
2020-01-17 09:42:31,N,AAPL,316.36,2.0,316.4,2.0,-1.0,0.0,2020-01-17 09:42:31.368554,316.37,316.41,0
2020-01-17 09:42:32,N,AAPL,316.37,1.0,316.41,3.0,-1.0,2.0,2020-01-17 09:42:32.412100,316.36,316.4,0
2020-01-17 09:42:33,N,AAPL,316.36,2.0,316.4,2.0,0.0,1.0,2020-01-17 09:42:33.085308,316.41,316.43,1
2020-01-17 09:42:34,N,AAPL,316.41,5.0,316.43,1.0,4.0,0.0,2020-01-17 09:42:34.764435,316.42,316.44,0
2020-01-17 09:42:35,N,AAPL,316.42,5.0,316.44,3.0,3.0,1.0,2020-01-17 09:42:35.507182,316.39,316.41,-1
2020-01-17 09:42:36,N,AAPL,316.39,2.0,316.41,2.0,0.0,-1.0,2020-01-17 09:42:36.276363,316.31,316.33,-1
2020-01-17 09:42:39,N,AAPL,316.31,2.0,316.33,4.0,1.0,-1.0,2020-01-17 09:42:39.509465,316.27,316.32,0
2020-01-17 09:42:40,N,AAPL,316.27,2.0,316.32,3.0,1.0,0.0,2020-01-17 09:42:40.845180,316.26,316.3,0
2020-01-17 09:42:41,N,AAPL,316.26,1.0,316.3,3.0,-1.0,0.0,2020-01-17 09:42:41.072913,316.22,316.27,0
2020-01-17 09:42:43,N,AAPL,316.22,3.0,316.27,2.0,-36.0,0.0,2020-01-17 09:42:43.001372,316.23,316.24,0
2020-01-17 09:42:44,N,AAPL,316.23,4.0,316.24,2.0,2.0,0.0,2020-01-17 09:42:44.027410,316.22,316.24,0
2020-01-17 09:42:45,N,AAPL,316.22,4.0,316.24,2.0,1.0,-1.0,2020-01-17 09:42:45.650476,316.17,316.21,-1
2020-01-17 09:42:46,N,AAPL,316.17,3.0,316.21,2.0,-1.0,0.0,2020-01-17 09:42:46.260312,316.15,316.19,0
2020-01-17 09:42:47,N,AAPL,316.15,2.0,316.19,2.0,-1.0,-3.0,2020-01-17 09:42:47.001590,316.22,316.24,1
2020-01-17 09:42:48,N,AAPL,316.22,2.0,316.24,2.0,0.0,0.0,2020-01-17 09:42:48.575593,316.23,316.24,0
2020-01-17 09:42:49,N,AAPL,316.23,2.0,316.24,2.0,0.0,0.0,2020-01-17 09:42:49.413868,316.24,316.28,0
2020-01-17 09:42:50,N,AAPL,316.24,7.0,316.28,2.0,5.0,0.0,2020-01-17 09:42:50.950566,316.25,316.29,0
2020-01-17 09:42:51,N,AAPL,316.25,2.0,316.29,3.0,-5.0,2.0,2020-01-17 09:42:51.090127,316.25,316.29,0
2020-01-17 09:42:52,N,AAPL,316.25,3.0,316.29,2.0,1.0,0.0,2020-01-17 09:42:52.147864,316.22,316.23,-1
2020-01-17 09:42:53,N,AAPL,316.22,2.0,316.23,4.0,1.0,3.0,2020-01-17 09:42:53.624050,316.15,316.19,-1
2020-01-17 09:42:54,N,AAPL,316.15,2.0,316.19,1.0,0.0,0.0,2020-01-17 09:42:54.041884,316.3,316.33,1
2020-01-17 09:42:56,N,AAPL,316.3,2.0,316.33,2.0,-2.0,0.0,2020-01-17 09:42:56.777016,316.3,316.33,0
2020-01-17 09:42:57,N,AAPL,316.3,1.0,316.33,3.0,-2.0,2.0,2020-01-17 09:42:57.074460,316.32,316.37,0
2020-01-17 09:42:58,N,AAPL,316.32,1.0,316.37,2.0,-1.0,0.0,2020-01-17 09:42:58.204129,316.35,316.39,0
2020-01-17 09:42:59,N,AAPL,316.35,1.0,316.39,1.0,0.0,-2.0,2020-01-17 09:42:59.044240,316.36,316.39,0
2020-01-17 09:43:00,N,AAPL,316.36,2.0,316.39,1.0,-1.0,-3.0,2020-01-17 09:43:00.578178,316.36,316.4,0
2020-01-17 09:43:01,N,AAPL,316.36,5.0,316.4,3.0,-1.0,2.0,2020-01-17 09:43:01.687169,316.37,316.4,0
2020-01-17 09:43:02,N,AAPL,316.37,5.0,316.4,2.0,0.0,-2.0,2020-01-17 09:43:02.029030,316.4,316.44,0
2020-01-17 09:43:05,N,AAPL,316.4,1.0,316.44,4.0,-3.0,3.0,2020-01-17 09:43:05.436333,316.43,316.45,0
2020-01-17 09:43:06,N,AAPL,316.43,1.0,316.45,17.0,0.0,13.0,2020-01-17 09:43:06.285396,316.4,316.44,0
2020-01-17 09:43:07,N,AAPL,316.4,6.0,316.44,3.0,4.0,2.0,2020-01-17 09:43:07.776498,316.41,316.44,0
2020-01-17 09:43:10,N,AAPL,316.41,1.0,316.44,3.0,-5.0,0.0,2020-01-17 09:43:10.008454,316.42,316.45,0
2020-01-17 09:43:12,N,AAPL,316.42,2.0,316.45,6.0,-1.0,-11.0,2020-01-17 09:43:12.070096,316.41,316.43,0
2020-01-17 09:43:13,N,AAPL,316.41,6.0,316.43,1.0,5.0,0.0,2020-01-17 09:43:13.901911,316.41,316.43,0
2020-01-17 09:43:14,N,AAPL,316.41,2.0,316.43,2.0,-4.0,-1.0,2020-01-17 09:43:14.400464,316.41,316.44,0
2020-01-17 09:43:15,N,AAPL,316.41,3.0,316.44,1.0,1.0,-1.0,2020-01-17 09:43:15.093330,316.43,316.44,0
2020-01-17 09:43:17,N,AAPL,316.43,4.0,316.44,2.0,1.0,-1.0,2020-01-17 09:43:17.071291,316.49,316.52,1
2020-01-17 09:43:19,N,AAPL,316.49,1.0,316.52,2.0,-2.0,1.0,2020-01-17 09:43:19.102152,316.54,316.58,1
2020-01-17 09:43:20,N,AAPL,316.54,2.0,316.58,1.0,0.0,0.0,2020-01-17 09:43:20.046509,316.48,316.52,-1
2020-01-17 09:43:21,N,AAPL,316.48,1.0,316.52,1.0,0.0,0.0,2020-01-17 09:43:21.104171,316.44,316.47,-1
2020-01-17 09:43:23,N,AAPL,316.44,2.0,316.47,1.0,-1.0,-1.0,2020-01-17 09:43:23.207691,316.46,316.49,0
2020-01-17 09:43:25,N,AAPL,316.46,4.0,316.49,1.0,2.0,0.0,2020-01-17 09:43:25.140429,316.46,316.5,0
2020-01-17 09:43:26,N,AAPL,316.46,2.0,316.5,3.0,-3.0,0.0,2020-01-17 09:43:26.000675,316.43,316.45,-1
2020-01-17 09:43:27,N,AAPL,316.43,2.0,316.45,1.0,0.0,-2.0,2020-01-17 09:43:27.195452,316.36,316.39,-1
2020-01-17 09:43:28,N,AAPL,316.36,2.0,316.39,2.0,0.0,0.0,2020-01-17 09:43:28.728209,316.36,316.38,0
2020-01-17 09:43:29,N,AAPL,316.36,1.0,316.38,1.0,-4.0,-2.0,2020-01-17 09:43:29.720889,316.37,316.4,0
2020-01-17 09:43:30,N,AAPL,316.37,1.0,316.4,2.0,-3.0,1.0,2020-01-17 09:43:30.570219,316.33,316.36,-1
2020-01-17 09:43:31,N,AAPL,316.33,2.0,316.36,2.0,1.0,-2.0,2020-01-17 09:43:31.403113,316.3,316.33,0
2020-01-17 09:43:32,N,AAPL,316.3,2.0,316.33,3.0,1.0,1.0,2020-01-17 09:43:32.032069,316.31,316.34,0
2020-01-17 09:43:34,N,AAPL,316.31,1.0,316.34,4.0,0.0,1.0,2020-01-17 09:43:34.002096,316.33,316.37,0
2020-01-17 09:43:35,N,AAPL,316.33,2.0,316.37,3.0,-1.0,1.0,2020-01-17 09:43:35.108772,316.38,316.42,1
2020-01-17 09:43:36,N,AAPL,316.38,1.0,316.42,5.0,0.0,4.0,2020-01-17 09:43:36.465491,316.42,316.45,0
2020-01-17 09:43:37,N,AAPL,316.42,1.0,316.45,4.0,-2.0,3.0,2020-01-17 09:43:37.550647,316.39,316.42,0
2020-01-17 09:43:38,N,AAPL,316.39,2.0,316.42,2.0,1.0,-2.0,2020-01-17 09:43:38.559068,316.36,316.41,0
2020-01-17 09:43:39,N,AAPL,316.36,1.0,316.41,2.0,0.0,1.0,2020-01-17 09:43:39.359940,316.36,316.4,0
2020-01-17 09:43:40,N,AAPL,316.36,1.0,316.4,2.0,0.0,1.0,2020-01-17 09:43:40.114168,316.38,316.4,0
2020-01-17 09:43:41,N,AAPL,316.38,1.0,316.4,1.0,0.0,-1.0,2020-01-17 09:43:41.051322,316.33,316.37,-1
2020-01-17 09:43:43,N,AAPL,316.33,3.0,316.37,1.0,1.0,-1.0,2020-01-17 09:43:43.119725,316.38,316.4,1
2020-01-17 09:43:44,N,AAPL,316.38,2.0,316.4,1.0,1.0,-3.0,2020-01-17 09:43:44.251692,316.38,316.4,0
2020-01-17 09:43:45,N,AAPL,316.38,4.0,316.4,4.0,1.0,1.0,2020-01-17 09:43:45.577434,316.4,316.42,0
2020-01-17 09:43:46,N,AAPL,316.4,1.0,316.42,1.0,-3.0,-3.0,2020-01-17 09:43:46.491967,316.39,316.41,0
2020-01-17 09:43:47,N,AAPL,316.39,2.0,316.41,1.0,1.0,0.0,2020-01-17 09:43:47.564348,316.39,316.4,0
2020-01-17 09:43:48,N,AAPL,316.39,2.0,316.4,5.0,0.0,4.0,2020-01-17 09:43:48.331028,316.37,316.39,0
2020-01-17 09:43:49,N,AAPL,316.37,2.0,316.39,2.0,1.0,1.0,2020-01-17 09:43:49.563116,316.33,316.35,-1
2020-01-17 09:43:50,N,AAPL,316.33,2.0,316.35,4.0,1.0,2.0,2020-01-17 09:43:50.180654,316.33,316.36,0
2020-01-17 09:43:51,N,AAPL,316.33,2.0,316.36,1.0,0.0,-3.0,2020-01-17 09:43:51.830641,316.33,316.36,0
2020-01-17 09:43:54,N,AAPL,316.33,2.0,316.36,4.0,0.0,3.0,2020-01-17 09:43:54.414443,316.39,316.42,1
2020-01-17 09:43:58,N,AAPL,316.39,2.0,316.42,1.0,0.0,0.0,2020-01-17 09:43:58.143653,316.37,316.41,0
2020-01-17 09:43:59,N,AAPL,316.37,3.0,316.41,1.0,0.0,0.0,2020-01-17 09:43:59.297160,316.38,316.41,0
2020-01-17 09:44:00,N,AAPL,316.38,2.0,316.41,2.0,-8.0,0.0,2020-01-17 09:44:00.043561,316.4,316.43,0
2020-01-17 09:44:01,N,AAPL,316.4,2.0,316.43,1.0,0.0,0.0,2020-01-17 09:44:01.428901,316.41,316.43,0
2020-01-17 09:44:02,N,AAPL,316.41,1.0,316.43,1.0,-1.0,0.0,2020-01-17 09:44:02.869610,316.39,316.42,0
2020-01-17 09:44:03,N,AAPL,316.39,4.0,316.42,2.0,3.0,1.0,2020-01-17 09:44:03.826513,316.36,316.38,-1
2020-01-17 09:44:04,N,AAPL,316.36,10.0,316.38,4.0,9.0,-1.0,2020-01-17 09:44:04.004008,316.38,316.42,0
2020-01-17 09:44:05,N,AAPL,316.38,2.0,316.42,2.0,0.0,1.0,2020-01-17 09:44:05.151497,316.34,316.38,0
2020-01-17 09:44:06,N,AAPL,316.34,1.0,316.38,4.0,0.0,1.0,2020-01-17 09:44:06.071926,316.3,316.33,-1
2020-01-17 09:44:07,N,AAPL,316.3,2.0,316.33,1.0,0.0,0.0,2020-01-17 09:44:07.103847,316.3,316.33,0
2020-01-17 09:44:08,N,AAPL,316.3,2.0,316.33,4.0,0.0,3.0,2020-01-17 09:44:08.449981,316.3,316.31,0
2020-01-17 09:44:10,N,AAPL,316.3,2.0,316.31,4.0,1.0,1.0,2020-01-17 09:44:10.676260,316.27,316.31,0
2020-01-17 09:44:11,N,AAPL,316.27,1.0,316.31,2.0,0.0,0.0,2020-01-17 09:44:11.035022,316.28,316.31,0
2020-01-17 09:44:12,N,AAPL,316.28,2.0,316.31,1.0,0.0,-3.0,2020-01-17 09:44:12.512223,316.29,316.31,0
2020-01-17 09:44:13,N,AAPL,316.29,2.0,316.31,1.0,1.0,0.0,2020-01-17 09:44:13.280064,316.3,316.33,0
2020-01-17 09:44:14,N,AAPL,316.3,8.0,316.33,4.0,6.0,3.0,2020-01-17 09:44:14.312577,316.34,316.38,1
2020-01-17 09:44:18,N,AAPL,316.34,4.0,316.38,2.0,2.0,-2.0,2020-01-17 09:44:18.404103,316.34,316.36,0
2020-01-17 09:44:19,N,AAPL,316.34,1.0,316.36,4.0,0.0,2.0,2020-01-17 09:44:19.698789,316.3,316.33,-1
2020-01-17 09:44:20,N,AAPL,316.3,2.0,316.33,1.0,0.0,0.0,2020-01-17 09:44:20.161879,316.36,316.39,1
2020-01-17 09:44:21,N,AAPL,316.36,4.0,316.39,2.0,-1.0,1.0,2020-01-17 09:44:21.274332,316.33,316.37,0
2020-01-17 09:44:22,N,AAPL,316.33,6.0,316.37,3.0,4.0,2.0,2020-01-17 09:44:22.831612,316.33,316.37,0
2020-01-17 09:44:23,N,AAPL,316.33,5.0,316.37,3.0,0.0,2.0,2020-01-17 09:44:23.067694,316.36,316.39,0
2020-01-17 09:44:24,N,AAPL,316.36,2.0,316.39,2.0,0.0,-1.0,2020-01-17 09:44:24.235671,316.4,316.42,1
2020-01-17 09:44:25,N,AAPL,316.4,1.0,316.42,1.0,-1.0,0.0,2020-01-17 09:44:25.631051,316.38,316.41,0
2020-01-17 09:44:26,N,AAPL,316.38,2.0,316.41,4.0,1.0,3.0,2020-01-17 09:44:26.621796,316.41,316.43,0
2020-01-17 09:44:28,N,AAPL,316.41,2.0,316.43,2.0,0.0,1.0,2020-01-17 09:44:28.001020,316.45,316.47,1
2020-01-17 09:44:29,N,AAPL,316.45,1.0,316.47,5.0,-1.0,4.0,2020-01-17 09:44:29.310781,316.48,316.5,1
2020-01-17 09:44:31,N,AAPL,316.48,2.0,316.5,3.0,-1.0,2.0,2020-01-17 09:44:31.325072,316.46,316.49,0
2020-01-17 09:44:32,N,AAPL,316.46,2.0,316.49,4.0,0.0,1.0,2020-01-17 09:44:32.524862,316.38,316.42,-1
2020-01-17 09:44:33,N,AAPL,316.38,2.0,316.42,5.0,-3.0,4.0,2020-01-17 09:44:33.494255,316.37,316.4,0
2020-01-17 09:44:34,N,AAPL,316.37,2.0,316.4,1.0,-4.0,-2.0,2020-01-17 09:44:34.108795,316.35,316.38,0
2020-01-17 09:44:35,N,AAPL,316.35,5.0,316.38,2.0,0.0,-3.0,2020-01-17 09:44:35.206904,316.36,316.4,0
2020-01-17 09:44:36,N,AAPL,316.36,2.0,316.4,2.0,-3.0,0.0,2020-01-17 09:44:36.530633,316.36,316.38,0
2020-01-17 09:44:38,N,AAPL,316.36,3.0,316.38,5.0,1.0,4.0,2020-01-17 09:44:38.559708,316.35,316.36,0
2020-01-17 09:44:39,N,AAPL,316.35,4.0,316.36,4.0,1.0,2.0,2020-01-17 09:44:39.013491,316.33,316.34,-1
2020-01-17 09:44:40,N,AAPL,316.33,3.0,316.34,4.0,-2.0,3.0,2020-01-17 09:44:40.120498,316.29,316.3,-1
2020-01-17 09:44:42,N,AAPL,316.29,1.0,316.3,4.0,-2.0,1.0,2020-01-17 09:44:42.113400,316.28,316.31,0
2020-01-17 09:44:45,N,AAPL,316.28,1.0,316.31,1.0,0.0,-3.0,2020-01-17 09:44:45.569626,316.27,316.3,0
2020-01-17 09:44:46,N,AAPL,316.27,1.0,316.3,4.0,0.0,3.0,2020-01-17 09:44:46.346187,316.25,316.28,0
2020-01-17 09:44:47,N,AAPL,316.25,7.0,316.28,2.0,6.0,-3.0,2020-01-17 09:44:47.393539,316.27,316.31,0
2020-01-17 09:44:48,N,AAPL,316.27,4.0,316.31,1.0,1.0,0.0,2020-01-17 09:44:48.279671,316.29,316.3,0
2020-01-17 09:44:49,N,AAPL,316.29,1.0,316.3,4.0,-3.0,3.0,2020-01-17 09:44:49.879030,316.25,316.28,-1
2020-01-17 09:44:51,N,AAPL,316.25,8.0,316.28,2.0,7.0,-3.0,2020-01-17 09:44:51.982297,316.26,316.29,0
2020-01-17 09:44:52,N,AAPL,316.26,3.0,316.29,1.0,-5.0,-3.0,2020-01-17 09:44:52.040880,316.3,316.32,1
2020-01-17 09:44:53,N,AAPL,316.3,4.0,316.32,2.0,3.0,0.0,2020-01-17 09:44:53.956586,316.31,316.33,0
2020-01-17 09:44:54,N,AAPL,316.31,4.0,316.33,10.0,0.0,8.0,2020-01-17 09:44:54.396709,316.38,316.4,1
2020-01-17 09:44:55,N,AAPL,316.38,1.0,316.4,2.0,-2.0,1.0,2020-01-17 09:44:55.775864,316.4,316.45,0
2020-01-17 09:44:56,N,AAPL,316.4,3.0,316.45,1.0,1.0,0.0,2020-01-17 09:44:56.041952,316.45,316.47,0
2020-01-17 09:44:57,N,AAPL,316.45,2.0,316.47,1.0,0.0,0.0,2020-01-17 09:44:57.551837,316.39,316.42,-1
2020-01-17 09:44:58,N,AAPL,316.39,2.0,316.42,2.0,0.0,-2.0,2020-01-17 09:44:58.050112,316.41,316.44,0
2020-01-17 09:44:59,N,AAPL,316.41,1.0,316.44,2.0,-2.0,1.0,2020-01-17 09:44:59.890865,316.4,316.43,0
2020-01-17 09:45:00,N,AAPL,316.4,3.0,316.43,4.0,2.0,2.0,2020-01-17 09:45:00.001235,316.35,316.36,-1
2020-01-17 09:45:01,N,AAPL,316.35,1.0,316.36,2.0,0.0,1.0,2020-01-17 09:45:01.198085,316.37,316.4,1
2020-01-17 09:45:02,N,AAPL,316.37,4.0,316.4,2.0,3.0,1.0,2020-01-17 09:45:02.374698,316.37,316.39,0
2020-01-17 09:45:03,N,AAPL,316.37,2.0,316.39,1.0,0.0,-1.0,2020-01-17 09:45:03.242750,316.42,316.44,1
2020-01-17 09:45:04,N,AAPL,316.42,1.0,316.44,3.0,0.0,0.0,2020-01-17 09:45:04.424038,316.33,316.36,-1
2020-01-17 09:45:05,N,AAPL,316.33,2.0,316.36,2.0,0.0,1.0,2020-01-17 09:45:05.212009,316.28,316.32,-1
2020-01-17 09:45:06,N,AAPL,316.28,2.0,316.32,3.0,0.0,2.0,2020-01-17 09:45:06.019722,316.26,316.3,0
2020-01-17 09:45:08,N,AAPL,316.26,2.0,316.3,3.0,0.0,1.0,2020-01-17 09:45:08.409524,316.25,316.28,0
2020-01-17 09:45:09,N,AAPL,316.25,4.0,316.28,1.0,1.0,0.0,2020-01-17 09:45:09.008907,316.27,316.29,0
2020-01-17 09:45:10,N,AAPL,316.27,1.0,316.29,1.0,-4.0,-1.0,2020-01-17 09:45:10.010038,316.27,316.3,0
2020-01-17 09:45:11,N,AAPL,316.27,1.0,316.3,4.0,-1.0,2.0,2020-01-17 09:45:11.191747,316.27,316.31,0
2020-01-17 09:45:13,N,AAPL,316.27,3.0,316.31,1.0,1.0,-1.0,2020-01-17 09:45:13.272983,316.27,316.3,0
2020-01-17 09:45:14,N,AAPL,316.27,1.0,316.3,1.0,-2.0,0.0,2020-01-17 09:45:14.664286,316.25,316.3,0
2020-01-17 09:45:15,N,AAPL,316.25,5.0,316.3,5.0,4.0,4.0,2020-01-17 09:45:15.004424,316.25,316.28,0
2020-01-17 09:45:16,N,AAPL,316.25,9.0,316.28,2.0,7.0,1.0,2020-01-17 09:45:16.335657,316.26,316.28,0
2020-01-17 09:45:17,N,AAPL,316.26,4.0,316.28,1.0,-5.0,-1.0,2020-01-17 09:45:17.840634,316.28,316.29,0
2020-01-17 09:45:18,N,AAPL,316.28,3.0,316.29,1.0,-5.0,0.0,2020-01-17 09:45:18.010004,316.3,316.34,1
2020-01-17 09:45:19,N,AAPL,316.3,1.0,316.34,2.0,-3.0,1.0,2020-01-17 09:45:19.432683,316.32,316.35,0
2020-01-17 09:45:20,N,AAPL,316.32,1.0,316.35,2.0,-3.0,0.0,2020-01-17 09:45:20.091216,316.34,316.36,0
2020-01-17 09:45:21,N,AAPL,316.34,2.0,316.36,1.0,1.0,-2.0,2020-01-17 09:45:21.099652,316.3,316.32,-1
2020-01-17 09:45:22,N,AAPL,316.3,1.0,316.32,2.0,0.0,0.0,2020-01-17 09:45:22.391495,316.26,316.3,0
2020-01-17 09:45:23,N,AAPL,316.26,2.0,316.3,2.0,1.0,-1.0,2020-01-17 09:45:23.251234,316.3,316.32,0
2020-01-17 09:45:24,N,AAPL,316.3,4.0,316.32,1.0,3.0,-1.0,2020-01-17 09:45:24.881647,316.28,316.31,0
2020-01-17 09:45:25,N,AAPL,316.28,1.0,316.31,3.0,-1.0,2.0,2020-01-17 09:45:25.110588,316.26,316.28,0
2020-01-17 09:45:26,N,AAPL,316.26,1.0,316.28,3.0,-1.0,0.0,2020-01-17 09:45:26.508804,316.26,316.29,0
2020-01-17 09:45:27,N,AAPL,316.26,1.0,316.29,2.0,0.0,-1.0,2020-01-17 09:45:27.145608,316.28,316.29,0
2020-01-17 09:45:28,N,AAPL,316.28,4.0,316.29,1.0,1.0,0.0,2020-01-17 09:45:28.832468,316.29,316.32,0
2020-01-17 09:45:29,N,AAPL,316.29,1.0,316.32,1.0,-3.0,0.0,2020-01-17 09:45:29.339532,316.26,316.29,0
2020-01-17 09:45:32,N,AAPL,316.26,1.0,316.29,5.0,0.0,4.0,2020-01-17 09:45:32.479980,316.25,316.27,0
2020-01-17 09:45:33,N,AAPL,316.25,3.0,316.27,3.0,2.0,-2.0,2020-01-17 09:45:33.043374,316.31,316.34,1
2020-01-17 09:45:35,N,AAPL,316.31,6.0,316.34,2.0,3.0,1.0,2020-01-17 09:45:35.054033,316.27,316.31,0
2020-01-17 09:45:36,N,AAPL,316.27,2.0,316.31,7.0,0.0,5.0,2020-01-17 09:45:36.132413,316.27,316.29,0
2020-01-17 09:45:37,N,AAPL,316.27,2.0,316.29,1.0,1.0,-1.0,2020-01-17 09:45:37.024196,316.25,316.27,0
2020-01-17 09:45:38,N,AAPL,316.25,1.0,316.27,5.0,0.0,4.0,2020-01-17 09:45:38.420090,316.26,316.29,0
2020-01-17 09:45:39,N,AAPL,316.26,1.0,316.29,1.0,0.0,-1.0,2020-01-17 09:45:39.688039,316.25,316.28,0
2020-01-17 09:45:40,N,AAPL,316.25,4.0,316.28,1.0,0.0,-1.0,2020-01-17 09:45:40.538827,316.24,316.26,0
2020-01-17 09:45:41,N,AAPL,316.24,2.0,316.26,4.0,-2.0,2.0,2020-01-17 09:45:41.313127,316.24,316.25,0
2020-01-17 09:45:42,N,AAPL,316.24,2.0,316.25,4.0,-1.0,2.0,2020-01-17 09:45:42.772164,316.21,316.25,0
2020-01-17 09:45:43,N,AAPL,316.21,3.0,316.25,2.0,1.0,0.0,2020-01-17 09:45:43.356766,316.16,316.18,-1
2020-01-17 09:45:44,N,AAPL,316.16,1.0,316.18,4.0,0.0,3.0,2020-01-17 09:45:44.871137,316.16,316.19,0
2020-01-17 09:45:45,N,AAPL,316.16,2.0,316.19,2.0,1.0,1.0,2020-01-17 09:45:45.079602,316.16,316.18,0
2020-01-17 09:45:46,N,AAPL,316.16,1.0,316.18,1.0,0.0,-1.0,2020-01-17 09:45:46.185143,316.17,316.18,0
2020-01-17 09:45:47,N,AAPL,316.17,1.0,316.18,1.0,0.0,0.0,2020-01-17 09:45:47.148867,316.22,316.24,1
2020-01-17 09:45:48,N,AAPL,316.22,4.0,316.24,5.0,1.0,4.0,2020-01-17 09:45:48.002718,316.24,316.25,0
2020-01-17 09:45:49,N,AAPL,316.24,8.0,316.25,1.0,6.0,-4.0,2020-01-17 09:45:49.876611,316.25,316.28,0
2020-01-17 09:45:50,N,AAPL,316.25,7.0,316.28,1.0,3.0,-1.0,2020-01-17 09:45:50.943441,316.27,316.3,0
2020-01-17 09:45:51,N,AAPL,316.27,3.0,316.3,1.0,1.0,0.0,2020-01-17 09:45:51.188936,316.26,316.28,0
2020-01-17 09:45:52,N,AAPL,316.26,2.0,316.28,1.0,-1.0,0.0,2020-01-17 09:45:52.852529,316.26,316.29,0
2020-01-17 09:45:53,N,AAPL,316.26,2.0,316.29,1.0,-2.0,0.0,2020-01-17 09:45:53.086315,316.22,316.23,-1
2020-01-17 09:45:54,N,AAPL,316.22,2.0,316.23,5.0,-2.0,-1.0,2020-01-17 09:45:54.314948,316.19,316.22,0
2020-01-17 09:45:56,N,AAPL,316.19,1.0,316.22,4.0,-1.0,3.0,2020-01-17 09:45:56.682371,316.16,316.2,0
2020-01-17 09:45:57,N,AAPL,316.16,1.0,316.2,2.0,-3.0,0.0,2020-01-17 09:45:57.350600,316.17,316.22,0
2020-01-17 09:45:58,N,AAPL,316.17,2.0,316.22,3.0,1.0,2.0,2020-01-17 09:45:58.468406,316.16,316.2,0
2020-01-17 09:45:59,N,AAPL,316.16,1.0,316.2,4.0,0.0,0.0,2020-01-17 09:45:59.360745,316.18,316.21,0
2020-01-17 09:46:00,N,AAPL,316.18,2.0,316.21,3.0,0.0,1.0,2020-01-17 09:46:00.162350,316.19,316.21,0
2020-01-17 09:46:01,N,AAPL,316.19,1.0,316.21,1.0,-1.0,-2.0,2020-01-17 09:46:01.192817,316.21,316.22,0
2020-01-17 09:46:02,N,AAPL,316.21,1.0,316.22,1.0,-2.0,0.0,2020-01-17 09:46:02.102465,316.13,316.15,-1
2020-01-17 09:46:03,N,AAPL,316.13,1.0,316.15,2.0,0.0,1.0,2020-01-17 09:46:03.552191,316.13,316.17,0
2020-01-17 09:46:04,N,AAPL,316.13,3.0,316.17,1.0,0.0,0.0,2020-01-17 09:46:04.154310,316.16,316.2,0
2020-01-17 09:46:05,N,AAPL,316.16,1.0,316.2,4.0,0.0,0.0,2020-01-17 09:46:05.114955,316.17,316.19,0
2020-01-17 09:46:06,N,AAPL,316.17,2.0,316.19,1.0,1.0,-2.0,2020-01-17 09:46:06.831881,316.19,316.21,0
2020-01-17 09:46:07,N,AAPL,316.19,1.0,316.21,1.0,0.0,-2.0,2020-01-17 09:46:07.171358,316.21,316.22,0
2020-01-17 09:46:08,N,AAPL,316.21,2.0,316.22,1.0,1.0,0.0,2020-01-17 09:46:08.670661,316.2,316.21,0
2020-01-17 09:46:09,N,AAPL,316.2,1.0,316.21,2.0,0.0,-3.0,2020-01-17 09:46:09.767341,316.19,316.22,0
2020-01-17 09:46:10,N,AAPL,316.19,1.0,316.22,1.0,0.0,0.0,2020-01-17 09:46:10.126316,316.2,316.21,0
2020-01-17 09:46:12,N,AAPL,316.2,5.0,316.21,2.0,4.0,0.0,2020-01-17 09:46:12.748363,316.21,316.23,0
2020-01-17 09:46:13,N,AAPL,316.21,1.0,316.23,1.0,0.0,-1.0,2020-01-17 09:46:13.382790,316.18,316.21,0
2020-01-17 09:46:14,N,AAPL,316.18,2.0,316.21,5.0,-1.0,4.0,2020-01-17 09:46:14.017010,316.14,316.17,-1
2020-01-17 09:46:15,N,AAPL,316.14,1.0,316.17,2.0,0.0,1.0,2020-01-17 09:46:15.057004,316.14,316.16,0
2020-01-17 09:46:16,N,AAPL,316.14,4.0,316.16,1.0,3.0,-1.0,2020-01-17 09:46:16.115265,316.14,316.18,0
2020-01-17 09:46:17,N,AAPL,316.14,2.0,316.18,2.0,1.0,-1.0,2020-01-17 09:46:17.243239,316.14,316.16,0
2020-01-17 09:46:18,N,AAPL,316.14,2.0,316.16,5.0,1.0,3.0,2020-01-17 09:46:18.146752,316.12,316.16,0
2020-01-17 09:46:19,N,AAPL,316.12,4.0,316.16,3.0,-1.0,0.0,2020-01-17 09:46:19.101497,316.12,316.15,0
2020-01-17 09:46:20,N,AAPL,316.12,1.0,316.15,1.0,-3.0,-3.0,2020-01-17 09:46:20.073674,316.12,316.16,0
2020-01-17 09:46:21,N,AAPL,316.12,4.0,316.16,2.0,0.0,0.0,2020-01-17 09:46:21.113092,316.11,316.13,0
2020-01-17 09:46:22,N,AAPL,316.11,2.0,316.13,5.0,-2.0,3.0,2020-01-17 09:46:22.071252,316.09,316.12,0
2020-01-17 09:46:23,N,AAPL,316.09,1.0,316.12,1.0,0.0,-1.0,2020-01-17 09:46:23.131045,316.1,316.13,0
2020-01-17 09:46:24,N,AAPL,316.1,2.0,316.13,3.0,-1.0,2.0,2020-01-17 09:46:24.167124,316.11,316.15,0
2020-01-17 09:46:25,N,AAPL,316.11,2.0,316.15,5.0,0.0,2.0,2020-01-17 09:46:25.109910,316.14,316.18,0
2020-01-17 09:46:26,N,AAPL,316.14,3.0,316.18,1.0,0.0,0.0,2020-01-17 09:46:26.690781,316.12,316.16,0
2020-01-17 09:46:28,N,AAPL,316.12,2.0,316.16,5.0,-1.0,4.0,2020-01-17 09:46:28.164639,316.09,316.14,0
2020-01-17 09:46:29,N,AAPL,316.09,2.0,316.14,3.0,0.0,2.0,2020-01-17 09:46:29.185753,316.09,316.12,0
2020-01-17 09:46:30,N,AAPL,316.09,1.0,316.12,3.0,0.0,1.0,2020-01-17 09:46:30.191148,316.1,316.13,0
2020-01-17 09:46:31,N,AAPL,316.1,1.0,316.13,3.0,-1.0,1.0,2020-01-17 09:46:31.618061,316.1,316.14,0
2020-01-17 09:46:32,N,AAPL,316.1,2.0,316.14,2.0,1.0,-1.0,2020-01-17 09:46:32.670235,316.13,316.14,0
2020-01-17 09:46:34,N,AAPL,316.13,2.0,316.14,1.0,0.0,-2.0,2020-01-17 09:46:34.762927,316.14,316.18,0
2020-01-17 09:46:35,N,AAPL,316.14,1.0,316.18,1.0,0.0,0.0,2020-01-17 09:46:35.095968,316.09,316.12,-1
2020-01-17 09:46:36,N,AAPL,316.09,1.0,316.12,5.0,-4.0,4.0,2020-01-17 09:46:36.950247,316.1,316.12,0
2020-01-17 09:46:37,N,AAPL,316.1,2.0,316.12,1.0,1.0,-4.0,2020-01-17 09:46:37.068110,316.09,316.12,0
2020-01-17 09:46:38,N,AAPL,316.09,3.0,316.12,2.0,-3.0,-1.0,2020-01-17 09:46:38.067708,316.09,316.11,0
2020-01-17 09:46:39,N,AAPL,316.09,1.0,316.11,2.0,-1.0,-3.0,2020-01-17 09:46:39.366050,316.1,316.13,0
2020-01-17 09:46:40,N,AAPL,316.1,2.0,316.13,1.0,1.0,-1.0,2020-01-17 09:46:40.017131,316.11,316.12,0
2020-01-17 09:46:41,N,AAPL,316.11,2.0,316.12,3.0,-1.0,2.0,2020-01-17 09:46:41.330272,316.08,316.09,-1
2020-01-17 09:46:42,N,AAPL,316.08,2.0,316.09,4.0,1.0,3.0,2020-01-17 09:46:42.374829,316.08,316.11,0
2020-01-17 09:46:43,N,AAPL,316.08,10.0,316.11,4.0,9.0,2.0,2020-01-17 09:46:43.480900,316.09,316.12,0
2020-01-17 09:46:44,N,AAPL,316.09,4.0,316.12,2.0,-15.0,0.0,2020-01-17 09:46:44.205448,316.12,316.14,0
2020-01-17 09:46:45,N,AAPL,316.12,3.0,316.14,1.0,1.0,0.0,2020-01-17 09:46:45.890993,316.12,316.15,0
2020-01-17 09:46:46,N,AAPL,316.12,1.0,316.15,1.0,-2.0,0.0,2020-01-17 09:46:46.238429,316.14,316.17,0
2020-01-17 09:46:47,N,AAPL,316.14,3.0,316.17,1.0,2.0,0.0,2020-01-17 09:46:47.329713,316.14,316.17,0
2020-01-17 09:46:48,N,AAPL,316.14,1.0,316.17,1.0,0.0,0.0,2020-01-17 09:46:48.486591,316.12,316.14,0
2020-01-17 09:46:50,N,AAPL,316.12,2.0,316.14,6.0,0.0,4.0,2020-01-17 09:46:50.283933,316.09,316.12,0
2020-01-17 09:46:51,N,AAPL,316.09,2.0,316.12,4.0,-2.0,2.0,2020-01-17 09:46:51.596486,316.09,316.12,0
2020-01-17 09:46:52,N,AAPL,316.09,1.0,316.12,2.0,0.0,-1.0,2020-01-17 09:46:52.066832,316.13,316.17,1
2020-01-17 09:46:53,N,AAPL,316.13,3.0,316.17,1.0,2.0,-1.0,2020-01-17 09:46:53.295249,316.12,316.14,0
2020-01-17 09:46:54,N,AAPL,316.12,1.0,316.14,5.0,-1.0,2.0,2020-01-17 09:46:54.994549,316.12,316.14,0
2020-01-17 09:46:55,N,AAPL,316.12,1.0,316.14,2.0,0.0,-3.0,2020-01-17 09:46:55.003892,316.11,316.15,0
2020-01-17 09:46:57,N,AAPL,316.11,1.0,316.15,2.0,-2.0,1.0,2020-01-17 09:46:57.048858,316.11,316.12,0
2020-01-17 09:46:58,N,AAPL,316.11,1.0,316.12,3.0,0.0,2.0,2020-01-17 09:46:58.491182,316.07,316.09,-1
2020-01-17 09:46:59,N,AAPL,316.07,1.0,316.09,4.0,0.0,3.0,2020-01-17 09:46:59.161052,316.07,316.09,0
2020-01-17 09:47:00,N,AAPL,316.07,2.0,316.09,4.0,1.0,2.0,2020-01-17 09:47:00.835599,316.05,316.08,0
2020-01-17 09:47:02,N,AAPL,316.05,5.0,316.08,4.0,0.0,2.0,2020-01-17 09:47:02.645172,316.05,316.05,0
2020-01-17 09:47:03,N,AAPL,316.05,1.0,316.05,1.0,-4.0,-2.0,2020-01-17 09:47:03.852097,316.03,316.06,0
2020-01-17 09:47:04,N,AAPL,316.03,2.0,316.06,2.0,-2.0,1.0,2020-01-17 09:47:04.017742,316.0,316.02,-1
2020-01-17 09:47:05,N,AAPL,316.0,24.0,316.02,2.0,18.0,0.0,2020-01-17 09:47:05.284524,316.01,316.04,0
2020-01-17 09:47:06,N,AAPL,316.01,2.0,316.04,1.0,1.0,0.0,2020-01-17 09:47:06.176608,316.01,316.03,0
2020-01-17 09:47:07,N,AAPL,316.01,1.0,316.03,3.0,0.0,2.0,2020-01-17 09:47:07.207541,315.96,316.0,-1
2020-01-17 09:47:08,N,AAPL,315.96,1.0,316.0,7.0,-1.0,3.0,2020-01-17 09:47:08.003309,315.97,315.99,0
2020-01-17 09:47:09,N,AAPL,315.97,3.0,315.99,1.0,-5.0,-2.0,2020-01-17 09:47:09.229351,315.97,316.0,0
2020-01-17 09:47:11,N,AAPL,315.97,3.0,316.0,1.0,1.0,-2.0,2020-01-17 09:47:11.166142,315.95,315.97,0
2020-01-17 09:47:12,N,AAPL,315.95,7.0,315.97,1.0,-1.0,0.0,2020-01-17 09:47:12.656893,315.94,315.98,0
2020-01-17 09:47:13,N,AAPL,315.94,3.0,315.98,3.0,-4.0,1.0,2020-01-17 09:47:13.003620,316.05,316.08,1
2020-01-17 09:47:14,N,AAPL,316.05,1.0,316.08,3.0,-1.0,2.0,2020-01-17 09:47:14.357078,316.0,316.03,-1
2020-01-17 09:47:15,N,AAPL,316.0,3.0,316.03,2.0,1.0,-1.0,2020-01-17 09:47:15.091983,316.05,316.07,1
2020-01-17 09:47:16,N,AAPL,316.05,1.0,316.07,2.0,0.0,0.0,2020-01-17 09:47:16.707141,316.03,316.07,0
2020-01-17 09:47:17,N,AAPL,316.03,2.0,316.07,2.0,1.0,0.0,2020-01-17 09:47:17.067281,316.03,316.06,0
2020-01-17 09:47:18,N,AAPL,316.03,1.0,316.06,2.0,-1.0,1.0,2020-01-17 09:47:18.313028,316.04,316.08,0
2020-01-17 09:47:19,N,AAPL,316.04,2.0,316.08,2.0,1.0,1.0,2020-01-17 09:47:19.359975,316.04,316.07,0
2020-01-17 09:47:20,N,AAPL,316.04,2.0,316.07,1.0,1.0,0.0,2020-01-17 09:47:20.113388,316.05,316.08,0
2020-01-17 09:47:22,N,AAPL,316.05,1.0,316.08,1.0,0.0,0.0,2020-01-17 09:47:22.271249,316.05,316.08,0
2020-01-17 09:47:23,N,AAPL,316.05,1.0,316.08,1.0,0.0,0.0,2020-01-17 09:47:23.653337,316.07,316.1,0
2020-01-17 09:47:24,N,AAPL,316.07,1.0,316.1,2.0,0.0,1.0,2020-01-17 09:47:24.198301,316.05,316.09,0
2020-01-17 09:47:25,N,AAPL,316.05,1.0,316.09,3.0,-1.0,0.0,2020-01-17 09:47:25.158640,316.05,316.08,0
2020-01-17 09:47:26,N,AAPL,316.05,2.0,316.08,3.0,0.0,1.0,2020-01-17 09:47:26.731278,316.0,316.04,-1
2020-01-17 09:47:27,N,AAPL,316.0,2.0,316.04,2.0,0.0,-1.0,2020-01-17 09:47:27.056299,316.02,316.05,0
2020-01-17 09:47:28,N,AAPL,316.02,1.0,316.05,1.0,-3.0,-2.0,2020-01-17 09:47:28.123915,316.02,316.05,0
2020-01-17 09:47:30,N,AAPL,316.02,4.0,316.05,1.0,3.0,0.0,2020-01-17 09:47:30.882864,316.03,316.07,0
2020-01-17 09:47:31,N,AAPL,316.03,2.0,316.07,2.0,-3.0,1.0,2020-01-17 09:47:31.181311,316.05,316.08,0
2020-01-17 09:47:32,N,AAPL,316.05,2.0,316.08,1.0,0.0,0.0,2020-01-17 09:47:32.425235,316.02,316.07,0
2020-01-17 09:47:33,N,AAPL,316.02,4.0,316.07,4.0,3.0,3.0,2020-01-17 09:47:33.427359,316.06,316.08,0
2020-01-17 09:47:35,N,AAPL,316.06,2.0,316.08,1.0,0.0,-3.0,2020-01-17 09:47:35.930962,316.04,316.06,0
2020-01-17 09:47:36,N,AAPL,316.04,2.0,316.06,2.0,0.0,1.0,2020-01-17 09:47:36.176312,316.01,316.03,-1
2020-01-17 09:47:37,N,AAPL,316.01,5.0,316.03,3.0,3.0,0.0,2020-01-17 09:47:37.554764,316.0,316.02,0
2020-01-17 09:47:39,N,AAPL,316.0,5.0,316.02,3.0,-1.0,0.0,2020-01-17 09:47:39.297079,316.0,316.01,0
2020-01-17 09:47:40,N,AAPL,316.0,4.0,316.01,2.0,-2.0,1.0,2020-01-17 09:47:40.029459,316.0,316.0,0
2020-01-17 09:47:41,N,AAPL,316.0,3.0,316.0,4.0,-1.0,2.0,2020-01-17 09:47:41.098582,316.0,316.02,0
2020-01-17 09:47:43,N,AAPL,316.0,2.0,316.02,4.0,-3.0,3.0,2020-01-17 09:47:43.149883,316.0,316.03,0
2020-01-17 09:47:44,N,AAPL,316.0,5.0,316.03,1.0,0.0,0.0,2020-01-17 09:47:44.445143,316.0,316.02,0
2020-01-17 09:47:49,N,AAPL,316.0,3.0,316.02,5.0,-2.0,4.0,2020-01-17 09:47:49.313012,316.03,316.05,1
2020-01-17 09:47:50,N,AAPL,316.03,1.0,316.05,2.0,-1.0,1.0,2020-01-17 09:47:50.738995,316.02,316.06,0
2020-01-17 09:47:51,N,AAPL,316.02,2.0,316.06,2.0,0.0,1.0,2020-01-17 09:47:51.189599,316.01,316.04,0
2020-01-17 09:47:52,N,AAPL,316.01,2.0,316.04,4.0,1.0,1.0,2020-01-17 09:47:52.191010,316.02,316.05,0
2020-01-17 09:47:54,N,AAPL,316.02,1.0,316.05,2.0,-18.0,-3.0,2020-01-17 09:47:54.946675,316.01,316.04,0
2020-01-17 09:47:55,N,AAPL,316.01,2.0,316.04,4.0,1.0,2.0,2020-01-17 09:47:55.021253,316.01,316.03,0
2020-01-17 09:47:56,N,AAPL,316.01,1.0,316.03,4.0,-2.0,3.0,2020-01-17 09:47:56.373667,316.0,316.03,0
2020-01-17 09:47:57,N,AAPL,316.0,4.0,316.03,4.0,0.0,1.0,2020-01-17 09:47:57.612102,315.99,316.01,0
2020-01-17 09:47:58,N,AAPL,315.99,15.0,316.01,4.0,11.0,1.0,2020-01-17 09:47:58.063923,315.91,315.92,-1
2020-01-17 09:48:00,N,AAPL,315.91,1.0,315.92,4.0,-5.0,3.0,2020-01-17 09:48:00.068819,315.94,315.97,1
2020-01-17 09:48:01,N,AAPL,315.94,2.0,315.97,1.0,-2.0,0.0,2020-01-17 09:48:01.194684,315.95,315.98,0
2020-01-17 09:48:02,N,AAPL,315.95,1.0,315.98,2.0,-1.0,1.0,2020-01-17 09:48:02.150105,315.97,316.0,0
2020-01-17 09:48:03,N,AAPL,315.97,2.0,316.0,1.0,-1.0,0.0,2020-01-17 09:48:03.015488,315.93,315.97,0
2020-01-17 09:48:04,N,AAPL,315.93,2.0,315.97,2.0,1.0,0.0,2020-01-17 09:48:04.464537,315.93,315.95,0
2020-01-17 09:48:05,N,AAPL,315.93,2.0,315.95,3.0,1.0,1.0,2020-01-17 09:48:05.025329,315.93,315.96,0
2020-01-17 09:48:07,N,AAPL,315.93,5.0,315.96,1.0,3.0,-2.0,2020-01-17 09:48:07.412630,315.91,315.94,0
2020-01-17 09:48:08,N,AAPL,315.91,4.0,315.94,3.0,-2.0,1.0,2020-01-17 09:48:08.215468,315.91,315.92,0
2020-01-17 09:48:09,N,AAPL,315.91,3.0,315.92,6.0,-1.0,3.0,2020-01-17 09:48:09.143092,315.89,315.91,0
2020-01-17 09:48:10,N,AAPL,315.89,1.0,315.91,1.0,-1.0,-3.0,2020-01-17 09:48:10.247076,315.89,315.92,0
2020-01-17 09:48:11,N,AAPL,315.89,4.0,315.92,2.0,3.0,1.0,2020-01-17 09:48:11.362115,315.89,315.91,0
2020-01-17 09:48:12,N,AAPL,315.89,4.0,315.91,3.0,0.0,1.0,2020-01-17 09:48:12.201366,315.89,315.91,0
2020-01-17 09:48:13,N,AAPL,315.89,3.0,315.91,3.0,-1.0,1.0,2020-01-17 09:48:13.531080,315.89,315.9,0
2020-01-17 09:48:14,N,AAPL,315.89,4.0,315.9,3.0,-1.0,1.0,2020-01-17 09:48:14.626675,315.89,315.91,0
2020-01-17 09:48:15,N,AAPL,315.89,3.0,315.91,1.0,2.0,-2.0,2020-01-17 09:48:15.973637,315.91,315.92,0
2020-01-17 09:48:17,N,AAPL,315.91,8.0,315.92,1.0,5.0,0.0,2020-01-17 09:48:17.987451,315.92,315.96,0
2020-01-17 09:48:18,N,AAPL,315.92,10.0,315.96,2.0,9.0,1.0,2020-01-17 09:48:18.416678,315.94,315.97,0
2020-01-17 09:48:19,N,AAPL,315.94,2.0,315.97,2.0,-3.0,-1.0,2020-01-17 09:48:19.103967,315.99,316.0,1
2020-01-17 09:48:20,N,AAPL,315.99,8.0,316.0,2.0,6.0,-1.0,2020-01-17 09:48:20.703460,315.99,316.0,0
2020-01-17 09:48:22,N,AAPL,315.99,7.0,316.0,1.0,0.0,-1.0,2020-01-17 09:48:22.512453,316.03,316.06,1
2020-01-17 09:48:23,N,AAPL,316.03,2.0,316.06,1.0,-5.0,0.0,2020-01-17 09:48:23.023987,316.04,316.08,0
2020-01-17 09:48:24,N,AAPL,316.04,3.0,316.08,2.0,0.0,0.0,2020-01-17 09:48:24.182007,316.1,316.12,1
2020-01-17 09:48:25,N,AAPL,316.1,1.0,316.12,1.0,0.0,0.0,2020-01-17 09:48:25.508280,316.04,316.07,-1
2020-01-17 09:48:26,N,AAPL,316.04,2.0,316.07,1.0,0.0,0.0,2020-01-17 09:48:26.177511,316.07,316.1,0
2020-01-17 09:48:27,N,AAPL,316.07,1.0,316.1,1.0,-2.0,0.0,2020-01-17 09:48:27.540414,316.08,316.11,0
2020-01-17 09:48:28,N,AAPL,316.08,1.0,316.11,1.0,0.0,0.0,2020-01-17 09:48:28.883265,316.04,316.08,0
2020-01-17 09:48:29,N,AAPL,316.04,2.0,316.08,4.0,1.0,3.0,2020-01-17 09:48:29.774118,316.05,316.08,0
2020-01-17 09:48:30,N,AAPL,316.05,2.0,316.08,1.0,0.0,-3.0,2020-01-17 09:48:30.136242,316.09,316.12,1
2020-01-17 09:48:31,N,AAPL,316.09,2.0,316.12,1.0,1.0,0.0,2020-01-17 09:48:31.301745,316.07,316.11,0
2020-01-17 09:48:32,N,AAPL,316.07,1.0,316.11,3.0,-2.0,2.0,2020-01-17 09:48:32.543228,316.07,316.11,0
2020-01-17 09:48:33,N,AAPL,316.07,1.0,316.11,3.0,0.0,1.0,2020-01-17 09:48:33.208928,316.06,316.1,0
2020-01-17 09:48:34,N,AAPL,316.06,3.0,316.1,1.0,0.0,0.0,2020-01-17 09:48:34.042097,316.05,316.07,0
2020-01-17 09:48:35,N,AAPL,316.05,1.0,316.07,4.0,-1.0,3.0,2020-01-17 09:48:35.472250,316.04,316.06,0
2020-01-17 09:48:36,N,AAPL,316.04,3.0,316.06,1.0,-2.0,0.0,2020-01-17 09:48:36.041723,316.08,316.1,1
2020-01-17 09:48:38,N,AAPL,316.08,2.0,316.1,2.0,1.0,1.0,2020-01-17 09:48:38.154874,316.06,316.09,0
2020-01-17 09:48:39,N,AAPL,316.06,1.0,316.09,4.0,-1.0,2.0,2020-01-17 09:48:39.834250,316.06,316.08,0
2020-01-17 09:48:40,N,AAPL,316.06,1.0,316.08,4.0,0.0,1.0,2020-01-17 09:48:40.029090,316.05,316.09,0
2020-01-17 09:48:41,N,AAPL,316.05,1.0,316.09,2.0,-1.0,-1.0,2020-01-17 09:48:41.038461,316.06,316.08,0
2020-01-17 09:48:42,N,AAPL,316.06,1.0,316.08,1.0,-2.0,0.0,2020-01-17 09:48:42.136851,316.04,316.06,0
2020-01-17 09:48:44,N,AAPL,316.04,2.0,316.06,2.0,1.0,1.0,2020-01-17 09:48:44.207599,316.04,316.06,0
2020-01-17 09:48:47,N,AAPL,316.04,2.0,316.06,4.0,0.0,2.0,2020-01-17 09:48:47.611739,316.03,316.05,0
2020-01-17 09:48:48,N,AAPL,316.03,1.0,316.05,2.0,-1.0,-2.0,2020-01-17 09:48:48.040671,316.05,316.06,0
2020-01-17 09:48:51,N,AAPL,316.05,1.0,316.06,1.0,-1.0,0.0,2020-01-17 09:48:51.438452,316.05,316.09,0
2020-01-17 09:48:52,N,AAPL,316.05,2.0,316.09,3.0,0.0,0.0,2020-01-17 09:48:52.294925,316.04,316.08,0
2020-01-17 09:48:54,N,AAPL,316.04,3.0,316.08,2.0,1.0,-1.0,2020-01-17 09:48:54.973767,316.06,316.08,0
2020-01-17 09:48:55,N,AAPL,316.06,2.0,316.08,1.0,-1.0,-1.0,2020-01-17 09:48:55.975307,316.06,316.08,0
2020-01-17 09:48:56,N,AAPL,316.06,1.0,316.08,1.0,-1.0,0.0,2020-01-17 09:48:56.644676,316.06,316.09,0
2020-01-17 09:48:57,N,AAPL,316.06,5.0,316.09,2.0,4.0,0.0,2020-01-17 09:48:57.113249,316.03,316.06,0
2020-01-17 09:48:59,N,AAPL,316.03,2.0,316.06,4.0,1.0,2.0,2020-01-17 09:48:59.315252,316.06,316.08,0
2020-01-17 09:49:00,N,AAPL,316.06,1.0,316.08,1.0,-2.0,-2.0,2020-01-17 09:49:00.467676,316.06,316.08,0
2020-01-17 09:49:01,N,AAPL,316.06,1.0,316.08,2.0,0.0,1.0,2020-01-17 09:49:01.022937,316.05,316.07,0
2020-01-17 09:49:02,N,AAPL,316.05,2.0,316.07,2.0,0.0,1.0,2020-01-17 09:49:02.127036,316.08,316.08,1
2020-01-17 09:49:04,N,AAPL,316.08,3.0,316.08,1.0,1.0,-1.0,2020-01-17 09:49:04.357489,316.11,316.14,1
2020-01-17 09:49:06,N,AAPL,316.11,4.0,316.14,1.0,2.0,0.0,2020-01-17 09:49:06.435227,316.11,316.14,0
2020-01-17 09:49:07,N,AAPL,316.11,3.0,316.14,1.0,0.0,0.0,2020-01-17 09:49:07.799594,316.11,316.15,0
2020-01-17 09:49:08,N,AAPL,316.11,3.0,316.15,5.0,0.0,4.0,2020-01-17 09:49:08.103307,316.1,316.14,0
2020-01-17 09:49:09,N,AAPL,316.1,5.0,316.14,4.0,4.0,3.0,2020-01-17 09:49:09.014320,316.1,316.15,0
2020-01-17 09:49:10,N,AAPL,316.1,3.0,316.15,5.0,-2.0,1.0,2020-01-17 09:49:10.024054,316.12,316.16,0
2020-01-17 09:49:11,N,AAPL,316.12,3.0,316.16,1.0,1.0,-1.0,2020-01-17 09:49:11.019165,316.15,316.19,0
2020-01-17 09:49:12,N,AAPL,316.15,2.0,316.19,3.0,-1.0,1.0,2020-01-17 09:49:12.077386,316.16,316.2,0
2020-01-17 09:49:13,N,AAPL,316.16,1.0,316.2,2.0,0.0,0.0,2020-01-17 09:49:13.252694,316.16,316.2,0
2020-01-17 09:49:14,N,AAPL,316.16,4.0,316.2,1.0,3.0,-3.0,2020-01-17 09:49:14.548279,316.19,316.22,0
2020-01-17 09:49:15,N,AAPL,316.19,5.0,316.22,1.0,4.0,0.0,2020-01-17 09:49:15.740078,316.13,316.17,-1
2020-01-17 09:49:16,N,AAPL,316.13,1.0,316.17,5.0,-1.0,3.0,2020-01-17 09:49:16.213225,316.14,316.18,0
2020-01-17 09:49:18,N,AAPL,316.14,5.0,316.18,3.0,4.0,1.0,2020-01-17 09:49:18.093030,316.21,316.22,1
2020-01-17 09:49:19,N,AAPL,316.21,1.0,316.22,1.0,-4.0,0.0,2020-01-17 09:49:19.490393,316.19,316.21,0
2020-01-17 09:49:20,N,AAPL,316.19,2.0,316.21,5.0,1.0,4.0,2020-01-17 09:49:20.462866,316.16,316.18,-1
2020-01-17 09:49:21,N,AAPL,316.16,2.0,316.18,1.0,0.0,-2.0,2020-01-17 09:49:21.046492,316.12,316.14,-1
2020-01-17 09:49:22,N,AAPL,316.12,1.0,316.14,4.0,-2.0,2.0,2020-01-17 09:49:22.276446,316.1,316.13,0
2020-01-17 09:49:23,N,AAPL,316.1,3.0,316.13,1.0,2.0,-3.0,2020-01-17 09:49:23.001179,316.14,316.16,1
2020-01-17 09:49:24,N,AAPL,316.14,1.0,316.16,4.0,0.0,2.0,2020-01-17 09:49:24.675494,316.16,316.19,0
2020-01-17 09:49:25,N,AAPL,316.16,4.0,316.19,2.0,3.0,-2.0,2020-01-17 09:49:25.023592,316.16,316.17,0
2020-01-17 09:49:27,N,AAPL,316.16,3.0,316.17,4.0,1.0,0.0,2020-01-17 09:49:27.306053,316.16,316.18,0
2020-01-17 09:49:28,N,AAPL,316.16,1.0,316.18,3.0,-2.0,-2.0,2020-01-17 09:49:28.197809,316.12,316.16,0
2020-01-17 09:49:29,N,AAPL,316.12,2.0,316.16,1.0,-1.0,-3.0,2020-01-17 09:49:29.115166,316.15,316.18,0
2020-01-17 09:49:30,N,AAPL,316.15,3.0,316.18,5.0,2.0,0.0,2020-01-17 09:49:30.337164,316.16,316.19,0
2020-01-17 09:49:31,N,AAPL,316.16,2.0,316.19,2.0,-1.0,-3.0,2020-01-17 09:49:31.340174,316.13,316.15,-1
2020-01-17 09:49:32,N,AAPL,316.13,4.0,316.15,3.0,3.0,0.0,2020-01-17 09:49:32.317064,316.14,316.17,0
2020-01-17 09:49:33,N,AAPL,316.14,3.0,316.17,2.0,2.0,-1.0,2020-01-17 09:49:33.339483,316.14,316.16,0
2020-01-17 09:49:34,N,AAPL,316.14,2.0,316.16,2.0,-1.0,0.0,2020-01-17 09:49:34.146766,316.16,316.18,0
2020-01-17 09:49:38,N,AAPL,316.16,2.0,316.18,2.0,0.0,0.0,2020-01-17 09:49:38.216766,316.18,316.2,0
2020-01-17 09:49:39,N,AAPL,316.18,4.0,316.2,1.0,1.0,0.0,2020-01-17 09:49:39.444856,316.17,316.2,0
2020-01-17 09:49:40,N,AAPL,316.17,1.0,316.2,1.0,-1.0,-2.0,2020-01-17 09:49:40.029506,316.18,316.21,0
2020-01-17 09:49:41,N,AAPL,316.18,1.0,316.21,6.0,-2.0,3.0,2020-01-17 09:49:41.380779,316.18,316.22,0
2020-01-17 09:49:42,N,AAPL,316.18,2.0,316.22,1.0,-1.0,0.0,2020-01-17 09:49:42.177552,316.15,316.19,0
2020-01-17 09:49:43,N,AAPL,316.15,2.0,316.19,5.0,1.0,3.0,2020-01-17 09:49:43.031784,316.17,316.21,0
2020-01-17 09:49:44,N,AAPL,316.17,5.0,316.21,1.0,4.0,-1.0,2020-01-17 09:49:44.148062,316.2,316.22,0
2020-01-17 09:49:47,N,AAPL,316.2,4.0,316.22,1.0,3.0,0.0,2020-01-17 09:49:47.229728,316.19,316.22,0
2020-01-17 09:49:49,N,AAPL,316.19,1.0,316.22,5.0,-1.0,4.0,2020-01-17 09:49:49.758546,316.25,316.28,1
2020-01-17 09:49:50,N,AAPL,316.25,4.0,316.28,6.0,3.0,5.0,2020-01-17 09:49:50.328774,316.27,316.3,0
2020-01-17 09:49:51,N,AAPL,316.27,1.0,316.3,4.0,-3.0,-2.0,2020-01-17 09:49:51.016813,316.27,316.3,0
2020-01-17 09:49:52,N,AAPL,316.27,1.0,316.3,4.0,0.0,3.0,2020-01-17 09:49:52.339374,316.26,316.28,0
2020-01-17 09:49:54,N,AAPL,316.26,2.0,316.28,1.0,-1.0,0.0,2020-01-17 09:49:54.051230,316.23,316.26,0
2020-01-17 09:49:55,N,AAPL,316.23,1.0,316.26,5.0,-1.0,4.0,2020-01-17 09:49:55.034444,316.24,316.27,0
2020-01-17 09:49:56,N,AAPL,316.24,3.0,316.27,1.0,2.0,0.0,2020-01-17 09:49:56.986386,316.26,316.28,0
2020-01-17 09:49:57,N,AAPL,316.26,1.0,316.28,1.0,0.0,0.0,2020-01-17 09:49:57.011892,316.25,316.28,0
2020-01-17 09:49:58,N,AAPL,316.25,1.0,316.28,1.0,0.0,0.0,2020-01-17 09:49:58.207568,316.28,316.3,0
2020-01-17 09:49:59,N,AAPL,316.28,1.0,316.3,1.0,-4.0,-2.0,2020-01-17 09:49:59.015728,316.33,316.35,1
2020-01-17 09:50:01,N,AAPL,316.33,4.0,316.35,2.0,1.0,-5.0,2020-01-17 09:50:01.295262,316.35,316.39,0
2020-01-17 09:50:02,N,AAPL,316.35,1.0,316.39,2.0,0.0,1.0,2020-01-17 09:50:02.100523,316.36,316.38,0
2020-01-17 09:50:03,N,AAPL,316.36,2.0,316.38,1.0,0.0,-1.0,2020-01-17 09:50:03.101997,316.29,316.32,-1
2020-01-17 09:50:04,N,AAPL,316.29,4.0,316.32,1.0,2.0,0.0,2020-01-17 09:50:04.109392,316.27,316.31,0
2020-01-17 09:50:05,N,AAPL,316.27,1.0,316.31,2.0,0.0,-1.0,2020-01-17 09:50:05.380529,316.32,316.33,1
2020-01-17 09:50:06,N,AAPL,316.32,4.0,316.33,2.0,3.0,0.0,2020-01-17 09:50:06.495548,316.3,316.33,0
2020-01-17 09:50:07,N,AAPL,316.3,5.0,316.33,2.0,3.0,1.0,2020-01-17 09:50:07.227846,316.29,316.32,0
2020-01-17 09:50:08,N,AAPL,316.29,1.0,316.32,2.0,-1.0,0.0,2020-01-17 09:50:08.985974,316.27,316.31,0
2020-01-17 09:50:09,N,AAPL,316.27,2.0,316.31,2.0,1.0,0.0,2020-01-17 09:50:09.664804,316.25,316.28,0
2020-01-17 09:50:10,N,AAPL,316.25,2.0,316.28,4.0,0.0,2.0,2020-01-17 09:50:10.508830,316.22,316.26,0
2020-01-17 09:50:11,N,AAPL,316.22,1.0,316.26,2.0,0.0,-2.0,2020-01-17 09:50:11.348685,316.23,316.25,0
2020-01-17 09:50:12,N,AAPL,316.23,1.0,316.25,2.0,0.0,0.0,2020-01-17 09:50:12.669755,316.23,316.26,0
2020-01-17 09:50:13,N,AAPL,316.23,2.0,316.26,1.0,1.0,-1.0,2020-01-17 09:50:13.462423,316.25,316.28,0
2020-01-17 09:50:14,N,AAPL,316.25,8.0,316.28,2.0,6.0,1.0,2020-01-17 09:50:14.889360,316.24,316.26,0
2020-01-17 09:50:16,N,AAPL,316.24,2.0,316.26,1.0,0.0,0.0,2020-01-17 09:50:16.075584,316.22,316.24,0
2020-01-17 09:50:17,N,AAPL,316.22,2.0,316.24,4.0,0.0,3.0,2020-01-17 09:50:17.081385,316.23,316.26,0
2020-01-17 09:50:18,N,AAPL,316.23,3.0,316.26,1.0,2.0,-1.0,2020-01-17 09:50:18.727199,316.27,316.3,1
2020-01-17 09:50:19,N,AAPL,316.27,1.0,316.3,2.0,-2.0,1.0,2020-01-17 09:50:19.225451,316.27,316.31,0
2020-01-17 09:50:20,N,AAPL,316.27,1.0,316.31,2.0,0.0,0.0,2020-01-17 09:50:20.790842,316.28,316.3,0
2020-01-17 09:50:21,N,AAPL,316.28,1.0,316.3,2.0,0.0,0.0,2020-01-17 09:50:21.642361,316.23,316.27,-1
2020-01-17 09:50:23,N,AAPL,316.23,2.0,316.27,5.0,1.0,3.0,2020-01-17 09:50:23.609406,316.24,316.27,0
2020-01-17 09:50:25,N,AAPL,316.24,1.0,316.27,4.0,-1.0,-1.0,2020-01-17 09:50:25.764758,316.23,316.27,0
2020-01-17 09:50:26,N,AAPL,316.23,3.0,316.27,4.0,2.0,0.0,2020-01-17 09:50:26.577136,316.25,316.27,0
2020-01-17 09:50:27,N,AAPL,316.25,1.0,316.27,3.0,-1.0,-1.0,2020-01-17 09:50:27.396312,316.25,316.27,0
2020-01-17 09:50:29,N,AAPL,316.25,1.0,316.27,1.0,-4.0,-3.0,2020-01-17 09:50:29.678282,316.24,316.28,0
2020-01-17 09:50:30,N,AAPL,316.24,2.0,316.28,3.0,-3.0,2.0,2020-01-17 09:50:30.014425,316.18,316.2,-1
2020-01-17 09:50:32,N,AAPL,316.18,1.0,316.2,3.0,-1.0,1.0,2020-01-17 09:50:32.109016,316.16,316.19,0
2020-01-17 09:50:33,N,AAPL,316.16,3.0,316.19,1.0,2.0,-2.0,2020-01-17 09:50:33.042087,316.19,316.21,0
2020-01-17 09:50:34,N,AAPL,316.19,2.0,316.21,1.0,1.0,0.0,2020-01-17 09:50:34.019696,316.2,316.22,0
2020-01-17 09:50:35,N,AAPL,316.2,2.0,316.22,1.0,0.0,-7.0,2020-01-17 09:50:35.196786,316.18,316.21,0
2020-01-17 09:50:37,N,AAPL,316.18,2.0,316.21,4.0,0.0,3.0,2020-01-17 09:50:37.009918,316.16,316.2,0
2020-01-17 09:50:39,N,AAPL,316.16,3.0,316.2,3.0,2.0,-1.0,2020-01-17 09:50:39.113027,316.18,316.21,0
2020-01-17 09:50:40,N,AAPL,316.18,3.0,316.21,2.0,0.0,-1.0,2020-01-17 09:50:40.185360,316.19,316.22,0
2020-01-17 09:50:42,N,AAPL,316.19,1.0,316.22,4.0,0.0,3.0,2020-01-17 09:50:42.273890,316.17,316.19,0
2020-01-17 09:50:46,N,AAPL,316.17,2.0,316.19,5.0,-1.0,4.0,2020-01-17 09:50:46.350527,316.13,316.14,-1
2020-01-17 09:50:47,N,AAPL,316.13,1.0,316.14,5.0,-2.0,1.0,2020-01-17 09:50:47.078079,316.09,316.11,-1
