last_interval,Exchange,Symbol,Best_Bid_Price,FB0,Best_Offer_Price,FA0,FB2,FA2,p_time,Next_Best_Bid,Next_Best_Offer,outcome
2020-01-29 09:30:00,N,AAPL,324.55,3.0,324.64,1.0,0.0,0.0,2020-01-29 09:30:00.610183,324.77,324.86,1
2020-01-29 09:30:02,N,AAPL,324.77,1.0,324.86,3.0,-3.0,2.0,2020-01-29 09:30:02.326551,324.6,324.65,-1
2020-01-29 09:30:05,N,AAPL,324.6,1.0,324.65,1.0,0.0,-2.0,2020-01-29 09:30:05.389691,324.58,324.65,0
2020-01-29 09:30:11,N,AAPL,324.58,2.0,324.65,1.0,1.0,0.0,2020-01-29 09:30:11.898185,324.19,324.21,-1
2020-01-29 09:30:26,N,AAPL,324.19,1.0,324.21,2.0,-1.0,1.0,2020-01-29 09:30:26.397843,324.25,324.33,1
2020-01-29 09:30:27,N,AAPL,324.25,4.0,324.33,3.0,3.0,-1.0,2020-01-29 09:30:27.138607,324.25,324.32,0
2020-01-29 09:30:29,N,AAPL,324.25,1.0,324.32,2.0,0.0,-1.0,2020-01-29 09:30:29.057225,324.3,324.35,0
2020-01-29 09:30:30,N,AAPL,324.3,2.0,324.35,2.0,-1.0,0.0,2020-01-29 09:30:30.026460,324.42,324.49,1
2020-01-29 09:30:31,N,AAPL,324.42,4.0,324.49,2.0,1.0,1.0,2020-01-29 09:30:31.527862,324.51,324.58,1
2020-01-29 09:30:32,N,AAPL,324.51,1.0,324.58,1.0,0.0,0.0,2020-01-29 09:30:32.192804,324.58,324.65,0
2020-01-29 09:30:33,N,AAPL,324.58,4.0,324.65,1.0,3.0,-3.0,2020-01-29 09:30:33.035086,324.6,324.64,0
2020-01-29 09:30:34,N,AAPL,324.6,4.0,324.64,1.0,3.0,-3.0,2020-01-29 09:30:34.470910,324.62,324.65,0
2020-01-29 09:30:35,N,AAPL,324.62,2.0,324.65,1.0,-2.0,0.0,2020-01-29 09:30:35.380527,324.68,324.72,1
2020-01-29 09:30:36,N,AAPL,324.68,3.0,324.72,2.0,2.0,1.0,2020-01-29 09:30:36.211338,324.95,325.0,1
2020-01-29 09:30:37,N,AAPL,324.95,2.0,325.0,1083.0,-2.0,1082.0,2020-01-29 09:30:37.013475,324.93,325.0,0
2020-01-29 09:30:38,N,AAPL,324.93,2.0,325.0,776.0,-2.0,775.0,2020-01-29 09:30:38.079047,324.9,324.99,0
2020-01-29 09:30:39,N,AAPL,324.9,1.0,324.99,2.0,-2.0,1.0,2020-01-29 09:30:39.003672,324.97,325.0,0
2020-01-29 09:30:40,N,AAPL,324.97,1.0,325.0,641.0,-1.0,-14.0,2020-01-29 09:30:40.310471,325.45,325.5,1
2020-01-29 09:30:41,N,AAPL,325.45,2.0,325.5,68.0,-2.0,66.0,2020-01-29 09:30:41.168129,325.37,325.47,0
2020-01-29 09:30:42,N,AAPL,325.37,2.0,325.47,1.0,0.0,0.0,2020-01-29 09:30:42.096673,325.37,325.38,0
2020-01-29 09:30:43,N,AAPL,325.37,2.0,325.38,3.0,1.0,2.0,2020-01-29 09:30:43.026274,325.43,325.49,1
2020-01-29 09:30:44,N,AAPL,325.43,1.0,325.49,1.0,-3.0,0.0,2020-01-29 09:30:44.303440,325.47,325.51,0
2020-01-29 09:30:45,N,AAPL,325.47,1.0,325.51,34.0,0.0,30.0,2020-01-29 09:30:45.023946,325.53,325.59,1
2020-01-29 09:30:46,N,AAPL,325.53,2.0,325.59,19.0,-1.0,11.0,2020-01-29 09:30:46.868477,325.5,325.59,0
2020-01-29 09:30:47,N,AAPL,325.5,1.0,325.59,8.0,-1.0,-11.0,2020-01-29 09:30:47.016854,325.59,325.65,0
2020-01-29 09:30:48,N,AAPL,325.59,4.0,325.65,4.0,2.0,1.0,2020-01-29 09:30:48.081675,325.6,325.65,0
2020-01-29 09:30:49,N,AAPL,325.6,4.0,325.65,11.0,0.0,7.0,2020-01-29 09:30:49.298015,325.62,325.64,0
2020-01-29 09:30:50,N,AAPL,325.62,4.0,325.64,1.0,2.0,-10.0,2020-01-29 09:30:50.343337,325.62,325.69,0
2020-01-29 09:30:51,N,AAPL,325.62,1.0,325.69,68.0,-3.0,-34.0,2020-01-29 09:30:51.034061,325.72,325.76,1
2020-01-29 09:30:52,N,AAPL,325.72,2.0,325.76,1.0,0.0,-70.0,2020-01-29 09:30:52.261080,325.81,325.9,1
2020-01-29 09:30:53,N,AAPL,325.81,3.0,325.9,183.0,1.0,0.0,2020-01-29 09:30:53.210798,325.8,325.86,0
2020-01-29 09:30:54,N,AAPL,325.8,4.0,325.86,2.0,3.0,-156.0,2020-01-29 09:30:54.074151,325.82,325.86,0
2020-01-29 09:30:55,N,AAPL,325.82,1.0,325.86,2.0,-3.0,1.0,2020-01-29 09:30:55.475403,325.82,325.89,0
2020-01-29 09:30:56,N,AAPL,325.82,4.0,325.89,1.0,2.0,0.0,2020-01-29 09:30:56.158543,325.87,325.89,0
2020-01-29 09:30:57,N,AAPL,325.87,1.0,325.89,1.0,-1.0,0.0,2020-01-29 09:30:57.319193,325.69,325.74,-1
2020-01-29 09:30:58,N,AAPL,325.69,2.0,325.74,1.0,1.0,0.0,2020-01-29 09:30:58.092274,325.7,325.78,0
2020-01-29 09:30:59,N,AAPL,325.7,1.0,325.78,1.0,0.0,-3.0,2020-01-29 09:30:59.015635,325.64,325.7,0
2020-01-29 09:31:00,N,AAPL,325.64,2.0,325.7,3.0,1.0,-1.0,2020-01-29 09:31:00.062954,325.67,325.77,0
2020-01-29 09:31:01,N,AAPL,325.67,9.0,325.77,2.0,5.0,0.0,2020-01-29 09:31:01.015889,325.7,325.74,0
2020-01-29 09:31:02,N,AAPL,325.7,1.0,325.74,2.0,0.0,0.0,2020-01-29 09:31:02.007946,325.66,325.73,0
2020-01-29 09:31:03,N,AAPL,325.66,3.0,325.73,1.0,-1.0,-2.0,2020-01-29 09:31:03.005524,325.66,325.71,0
2020-01-29 09:31:04,N,AAPL,325.66,2.0,325.71,2.0,1.0,0.0,2020-01-29 09:31:04.176971,325.67,325.75,0
2020-01-29 09:31:05,N,AAPL,325.67,2.0,325.75,1.0,0.0,0.0,2020-01-29 09:31:05.000970,325.65,325.66,-1
2020-01-29 09:31:06,N,AAPL,325.65,1.0,325.66,2.0,-2.0,-2.0,2020-01-29 09:31:06.042078,325.69,325.74,1
2020-01-29 09:31:07,N,AAPL,325.69,2.0,325.74,3.0,0.0,2.0,2020-01-29 09:31:07.490551,325.68,325.78,0
2020-01-29 09:31:08,N,AAPL,325.68,3.0,325.78,2.0,1.0,0.0,2020-01-29 09:31:08.008577,325.78,325.85,0
2020-01-29 09:31:09,N,AAPL,325.78,1.0,325.85,1.0,-1.0,-1.0,2020-01-29 09:31:09.226243,325.82,325.9,0
2020-01-29 09:31:10,N,AAPL,325.82,1.0,325.9,145.0,0.0,0.0,2020-01-29 09:31:10.008168,325.81,325.85,0
2020-01-29 09:31:11,N,AAPL,325.81,1.0,325.85,1.0,0.0,-136.0,2020-01-29 09:31:11.646707,325.8,325.9,0
2020-01-29 09:31:12,N,AAPL,325.8,1.0,325.9,119.0,0.0,0.0,2020-01-29 09:31:12.072905,325.82,325.9,0
2020-01-29 09:31:13,N,AAPL,325.82,2.0,325.9,107.0,1.0,106.0,2020-01-29 09:31:13.488302,325.96,325.99,1
2020-01-29 09:31:15,N,AAPL,325.96,2.0,325.99,1.0,0.0,-106.0,2020-01-29 09:31:15.193774,326.12,326.18,1
2020-01-29 09:31:16,N,AAPL,326.12,4.0,326.18,2.0,2.0,-3.0,2020-01-29 09:31:16.140272,326.24,326.33,1
2020-01-29 09:31:17,N,AAPL,326.24,2.0,326.33,1.0,0.0,-1.0,2020-01-29 09:31:17.329080,326.22,326.27,0
2020-01-29 09:31:19,N,AAPL,326.22,2.0,326.27,2.0,0.0,1.0,2020-01-29 09:31:19.392310,326.16,326.24,0
2020-01-29 09:31:20,N,AAPL,326.16,1.0,326.24,2.0,0.0,0.0,2020-01-29 09:31:20.403730,326.18,326.23,0
2020-01-29 09:31:21,N,AAPL,326.18,2.0,326.23,4.0,0.0,0.0,2020-01-29 09:31:21.251737,326.38,326.39,1
2020-01-29 09:31:22,N,AAPL,326.38,1.0,326.39,1.0,0.0,-3.0,2020-01-29 09:31:22.023735,326.29,326.38,0
2020-01-29 09:31:23,N,AAPL,326.29,1.0,326.38,3.0,0.0,1.0,2020-01-29 09:31:23.018193,326.39,326.46,1
2020-01-29 09:31:24,N,AAPL,326.39,4.0,326.46,2.0,3.0,1.0,2020-01-29 09:31:24.185079,326.36,326.45,0
2020-01-29 09:31:25,N,AAPL,326.36,2.0,326.45,6.0,-2.0,0.0,2020-01-29 09:31:25.006424,326.44,326.49,0
2020-01-29 09:31:26,N,AAPL,326.44,2.0,326.49,8.0,0.0,2.0,2020-01-29 09:31:26.215482,326.39,326.48,0
2020-01-29 09:31:27,N,AAPL,326.39,4.0,326.48,4.0,2.0,0.0,2020-01-29 09:31:27.027082,326.43,326.48,0
2020-01-29 09:31:28,N,AAPL,326.43,4.0,326.48,2.0,3.0,-1.0,2020-01-29 09:31:28.197953,326.58,326.62,1
2020-01-29 09:31:29,N,AAPL,326.58,3.0,326.62,1.0,1.0,0.0,2020-01-29 09:31:29.259169,326.67,326.74,1
2020-01-29 09:31:30,N,AAPL,326.67,2.0,326.74,40.0,1.0,39.0,2020-01-29 09:31:30.754549,326.69,326.74,0
2020-01-29 09:31:32,N,AAPL,326.69,7.0,326.74,52.0,5.0,16.0,2020-01-29 09:31:32.340856,326.71,326.75,0
2020-01-29 09:31:33,N,AAPL,326.71,4.0,326.75,6.0,0.0,-34.0,2020-01-29 09:31:33.420955,326.75,326.82,0
2020-01-29 09:31:34,N,AAPL,326.75,5.0,326.82,1.0,1.0,0.0,2020-01-29 09:31:34.023930,326.8,326.83,0
2020-01-29 09:31:35,N,AAPL,326.8,2.0,326.83,1.0,-1.0,-2.0,2020-01-29 09:31:35.212147,326.86,326.9,1
2020-01-29 09:31:36,N,AAPL,326.86,1.0,326.9,6.0,-1.0,1.0,2020-01-29 09:31:36.129825,326.82,326.85,-1
2020-01-29 09:31:37,N,AAPL,326.82,4.0,326.85,1.0,1.0,-1.0,2020-01-29 09:31:37.045100,326.87,326.96,1
2020-01-29 09:31:38,N,AAPL,326.87,4.0,326.96,1.0,3.0,0.0,2020-01-29 09:31:38.019882,326.94,326.99,0
2020-01-29 09:31:39,N,AAPL,326.94,4.0,326.99,4.0,2.0,-432.0,2020-01-29 09:31:39.237051,326.87,326.89,-1
2020-01-29 09:31:40,N,AAPL,326.87,2.0,326.89,1.0,1.0,0.0,2020-01-29 09:31:40.033669,326.78,326.84,-1
2020-01-29 09:31:41,N,AAPL,326.78,2.0,326.84,1.0,0.0,0.0,2020-01-29 09:31:41.001691,326.78,326.83,0
2020-01-29 09:31:42,N,AAPL,326.78,1.0,326.83,1.0,0.0,-4.0,2020-01-29 09:31:42.104648,326.83,326.9,0
2020-01-29 09:31:43,N,AAPL,326.83,2.0,326.9,38.0,-2.0,-2.0,2020-01-29 09:31:43.062337,326.75,326.82,-1
2020-01-29 09:31:44,N,AAPL,326.75,1.0,326.82,2.0,-1.0,0.0,2020-01-29 09:31:44.034820,326.88,326.9,1
2020-01-29 09:31:45,N,AAPL,326.88,2.0,326.9,27.0,0.0,-11.0,2020-01-29 09:31:45.707448,326.89,326.94,0
2020-01-29 09:31:46,N,AAPL,326.89,7.0,326.94,4.0,-1.0,-1.0,2020-01-29 09:31:46.061382,327.06,327.14,1
2020-01-29 09:31:47,N,AAPL,327.06,4.0,327.14,4.0,0.0,3.0,2020-01-29 09:31:47.050631,327.04,327.08,0
2020-01-29 09:31:48,N,AAPL,327.04,1.0,327.08,2.0,0.0,-1.0,2020-01-29 09:31:48.106985,327.01,327.08,0
2020-01-29 09:31:49,N,AAPL,327.01,4.0,327.08,4.0,2.0,0.0,2020-01-29 09:31:49.243756,327.02,327.07,0
2020-01-29 09:31:50,N,AAPL,327.02,2.0,327.07,2.0,-3.0,-2.0,2020-01-29 09:31:50.400237,327.13,327.18,1
2020-01-29 09:31:51,N,AAPL,327.13,2.0,327.18,1.0,0.0,0.0,2020-01-29 09:31:51.009050,327.01,327.06,-1
2020-01-29 09:31:52,N,AAPL,327.01,5.0,327.06,2.0,2.0,0.0,2020-01-29 09:31:52.061654,327.03,327.09,0
2020-01-29 09:31:53,N,AAPL,327.03,2.0,327.09,1.0,0.0,0.0,2020-01-29 09:31:53.067122,327.16,327.18,1
2020-01-29 09:31:54,N,AAPL,327.16,2.0,327.18,2.0,1.0,-1.0,2020-01-29 09:31:54.204208,327.19,327.21,1
2020-01-29 09:31:55,N,AAPL,327.19,2.0,327.21,2.0,-1.0,-2.0,2020-01-29 09:31:55.980543,327.21,327.25,0
2020-01-29 09:31:56,N,AAPL,327.21,4.0,327.25,11.0,2.0,9.0,2020-01-29 09:31:56.209435,327.16,327.21,0
2020-01-29 09:31:57,N,AAPL,327.16,2.0,327.21,2.0,-2.0,-8.0,2020-01-29 09:31:57.053889,327.15,327.16,0
2020-01-29 09:31:58,N,AAPL,327.15,2.0,327.16,1.0,-2.0,-3.0,2020-01-29 09:31:58.188225,326.92,326.98,-1
2020-01-29 09:31:59,N,AAPL,326.92,4.0,326.98,2.0,3.0,0.0,2020-01-29 09:31:59.021573,326.7,326.81,-1
2020-01-29 09:32:00,N,AAPL,326.7,5.0,326.81,2.0,3.0,-1.0,2020-01-29 09:32:00.132578,326.59,326.65,-1
2020-01-29 09:32:01,N,AAPL,326.59,1.0,326.65,2.0,-1.0,0.0,2020-01-29 09:32:01.254813,326.65,326.75,0
2020-01-29 09:32:02,N,AAPL,326.65,2.0,326.75,3.0,1.0,1.0,2020-01-29 09:32:02.195404,326.56,326.59,-1
2020-01-29 09:32:03,N,AAPL,326.56,1.0,326.59,1.0,0.0,0.0,2020-01-29 09:32:03.020364,326.56,326.62,0
2020-01-29 09:32:04,N,AAPL,326.56,2.0,326.62,2.0,1.0,1.0,2020-01-29 09:32:04.216730,326.57,326.63,0
2020-01-29 09:32:05,N,AAPL,326.57,1.0,326.63,2.0,-1.0,-3.0,2020-01-29 09:32:05.326732,326.68,326.74,1
2020-01-29 09:32:06,N,AAPL,326.68,2.0,326.74,1.0,1.0,0.0,2020-01-29 09:32:06.377572,326.54,326.57,-1
2020-01-29 09:32:07,N,AAPL,326.54,2.0,326.57,2.0,0.0,1.0,2020-01-29 09:32:07.216733,326.31,326.36,-1
2020-01-29 09:32:08,N,AAPL,326.31,3.0,326.36,2.0,2.0,1.0,2020-01-29 09:32:08.118817,326.46,326.52,1
2020-01-29 09:32:09,N,AAPL,326.46,2.0,326.52,4.0,-2.0,2.0,2020-01-29 09:32:09.029619,326.44,326.53,0
2020-01-29 09:32:10,N,AAPL,326.44,2.0,326.53,2.0,-2.0,1.0,2020-01-29 09:32:10.061574,326.46,326.51,0
2020-01-29 09:32:11,N,AAPL,326.46,2.0,326.51,4.0,0.0,3.0,2020-01-29 09:32:11.416539,326.56,326.62,1
2020-01-29 09:32:12,N,AAPL,326.56,1.0,326.62,1.0,-1.0,0.0,2020-01-29 09:32:12.077144,326.59,326.65,0
2020-01-29 09:32:13,N,AAPL,326.59,2.0,326.65,2.0,1.0,-2.0,2020-01-29 09:32:13.695346,326.65,326.7,0
2020-01-29 09:32:14,N,AAPL,326.65,3.0,326.7,1.0,1.0,-1.0,2020-01-29 09:32:14.442896,326.68,326.74,0
2020-01-29 09:32:15,N,AAPL,326.68,2.0,326.74,2.0,0.0,1.0,2020-01-29 09:32:15.106523,326.66,326.73,0
2020-01-29 09:32:16,N,AAPL,326.66,2.0,326.73,1.0,0.0,-1.0,2020-01-29 09:32:16.009900,326.68,326.72,0
2020-01-29 09:32:17,N,AAPL,326.68,16.0,326.72,4.0,14.0,2.0,2020-01-29 09:32:17.194570,326.68,326.73,0
2020-01-29 09:32:18,N,AAPL,326.68,1.0,326.73,2.0,-3.0,0.0,2020-01-29 09:32:18.060585,326.68,326.78,0
2020-01-29 09:32:19,N,AAPL,326.68,1.0,326.78,4.0,0.0,0.0,2020-01-29 09:32:19.057846,326.76,326.79,0
2020-01-29 09:32:20,N,AAPL,326.76,4.0,326.79,2.0,3.0,1.0,2020-01-29 09:32:20.248561,326.71,326.78,0
2020-01-29 09:32:21,N,AAPL,326.71,2.0,326.78,2.0,0.0,1.0,2020-01-29 09:32:21.065065,326.6,326.68,-1
2020-01-29 09:32:22,N,AAPL,326.6,2.0,326.68,2.0,-2.0,0.0,2020-01-29 09:32:22.015667,326.59,326.62,0
2020-01-29 09:32:23,N,AAPL,326.59,1.0,326.62,1.0,0.0,-1.0,2020-01-29 09:32:23.163230,326.34,326.41,-1
2020-01-29 09:32:24,N,AAPL,326.34,2.0,326.41,26.0,-2.0,23.0,2020-01-29 09:32:24.041794,326.35,326.44,0
2020-01-29 09:32:25,N,AAPL,326.35,2.0,326.44,2.0,-2.0,1.0,2020-01-29 09:32:25.093337,326.38,326.49,0
2020-01-29 09:32:26,N,AAPL,326.38,2.0,326.49,2.0,0.0,1.0,2020-01-29 09:32:26.063951,326.27,326.33,-1
2020-01-29 09:32:27,N,AAPL,326.27,2.0,326.33,2.0,-2.0,1.0,2020-01-29 09:32:27.032632,326.35,326.44,1
2020-01-29 09:32:28,N,AAPL,326.35,1.0,326.44,1.0,-1.0,-1.0,2020-01-29 09:32:28.166475,326.41,326.49,0
2020-01-29 09:32:29,N,AAPL,326.41,1.0,326.49,2.0,-1.0,1.0,2020-01-29 09:32:29.504353,326.46,326.53,0
2020-01-29 09:32:30,N,AAPL,326.46,2.0,326.53,7.0,0.0,2.0,2020-01-29 09:32:30.239455,326.42,326.51,0
2020-01-29 09:32:31,N,AAPL,326.42,4.0,326.51,2.0,0.0,0.0,2020-01-29 09:32:31.005842,326.47,326.59,0
2020-01-29 09:32:32,N,AAPL,326.47,2.0,326.59,1.0,-2.0,0.0,2020-01-29 09:32:32.231890,326.42,326.55,0
2020-01-29 09:32:33,N,AAPL,326.42,1.0,326.55,1.0,0.0,0.0,2020-01-29 09:32:33.031055,326.41,326.49,0
2020-01-29 09:32:34,N,AAPL,326.41,2.0,326.49,1.0,-2.0,-1.0,2020-01-29 09:32:34.033474,326.56,326.66,1
2020-01-29 09:32:35,N,AAPL,326.56,6.0,326.66,2.0,4.0,-19.0,2020-01-29 09:32:35.820069,326.59,326.69,0
2020-01-29 09:32:36,N,AAPL,326.59,4.0,326.69,4.0,3.0,1.0,2020-01-29 09:32:36.367303,326.63,326.7,0
2020-01-29 09:32:38,N,AAPL,326.63,2.0,326.7,1.0,1.0,0.0,2020-01-29 09:32:38.561043,326.72,326.78,1
2020-01-29 09:32:39,N,AAPL,326.72,2.0,326.78,2.0,0.0,1.0,2020-01-29 09:32:39.325854,326.7,326.78,0
2020-01-29 09:32:40,N,AAPL,326.7,2.0,326.78,2.0,1.0,0.0,2020-01-29 09:32:40.113389,326.68,326.77,0
2020-01-29 09:32:41,N,AAPL,326.68,1.0,326.77,1.0,0.0,-1.0,2020-01-29 09:32:41.128584,326.72,326.8,0
2020-01-29 09:32:42,N,AAPL,326.72,2.0,326.8,11.0,-1.0,10.0,2020-01-29 09:32:42.416401,326.71,326.75,0
2020-01-29 09:32:43,N,AAPL,326.71,1.0,326.75,1.0,0.0,0.0,2020-01-29 09:32:43.611268,326.72,326.75,0
2020-01-29 09:32:44,N,AAPL,326.72,4.0,326.75,7.0,3.0,0.0,2020-01-29 09:32:44.032902,326.74,326.8,0
2020-01-29 09:32:45,N,AAPL,326.74,1.0,326.8,10.0,-1.0,-1.0,2020-01-29 09:32:45.022312,326.79,326.85,0
2020-01-29 09:32:46,N,AAPL,326.79,2.0,326.85,1.0,-2.0,-9.0,2020-01-29 09:32:46.087977,326.81,326.85,0
2020-01-29 09:32:49,N,AAPL,326.81,4.0,326.85,14.0,3.0,-6.0,2020-01-29 09:32:49.595559,326.85,326.9,0
2020-01-29 09:32:50,N,AAPL,326.85,1.0,326.9,1.0,-1.0,-13.0,2020-01-29 09:32:50.364128,326.85,326.93,0
2020-01-29 09:32:51,N,AAPL,326.85,4.0,326.93,1.0,0.0,-4.0,2020-01-29 09:32:51.078950,326.85,326.86,0
2020-01-29 09:32:53,N,AAPL,326.85,2.0,326.86,1.0,-2.0,0.0,2020-01-29 09:32:53.531220,326.89,326.93,1
2020-01-29 09:32:54,N,AAPL,326.89,2.0,326.93,1.0,0.0,0.0,2020-01-29 09:32:54.912188,326.82,326.86,-1
2020-01-29 09:32:57,N,AAPL,326.82,2.0,326.86,2.0,0.0,1.0,2020-01-29 09:32:57.465882,326.75,326.8,-1
2020-01-29 09:32:58,N,AAPL,326.75,3.0,326.8,3.0,0.0,1.0,2020-01-29 09:32:58.065155,326.69,326.74,-1
2020-01-29 09:32:59,N,AAPL,326.69,2.0,326.74,1.0,1.0,-1.0,2020-01-29 09:32:59.776402,326.67,326.73,0
2020-01-29 09:33:00,N,AAPL,326.67,2.0,326.73,2.0,1.0,1.0,2020-01-29 09:33:00.133869,326.66,326.71,0
2020-01-29 09:33:01,N,AAPL,326.66,2.0,326.71,3.0,1.0,1.0,2020-01-29 09:33:01.452524,326.7,326.73,0
2020-01-29 09:33:02,N,AAPL,326.7,2.0,326.73,1.0,1.0,-2.0,2020-01-29 09:33:02.690279,326.7,326.79,0
2020-01-29 09:33:03,N,AAPL,326.7,2.0,326.79,1.0,1.0,0.0,2020-01-29 09:33:03.139342,326.89,326.94,1
2020-01-29 09:33:04,N,AAPL,326.89,2.0,326.94,1.0,0.0,0.0,2020-01-29 09:33:04.052562,326.86,326.94,0
2020-01-29 09:33:05,N,AAPL,326.86,4.0,326.94,1.0,2.0,0.0,2020-01-29 09:33:05.006844,326.86,326.93,0
2020-01-29 09:33:06,N,AAPL,326.86,4.0,326.93,4.0,2.0,3.0,2020-01-29 09:33:06.129647,326.83,326.84,-1
2020-01-29 09:33:07,N,AAPL,326.83,2.0,326.84,1.0,-1.0,0.0,2020-01-29 09:33:07.098275,326.77,326.79,-1
2020-01-29 09:33:09,N,AAPL,326.77,2.0,326.79,1.0,-13.0,0.0,2020-01-29 09:33:09.386483,326.75,326.78,0
2020-01-29 09:33:11,N,AAPL,326.75,3.0,326.78,4.0,-1.0,3.0,2020-01-29 09:33:11.403204,326.74,326.77,0
2020-01-29 09:33:12,N,AAPL,326.74,4.0,326.77,2.0,1.0,-2.0,2020-01-29 09:33:12.712135,326.6,326.66,-1
2020-01-29 09:33:13,N,AAPL,326.6,1.0,326.66,2.0,0.0,0.0,2020-01-29 09:33:13.003803,326.6,326.68,0
2020-01-29 09:33:14,N,AAPL,326.6,3.0,326.68,2.0,2.0,1.0,2020-01-29 09:33:14.094788,326.69,326.73,1
2020-01-29 09:33:15,N,AAPL,326.69,2.0,326.73,1.0,0.0,0.0,2020-01-29 09:33:15.110895,326.68,326.77,0
2020-01-29 09:33:16,N,AAPL,326.68,8.0,326.77,2.0,-2.0,0.0,2020-01-29 09:33:16.464680,326.75,326.77,0
2020-01-29 09:33:17,N,AAPL,326.75,1.0,326.77,1.0,-3.0,0.0,2020-01-29 09:33:17.015149,326.71,326.76,0
2020-01-29 09:33:18,N,AAPL,326.71,2.0,326.76,3.0,-2.0,2.0,2020-01-29 09:33:18.960013,326.7,326.76,0
2020-01-29 09:33:19,N,AAPL,326.7,4.0,326.76,2.0,3.0,0.0,2020-01-29 09:33:19.001371,326.71,326.77,0
2020-01-29 09:33:20,N,AAPL,326.71,1.0,326.77,1.0,-4.0,0.0,2020-01-29 09:33:20.364371,326.72,326.77,0
2020-01-29 09:33:22,N,AAPL,326.72,4.0,326.77,2.0,3.0,1.0,2020-01-29 09:33:22.473014,326.71,326.75,0
2020-01-29 09:33:23,N,AAPL,326.71,2.0,326.75,1.0,0.0,-3.0,2020-01-29 09:33:23.010647,326.73,326.77,0
2020-01-29 09:33:24,N,AAPL,326.73,1.0,326.77,2.0,0.0,1.0,2020-01-29 09:33:24.535825,326.72,326.77,0
2020-01-29 09:33:25,N,AAPL,326.72,2.0,326.77,5.0,0.0,3.0,2020-01-29 09:33:25.847856,326.72,326.76,0
2020-01-29 09:33:27,N,AAPL,326.72,1.0,326.76,1.0,-1.0,-4.0,2020-01-29 09:33:27.690463,326.64,326.7,-1
2020-01-29 09:33:28,N,AAPL,326.64,1.0,326.7,1.0,0.0,0.0,2020-01-29 09:33:28.015964,326.63,326.66,0
2020-01-29 09:33:29,N,AAPL,326.63,1.0,326.66,2.0,-3.0,0.0,2020-01-29 09:33:29.010475,326.51,326.57,-1
2020-01-29 09:33:30,N,AAPL,326.51,2.0,326.57,1.0,0.0,0.0,2020-01-29 09:33:30.138525,326.38,326.44,-1
2020-01-29 09:33:31,N,AAPL,326.38,1.0,326.44,4.0,-3.0,3.0,2020-01-29 09:33:31.117534,326.42,326.52,0
2020-01-29 09:33:32,N,AAPL,326.42,2.0,326.52,2.0,0.0,0.0,2020-01-29 09:33:32.226760,326.49,326.57,0
2020-01-29 09:33:33,N,AAPL,326.49,2.0,326.57,1.0,0.0,-1.0,2020-01-29 09:33:33.043504,326.45,326.55,0
2020-01-29 09:33:34,N,AAPL,326.45,10.0,326.55,2.0,0.0,-2.0,2020-01-29 09:33:34.071110,326.45,326.49,0
2020-01-29 09:33:36,N,AAPL,326.45,2.0,326.49,2.0,-9.0,0.0,2020-01-29 09:33:36.914757,326.41,326.47,0
2020-01-29 09:33:37,N,AAPL,326.41,2.0,326.47,1.0,1.0,0.0,2020-01-29 09:33:37.015094,326.33,326.37,-1
2020-01-29 09:33:38,N,AAPL,326.33,1.0,326.37,1.0,-1.0,-1.0,2020-01-29 09:33:38.036445,326.31,326.36,0
2020-01-29 09:33:39,N,AAPL,326.31,4.0,326.36,1.0,2.0,0.0,2020-01-29 09:33:39.302286,326.3,326.38,0
2020-01-29 09:33:40,N,AAPL,326.3,3.0,326.38,1.0,0.0,-1.0,2020-01-29 09:33:40.021712,326.38,326.45,0
2020-01-29 09:33:41,N,AAPL,326.38,2.0,326.45,1.0,0.0,-3.0,2020-01-29 09:33:41.013961,326.46,326.51,1
2020-01-29 09:33:42,N,AAPL,326.46,1.0,326.51,1.0,0.0,0.0,2020-01-29 09:33:42.094221,326.41,326.45,-1
2020-01-29 09:33:43,N,AAPL,326.41,1.0,326.45,2.0,-1.0,-2.0,2020-01-29 09:33:43.038277,326.34,326.41,0
2020-01-29 09:33:44,N,AAPL,326.34,2.0,326.41,2.0,1.0,0.0,2020-01-29 09:33:44.016812,326.46,326.57,1
2020-01-29 09:33:45,N,AAPL,326.46,2.0,326.57,5.0,0.0,1.0,2020-01-29 09:33:45.132370,326.47,326.55,0
2020-01-29 09:33:46,N,AAPL,326.47,1.0,326.55,1.0,-1.0,0.0,2020-01-29 09:33:46.201924,326.4,326.48,0
2020-01-29 09:33:47,N,AAPL,326.4,2.0,326.48,1.0,1.0,-1.0,2020-01-29 09:33:47.132971,326.42,326.48,0
2020-01-29 09:33:48,N,AAPL,326.42,2.0,326.48,2.0,1.0,1.0,2020-01-29 09:33:48.016919,326.4,326.49,0
2020-01-29 09:33:49,N,AAPL,326.4,4.0,326.49,2.0,0.0,0.0,2020-01-29 09:33:49.070039,326.42,326.45,0
2020-01-29 09:33:50,N,AAPL,326.42,1.0,326.45,2.0,-3.0,1.0,2020-01-29 09:33:50.338865,326.37,326.46,0
2020-01-29 09:33:51,N,AAPL,326.37,5.0,326.46,1.0,0.0,0.0,2020-01-29 09:33:51.105652,326.41,326.49,0
2020-01-29 09:33:52,N,AAPL,326.41,3.0,326.49,1.0,0.0,0.0,2020-01-29 09:33:52.337895,326.2,326.26,-1
2020-01-29 09:33:53,N,AAPL,326.2,2.0,326.26,4.0,0.0,3.0,2020-01-29 09:33:53.459801,326.21,326.26,0
2020-01-29 09:33:54,N,AAPL,326.21,1.0,326.26,4.0,0.0,3.0,2020-01-29 09:33:54.080365,326.17,326.22,0
2020-01-29 09:33:56,N,AAPL,326.17,2.0,326.22,1.0,0.0,0.0,2020-01-29 09:33:56.021392,326.18,326.25,0
2020-01-29 09:33:57,N,AAPL,326.18,4.0,326.25,1.0,-6.0,0.0,2020-01-29 09:33:57.236196,326.21,326.27,0
2020-01-29 09:33:58,N,AAPL,326.21,1.0,326.27,2.0,0.0,0.0,2020-01-29 09:33:58.086379,326.03,326.07,-1
2020-01-29 09:33:59,N,AAPL,326.03,2.0,326.07,2.0,0.0,1.0,2020-01-29 09:33:59.199124,325.9,326.0,-1
2020-01-29 09:34:00,N,AAPL,325.9,2.0,326.0,15.0,-2.0,13.0,2020-01-29 09:34:00.066136,325.8,325.89,-1
2020-01-29 09:34:01,N,AAPL,325.8,2.0,325.89,2.0,0.0,-1.0,2020-01-29 09:34:01.021058,325.93,325.99,1
2020-01-29 09:34:02,N,AAPL,325.93,4.0,325.99,1.0,2.0,0.0,2020-01-29 09:34:02.005484,325.86,325.96,0
2020-01-29 09:34:03,N,AAPL,325.86,3.0,325.96,2.0,0.0,0.0,2020-01-29 09:34:03.005003,325.83,325.9,0
2020-01-29 09:34:04,N,AAPL,325.83,4.0,325.9,2.0,-1.0,0.0,2020-01-29 09:34:04.100576,325.73,325.8,-1
2020-01-29 09:34:05,N,AAPL,325.73,1.0,325.8,3.0,0.0,1.0,2020-01-29 09:34:05.139277,325.7,325.71,-1
2020-01-29 09:34:06,N,AAPL,325.7,1.0,325.71,1.0,0.0,-1.0,2020-01-29 09:34:06.305990,325.78,325.87,1
2020-01-29 09:34:07,N,AAPL,325.78,2.0,325.87,2.0,-1.0,1.0,2020-01-29 09:34:07.005845,325.77,325.85,0
2020-01-29 09:34:08,N,AAPL,325.77,1.0,325.85,4.0,-1.0,0.0,2020-01-29 09:34:08.036173,325.69,325.75,-1
2020-01-29 09:34:09,N,AAPL,325.69,1.0,325.75,2.0,-1.0,1.0,2020-01-29 09:34:09.508400,325.66,325.72,0
2020-01-29 09:34:10,N,AAPL,325.66,2.0,325.72,1.0,-3.0,0.0,2020-01-29 09:34:10.513584,325.79,325.82,1
2020-01-29 09:34:11,N,AAPL,325.79,1.0,325.82,2.0,0.0,0.0,2020-01-29 09:34:11.005419,325.65,325.71,-1
2020-01-29 09:34:13,N,AAPL,325.65,1.0,325.71,2.0,-6.0,1.0,2020-01-29 09:34:13.180613,325.53,325.58,-1
2020-01-29 09:34:14,N,AAPL,325.53,1.0,325.58,2.0,0.0,0.0,2020-01-29 09:34:14.000820,325.4,325.46,-1
2020-01-29 09:34:15,N,AAPL,325.4,2.0,325.46,4.0,1.0,1.0,2020-01-29 09:34:15.134016,325.35,325.42,0
2020-01-29 09:34:16,N,AAPL,325.35,3.0,325.42,1.0,2.0,0.0,2020-01-29 09:34:16.017655,325.28,325.32,-1
2020-01-29 09:34:17,N,AAPL,325.28,1.0,325.32,4.0,-1.0,3.0,2020-01-29 09:34:17.270519,325.42,325.45,1
2020-01-29 09:34:18,N,AAPL,325.42,2.0,325.45,2.0,0.0,0.0,2020-01-29 09:34:18.519585,325.24,325.34,-1
2020-01-29 09:34:19,N,AAPL,325.24,1.0,325.34,2.0,0.0,0.0,2020-01-29 09:34:19.102797,325.24,325.28,0
2020-01-29 09:34:20,N,AAPL,325.24,2.0,325.28,2.0,0.0,1.0,2020-01-29 09:34:20.687625,325.23,325.34,0
2020-01-29 09:34:21,N,AAPL,325.23,1.0,325.34,2.0,-1.0,0.0,2020-01-29 09:34:21.123592,325.27,325.36,0
2020-01-29 09:34:22,N,AAPL,325.27,1.0,325.36,4.0,0.0,2.0,2020-01-29 09:34:22.176137,325.41,325.42,1
2020-01-29 09:34:23,N,AAPL,325.41,1.0,325.42,2.0,0.0,0.0,2020-01-29 09:34:23.553407,325.49,325.51,1
2020-01-29 09:34:24,N,AAPL,325.49,1.0,325.51,2.0,-2.0,0.0,2020-01-29 09:34:24.386988,325.48,325.55,0
2020-01-29 09:34:25,N,AAPL,325.48,2.0,325.55,1.0,1.0,-1.0,2020-01-29 09:34:25.086565,325.35,325.39,-1
2020-01-29 09:34:26,N,AAPL,325.35,1.0,325.39,2.0,0.0,0.0,2020-01-29 09:34:26.178803,325.38,325.42,0
2020-01-29 09:34:27,N,AAPL,325.38,1.0,325.42,2.0,0.0,0.0,2020-01-29 09:34:27.019257,325.41,325.48,0
2020-01-29 09:34:28,N,AAPL,325.41,3.0,325.48,4.0,0.0,1.0,2020-01-29 09:34:28.006728,325.4,325.45,0
2020-01-29 09:34:30,N,AAPL,325.4,1.0,325.45,4.0,-1.0,3.0,2020-01-29 09:34:30.256299,325.38,325.47,0
2020-01-29 09:34:31,N,AAPL,325.38,10.0,325.47,2.0,2.0,0.0,2020-01-29 09:34:31.327780,325.31,325.37,-1
2020-01-29 09:34:32,N,AAPL,325.31,1.0,325.37,4.0,-8.0,2.0,2020-01-29 09:34:32.019913,325.32,325.36,0
2020-01-29 09:34:34,N,AAPL,325.32,1.0,325.36,2.0,-14.0,0.0,2020-01-29 09:34:34.094381,325.35,325.41,0
2020-01-29 09:34:35,N,AAPL,325.35,4.0,325.41,1.0,2.0,0.0,2020-01-29 09:34:35.859771,325.35,325.45,0
2020-01-29 09:34:36,N,AAPL,325.35,1.0,325.45,4.0,0.0,2.0,2020-01-29 09:34:36.028114,325.42,325.46,0
2020-01-29 09:34:37,N,AAPL,325.42,2.0,325.46,2.0,0.0,1.0,2020-01-29 09:34:37.098740,325.36,325.42,0
2020-01-29 09:34:38,N,AAPL,325.36,2.0,325.42,4.0,1.0,2.0,2020-01-29 09:34:38.042429,325.26,325.33,-1
2020-01-29 09:34:39,N,AAPL,325.26,4.0,325.33,2.0,0.0,0.0,2020-01-29 09:34:39.614148,325.16,325.22,-1
2020-01-29 09:34:40,N,AAPL,325.16,1.0,325.22,2.0,-9.0,0.0,2020-01-29 09:34:40.066040,324.77,324.88,-1
2020-01-29 09:34:41,N,AAPL,324.77,3.0,324.88,2.0,-1.0,1.0,2020-01-29 09:34:41.010609,324.7,324.71,-1
2020-01-29 09:34:56,N,AAPL,324.7,1.0,324.71,1.0,-2.0,-1.0,2020-01-29 09:34:56.145052,325.7,325.74,1
2020-01-29 09:35:49,N,AAPL,325.7,1.0,325.74,4.0,-1.0,3.0,2020-01-29 09:35:49.067310,325.74,325.76,0
2020-01-29 09:35:54,N,AAPL,325.74,1.0,325.76,2.0,0.0,-2.0,2020-01-29 09:35:54.711585,325.79,325.83,1
2020-01-29 09:36:10,N,AAPL,325.79,1.0,325.83,2.0,0.0,1.0,2020-01-29 09:36:10.646372,325.82,325.83,0
2020-01-29 09:36:12,N,AAPL,325.82,3.0,325.83,1.0,2.0,-1.0,2020-01-29 09:36:12.201237,325.7,325.77,-1
2020-01-29 09:36:26,N,AAPL,325.7,2.0,325.77,2.0,-2.0,0.0,2020-01-29 09:36:26.701942,325.65,325.69,-1
2020-01-29 09:36:29,N,AAPL,325.65,1.0,325.69,1.0,-1.0,-1.0,2020-01-29 09:36:29.509939,325.78,325.81,1
2020-01-29 09:36:32,N,AAPL,325.78,1.0,325.81,2.0,-1.0,1.0,2020-01-29 09:36:32.125912,325.76,325.77,-1
2020-01-29 09:36:40,N,AAPL,325.76,3.0,325.77,1.0,2.0,-1.0,2020-01-29 09:36:40.190100,325.9,325.95,1
2020-01-29 09:36:43,N,AAPL,325.9,7.0,325.95,2.0,4.0,-4.0,2020-01-29 09:36:43.765928,325.73,325.77,-1
2020-01-29 09:36:52,N,AAPL,325.73,1.0,325.77,5.0,0.0,4.0,2020-01-29 09:36:52.482926,325.77,325.8,0
2020-01-29 09:36:59,N,AAPL,325.77,1.0,325.8,2.0,0.0,-3.0,2020-01-29 09:36:59.791397,325.09,325.1,-1
2020-01-29 09:37:39,N,AAPL,325.09,2.0,325.1,1.0,1.0,-1.0,2020-01-29 09:37:39.187059,324.6,324.63,-1
2020-01-29 09:37:50,N,AAPL,324.6,1.0,324.63,2.0,-1.0,1.0,2020-01-29 09:37:50.811330,324.53,324.59,-1
2020-01-29 09:37:52,N,AAPL,324.53,5.0,324.59,4.0,4.0,2.0,2020-01-29 09:37:52.474335,324.6,324.69,1
2020-01-29 09:37:53,N,AAPL,324.6,2.0,324.69,2.0,0.0,-2.0,2020-01-29 09:37:53.258469,324.7,324.74,1
2020-01-29 09:38:10,N,AAPL,324.7,1.0,324.74,3.0,-1.0,1.0,2020-01-29 09:38:10.685975,324.71,324.72,0
2020-01-29 09:38:16,N,AAPL,324.71,2.0,324.72,1.0,1.0,0.0,2020-01-29 09:38:16.634714,324.66,324.67,-1
2020-01-29 09:38:20,N,AAPL,324.66,1.0,324.67,3.0,-1.0,2.0,2020-01-29 09:38:20.584966,324.7,324.72,1
2020-01-29 09:38:41,N,AAPL,324.7,2.0,324.72,3.0,1.0,0.0,2020-01-29 09:38:41.278426,324.67,324.7,0
2020-01-29 09:38:43,N,AAPL,324.67,2.0,324.7,1.0,0.0,-2.0,2020-01-29 09:38:43.848356,324.62,324.64,-1
2020-01-29 09:39:01,N,AAPL,324.62,1.0,324.64,1.0,-1.0,0.0,2020-01-29 09:39:01.477518,324.23,324.27,-1
2020-01-29 09:39:13,N,AAPL,324.23,1.0,324.27,4.0,0.0,2.0,2020-01-29 09:39:13.693710,324.07,324.19,-1
2020-01-29 09:39:26,N,AAPL,324.07,2.0,324.19,1.0,-1.0,0.0,2020-01-29 09:39:26.095500,324.05,324.13,0
2020-01-29 09:39:34,N,AAPL,324.05,1.0,324.13,2.0,-1.0,0.0,2020-01-29 09:39:34.590195,324.26,324.32,1
2020-01-29 09:39:48,N,AAPL,324.26,1.0,324.32,4.0,0.0,2.0,2020-01-29 09:39:48.051805,324.13,324.16,-1
2020-01-29 09:39:50,N,AAPL,324.13,6.0,324.16,2.0,5.0,-2.0,2020-01-29 09:39:50.732055,324.02,324.08,-1
2020-01-29 09:39:55,N,AAPL,324.02,1.0,324.08,1.0,0.0,-1.0,2020-01-29 09:39:55.327543,324.59,324.62,1
2020-01-29 09:40:06,N,AAPL,324.59,1.0,324.62,1.0,0.0,0.0,2020-01-29 09:40:06.350208,324.56,324.64,0
2020-01-29 09:40:13,N,AAPL,324.56,2.0,324.64,1.0,0.0,-3.0,2020-01-29 09:40:13.877653,324.47,324.52,-1
2020-01-29 09:40:17,N,AAPL,324.47,2.0,324.52,3.0,0.0,2.0,2020-01-29 09:40:17.001905,324.47,324.54,0
2020-01-29 09:40:18,N,AAPL,324.47,2.0,324.54,2.0,1.0,-1.0,2020-01-29 09:40:18.264090,324.38,324.47,0
2020-01-29 09:40:20,N,AAPL,324.38,2.0,324.47,4.0,0.0,2.0,2020-01-29 09:40:20.494514,324.34,324.38,0
2020-01-29 09:40:22,N,AAPL,324.34,1.0,324.38,1.0,-1.0,-3.0,2020-01-29 09:40:22.667692,324.3,324.35,0
2020-01-29 09:40:23,N,AAPL,324.3,6.0,324.35,2.0,5.0,1.0,2020-01-29 09:40:23.041853,324.02,324.04,-1
2020-01-29 09:40:33,N,AAPL,324.02,3.0,324.04,1.0,-2.0,0.0,2020-01-29 09:40:33.676089,324.01,324.08,0
2020-01-29 09:40:44,N,AAPL,324.01,1.0,324.08,2.0,0.0,1.0,2020-01-29 09:40:44.941261,324.02,324.05,0
2020-01-29 09:41:11,N,AAPL,324.02,1.0,324.05,2.0,0.0,0.0,2020-01-29 09:41:11.714363,323.86,323.9,-1
2020-01-29 09:41:12,N,AAPL,323.86,7.0,323.9,3.0,6.0,2.0,2020-01-29 09:41:12.450653,324.44,324.47,1
2020-01-29 09:41:17,N,AAPL,324.44,1.0,324.47,1.0,-1.0,0.0,2020-01-29 09:41:17.555442,324.73,324.78,1
2020-01-29 09:41:30,N,AAPL,324.73,3.0,324.78,1.0,2.0,0.0,2020-01-29 09:41:30.140209,325.19,325.24,1
2020-01-29 09:41:39,N,AAPL,325.19,1.0,325.24,2.0,-2.0,-2.0,2020-01-29 09:41:39.265170,324.91,324.98,-1
2020-01-29 09:41:58,N,AAPL,324.91,1.0,324.98,2.0,-1.0,0.0,2020-01-29 09:41:58.528418,325.02,325.09,1
2020-01-29 09:42:01,N,AAPL,325.02,1.0,325.09,2.0,0.0,0.0,2020-01-29 09:42:01.671901,325.0,325.03,0
2020-01-29 09:42:05,N,AAPL,325.0,2.0,325.03,1.0,1.0,-1.0,2020-01-29 09:42:05.937473,324.81,324.82,-1
2020-01-29 09:42:23,N,AAPL,324.81,2.0,324.82,1.0,1.0,-1.0,2020-01-29 09:42:23.117219,324.9,324.92,1
2020-01-29 09:42:25,N,AAPL,324.9,1.0,324.92,1.0,-4.0,0.0,2020-01-29 09:42:25.673489,324.66,324.69,-1
2020-01-29 09:43:11,N,AAPL,324.66,1.0,324.69,1.0,0.0,0.0,2020-01-29 09:43:11.429923,324.71,324.75,1
2020-01-29 09:43:29,N,AAPL,324.71,1.0,324.75,2.0,0.0,1.0,2020-01-29 09:43:29.530332,324.5,324.51,-1
2020-01-29 09:43:36,N,AAPL,324.5,6.0,324.51,1.0,5.0,-1.0,2020-01-29 09:43:36.506558,324.15,324.22,-1
2020-01-29 09:44:00,N,AAPL,324.15,1.0,324.22,4.0,-5.0,3.0,2020-01-29 09:44:00.188998,324.13,324.16,0
2020-01-29 09:44:06,N,AAPL,324.13,1.0,324.16,1.0,-2.0,-3.0,2020-01-29 09:44:06.142851,324.2,324.26,1
2020-01-29 09:44:10,N,AAPL,324.2,1.0,324.26,2.0,-1.0,1.0,2020-01-29 09:44:10.869067,323.68,323.77,-1
2020-01-29 09:44:25,N,AAPL,323.68,2.0,323.77,1.0,1.0,-1.0,2020-01-29 09:44:25.209650,323.56,323.6,-1
2020-01-29 09:44:45,N,AAPL,323.56,1.0,323.6,5.0,-1.0,4.0,2020-01-29 09:44:45.856902,323.61,323.66,1
2020-01-29 09:44:46,N,AAPL,323.61,1.0,323.66,1.0,0.0,-4.0,2020-01-29 09:44:46.139746,323.75,323.8,1
2020-01-29 09:44:48,N,AAPL,323.75,4.0,323.8,2.0,2.0,1.0,2020-01-29 09:44:48.184851,323.9,323.98,1
2020-01-29 09:44:49,N,AAPL,323.9,2.0,323.98,2.0,1.0,0.0,2020-01-29 09:44:49.649484,324.01,324.08,1
2020-01-29 09:45:02,N,AAPL,324.01,5.0,324.08,2.0,3.0,0.0,2020-01-29 09:45:02.158537,324.14,324.22,1
2020-01-29 09:45:06,N,AAPL,324.14,1.0,324.22,1.0,-4.0,-1.0,2020-01-29 09:45:06.919013,324.14,324.14,0
2020-01-29 09:45:19,N,AAPL,324.14,4.0,324.14,1.0,3.0,0.0,2020-01-29 09:45:19.712415,324.0,324.03,-1
2020-01-29 09:45:28,N,AAPL,324.0,4.0,324.03,1.0,0.0,0.0,2020-01-29 09:45:28.455281,324.2,324.24,1
2020-01-29 09:45:53,N,AAPL,324.2,1.0,324.24,3.0,-3.0,2.0,2020-01-29 09:45:53.800755,324.24,324.29,0
2020-01-29 09:45:56,N,AAPL,324.24,1.0,324.29,1.0,0.0,-2.0,2020-01-29 09:45:56.968599,324.25,324.27,0
2020-01-29 09:46:06,N,AAPL,324.25,25.0,324.27,1.0,24.0,0.0,2020-01-29 09:46:06.563049,324.15,324.22,-1
2020-01-29 09:46:07,N,AAPL,324.15,2.0,324.22,1.0,-23.0,0.0,2020-01-29 09:46:07.692613,324.09,324.14,-1
2020-01-29 09:46:08,N,AAPL,324.09,1.0,324.14,1.0,0.0,0.0,2020-01-29 09:46:08.000300,324.12,324.16,0
2020-01-29 09:46:09,N,AAPL,324.12,1.0,324.16,1.0,-1.0,-2.0,2020-01-29 09:46:09.340356,324.0,324.03,-1
2020-01-29 09:46:41,N,AAPL,324.0,1.0,324.03,1.0,0.0,0.0,2020-01-29 09:46:41.318469,324.1,324.17,1
2020-01-29 09:46:48,N,AAPL,324.1,3.0,324.17,2.0,2.0,1.0,2020-01-29 09:46:48.235449,323.88,323.93,-1
2020-01-29 09:46:58,N,AAPL,323.88,2.0,323.93,1.0,-1.0,-1.0,2020-01-29 09:46:58.319458,323.71,323.72,-1
2020-01-29 09:47:02,N,AAPL,323.71,1.0,323.72,1.0,-1.0,0.0,2020-01-29 09:47:02.432079,323.8,323.83,1
2020-01-29 09:47:12,N,AAPL,323.8,8.0,323.83,3.0,7.0,2.0,2020-01-29 09:47:12.732041,323.8,323.81,0
2020-01-29 09:47:13,N,AAPL,323.8,3.0,323.81,3.0,-5.0,0.0,2020-01-29 09:47:13.024873,323.88,323.9,1
2020-01-29 09:47:14,N,AAPL,323.88,1.0,323.9,1.0,0.0,-2.0,2020-01-29 09:47:14.745161,323.75,323.81,-1
2020-01-29 09:47:26,N,AAPL,323.75,7.0,323.81,2.0,6.0,1.0,2020-01-29 09:47:26.255274,323.67,323.72,-1
2020-01-29 09:47:42,N,AAPL,323.67,1.0,323.72,2.0,-6.0,0.0,2020-01-29 09:47:42.018839,323.5,323.51,-1
2020-01-29 09:48:04,N,AAPL,323.5,1.0,323.51,5.0,0.0,3.0,2020-01-29 09:48:04.412383,323.59,323.65,1
2020-01-29 09:48:12,N,AAPL,323.59,1.0,323.65,3.0,0.0,-2.0,2020-01-29 09:48:12.762332,323.63,323.66,0
2020-01-29 09:48:22,N,AAPL,323.63,2.0,323.66,3.0,0.0,1.0,2020-01-29 09:48:22.718234,323.72,323.77,1
2020-01-29 09:48:28,N,AAPL,323.72,1.0,323.77,2.0,-1.0,-1.0,2020-01-29 09:48:28.282366,323.76,323.8,0
2020-01-29 09:48:35,N,AAPL,323.76,1.0,323.8,1.0,-1.0,0.0,2020-01-29 09:48:35.007622,323.82,323.87,1
2020-01-29 09:48:37,N,AAPL,323.82,2.0,323.87,2.0,0.0,0.0,2020-01-29 09:48:37.385490,323.57,323.6,-1
2020-01-29 09:48:44,N,AAPL,323.57,2.0,323.6,1.0,0.0,-1.0,2020-01-29 09:48:44.957507,323.53,323.6,0
2020-01-29 09:48:54,N,AAPL,323.53,2.0,323.6,6.0,0.0,5.0,2020-01-29 09:48:54.467809,323.37,323.41,-1
2020-01-29 09:49:02,N,AAPL,323.37,5.0,323.41,1.0,3.0,-5.0,2020-01-29 09:49:02.779531,323.42,323.47,1
2020-01-29 09:49:08,N,AAPL,323.42,2.0,323.47,1.0,-3.0,-4.0,2020-01-29 09:49:08.568189,323.27,323.28,-1
2020-01-29 09:49:29,N,AAPL,323.27,2.0,323.28,1.0,-1.0,-1.0,2020-01-29 09:49:29.790199,323.14,323.16,-1
2020-01-29 09:49:30,N,AAPL,323.14,1.0,323.16,5.0,-1.0,4.0,2020-01-29 09:49:30.560040,323.31,323.35,1
2020-01-29 09:49:36,N,AAPL,323.31,3.0,323.35,1.0,2.0,-4.0,2020-01-29 09:49:36.593100,323.21,323.23,-1
2020-01-29 09:49:46,N,AAPL,323.21,5.0,323.23,1.0,2.0,0.0,2020-01-29 09:49:46.157342,323.32,323.38,1
2020-01-29 09:49:50,N,AAPL,323.32,3.0,323.38,1.0,2.0,0.0,2020-01-29 09:49:50.055043,323.77,323.82,1
2020-01-29 09:50:18,N,AAPL,323.77,3.0,323.82,1.0,0.0,0.0,2020-01-29 09:50:18.551645,323.65,323.71,-1
2020-01-29 09:50:24,N,AAPL,323.65,3.0,323.71,2.0,0.0,1.0,2020-01-29 09:50:24.534948,323.73,323.79,1
2020-01-29 09:50:31,N,AAPL,323.73,1.0,323.79,2.0,-2.0,0.0,2020-01-29 09:50:31.647677,324.0,324.05,1
2020-01-29 09:50:47,N,AAPL,324.0,2.0,324.05,1.0,1.0,0.0,2020-01-29 09:50:47.730173,323.99,324.0,0
2020-01-29 09:50:49,N,AAPL,323.99,15.0,324.0,1.0,13.0,0.0,2020-01-29 09:50:49.582449,323.85,323.86,-1
2020-01-29 09:50:54,N,AAPL,323.85,2.0,323.86,1.0,-13.0,0.0,2020-01-29 09:50:54.096372,323.87,323.88,1
2020-01-29 09:51:00,N,AAPL,323.87,1.0,323.88,3.0,-1.0,2.0,2020-01-29 09:51:00.895841,323.85,323.87,0
2020-01-29 09:51:01,N,AAPL,323.85,1.0,323.87,1.0,0.0,-1.0,2020-01-29 09:51:01.003514,324.07,324.08,1
2020-01-29 09:51:40,N,AAPL,324.07,1.0,324.08,2.0,0.0,1.0,2020-01-29 09:51:40.944945,323.94,323.96,-1
2020-01-29 09:51:43,N,AAPL,323.94,5.0,323.96,8.0,4.0,6.0,2020-01-29 09:51:43.857752,323.95,323.96,0
2020-01-29 09:51:44,N,AAPL,323.95,2.0,323.96,3.0,-3.0,-5.0,2020-01-29 09:51:44.416171,324.2,324.21,1
2020-01-29 09:52:51,N,AAPL,324.2,1.0,324.21,2.0,0.0,0.0,2020-01-29 09:52:51.009341,324.33,324.35,1
2020-01-29 09:53:16,N,AAPL,324.33,1.0,324.35,4.0,0.0,2.0,2020-01-29 09:53:16.686684,324.18,324.21,-1
2020-01-29 09:53:51,N,AAPL,324.18,1.0,324.21,2.0,0.0,-2.0,2020-01-29 09:53:51.068871,324.64,324.65,1
2020-01-29 09:54:18,N,AAPL,324.64,1.0,324.65,2.0,0.0,0.0,2020-01-29 09:54:18.264167,324.68,324.71,1
2020-01-29 09:54:47,N,AAPL,324.68,2.0,324.71,2.0,1.0,0.0,2020-01-29 09:54:47.123286,324.55,324.58,-1
2020-01-29 09:54:51,N,AAPL,324.55,17.0,324.58,1.0,14.0,0.0,2020-01-29 09:54:51.984440,324.4,324.43,-1
2020-01-29 09:54:54,N,AAPL,324.4,8.0,324.43,1.0,-9.0,0.0,2020-01-29 09:54:54.462587,324.36,324.4,0
2020-01-29 09:54:55,N,AAPL,324.36,3.0,324.4,1.0,-5.0,0.0,2020-01-29 09:54:55.296400,324.32,324.33,-1
2020-01-29 09:55:04,N,AAPL,324.32,1.0,324.33,1.0,-2.0,0.0,2020-01-29 09:55:04.344547,324.4,324.45,1
2020-01-29 09:55:29,N,AAPL,324.4,3.0,324.45,2.0,2.0,1.0,2020-01-29 09:55:29.517133,324.28,324.29,-1
2020-01-29 09:56:07,N,AAPL,324.28,1.0,324.29,1.0,-2.0,-1.0,2020-01-29 09:56:07.556407,324.27,324.29,0
2020-01-29 09:56:08,N,AAPL,324.27,1.0,324.29,1.0,-3.0,0.0,2020-01-29 09:56:08.109469,324.28,324.29,0
2020-01-29 09:56:09,N,AAPL,324.28,1.0,324.29,1.0,0.0,0.0,2020-01-29 09:56:09.134280,324.19,324.21,-1
2020-01-29 09:56:10,N,AAPL,324.19,1.0,324.21,1.0,-1.0,-2.0,2020-01-29 09:56:10.246672,324.06,324.09,-1
2020-01-29 09:56:11,N,AAPL,324.06,2.0,324.09,1.0,1.0,0.0,2020-01-29 09:56:11.955322,324.04,324.08,0
2020-01-29 09:56:12,N,AAPL,324.04,1.0,324.08,3.0,-1.0,2.0,2020-01-29 09:56:12.056162,324.02,324.08,0
2020-01-29 09:56:21,N,AAPL,324.02,2.0,324.08,3.0,1.0,0.0,2020-01-29 09:56:21.418402,322.98,323.01,-1
2020-01-29 09:57:54,N,AAPL,322.98,1.0,323.01,2.0,-1.0,-1.0,2020-01-29 09:57:54.316201,322.91,322.96,-1
2020-01-29 09:57:55,N,AAPL,322.91,5.0,322.96,4.0,4.0,2.0,2020-01-29 09:57:55.128926,322.75,322.78,-1
2020-01-29 09:57:59,N,AAPL,322.75,1.0,322.78,1.0,-4.0,-3.0,2020-01-29 09:57:59.522899,322.75,322.79,0
2020-01-29 09:58:00,N,AAPL,322.75,2.0,322.79,2.0,1.0,0.0,2020-01-29 09:58:00.036540,322.72,322.77,0
2020-01-29 09:58:14,N,AAPL,322.72,1.0,322.77,1.0,0.0,0.0,2020-01-29 09:58:14.199872,322.74,322.78,0
2020-01-29 09:58:16,N,AAPL,322.74,1.0,322.78,5.0,0.0,4.0,2020-01-29 09:58:16.707539,322.75,322.79,0
2020-01-29 09:58:18,N,AAPL,322.75,1.0,322.79,1.0,0.0,-4.0,2020-01-29 09:58:18.287673,323.16,323.2,1
2020-01-29 09:58:35,N,AAPL,323.16,1.0,323.2,5.0,-1.0,4.0,2020-01-29 09:58:35.851083,322.95,323.0,-1
2020-01-29 09:58:40,N,AAPL,322.95,2.0,323.0,2.0,0.0,0.0,2020-01-29 09:58:40.636098,322.9,322.91,-1
2020-01-29 09:58:52,N,AAPL,322.9,8.0,322.91,1.0,6.0,-1.0,2020-01-29 09:58:52.467316,322.9,322.94,0
2020-01-29 09:58:53,N,AAPL,322.9,8.0,322.94,2.0,0.0,1.0,2020-01-29 09:58:53.207288,323.13,323.16,1
2020-01-29 09:59:10,N,AAPL,323.13,1.0,323.16,2.0,0.0,-1.0,2020-01-29 09:59:10.013443,323.24,323.26,1
2020-01-29 09:59:42,N,AAPL,323.24,1.0,323.26,1.0,0.0,-1.0,2020-01-29 09:59:42.357205,323.22,323.26,0
2020-01-29 09:59:45,N,AAPL,323.22,1.0,323.26,2.0,0.0,1.0,2020-01-29 09:59:45.359539,323.28,323.3,1
2020-01-29 09:59:58,N,AAPL,323.28,1.0,323.3,1.0,0.0,-1.0,2020-01-29 09:59:58.015874,323.31,323.36,1
2020-01-29 10:00:00,N,AAPL,323.31,2.0,323.36,1.0,1.0,0.0,2020-01-29 10:00:00.321913,323.26,323.27,-1
2020-01-29 10:00:01,N,AAPL,323.26,1.0,323.27,1.0,-2.0,0.0,2020-01-29 10:00:01.443331,323.17,323.23,-1
2020-01-29 10:00:02,N,AAPL,323.17,2.0,323.23,1.0,0.0,0.0,2020-01-29 10:00:02.751872,323.11,323.16,-1
2020-01-29 10:00:05,N,AAPL,323.11,1.0,323.16,2.0,-1.0,1.0,2020-01-29 10:00:05.492079,322.94,323.0,-1
2020-01-29 10:00:21,N,AAPL,322.94,1.0,323.0,1.0,0.0,-2.0,2020-01-29 10:00:21.463055,322.63,322.7,-1
2020-01-29 10:00:26,N,AAPL,322.63,1.0,322.7,2.0,0.0,1.0,2020-01-29 10:00:26.732894,322.56,322.61,-1
2020-01-29 10:00:43,N,AAPL,322.56,1.0,322.61,1.0,-1.0,0.0,2020-01-29 10:00:43.303043,322.51,322.53,-1
2020-01-29 10:00:44,N,AAPL,322.51,1.0,322.53,2.0,0.0,1.0,2020-01-29 10:00:44.545115,322.5,322.54,0
2020-01-29 10:00:48,N,AAPL,322.5,1.0,322.54,2.0,0.0,0.0,2020-01-29 10:00:48.166326,322.42,322.47,-1
2020-01-29 10:01:03,N,AAPL,322.42,3.0,322.47,4.0,2.0,2.0,2020-01-29 10:01:03.886106,322.41,322.46,0
2020-01-29 10:01:12,N,AAPL,322.41,2.0,322.46,2.0,-1.0,-2.0,2020-01-29 10:01:12.239119,322.39,322.42,0
2020-01-29 10:01:19,N,AAPL,322.39,4.0,322.42,1.0,3.0,0.0,2020-01-29 10:01:19.277022,322.45,322.45,1
2020-01-29 10:01:24,N,AAPL,322.45,1.0,322.45,1.0,0.0,0.0,2020-01-29 10:01:24.431923,322.52,322.58,1
2020-01-29 10:01:26,N,AAPL,322.52,3.0,322.58,2.0,2.0,0.0,2020-01-29 10:01:26.571430,322.48,322.52,0
2020-01-29 10:01:32,N,AAPL,322.48,1.0,322.52,2.0,0.0,1.0,2020-01-29 10:01:32.693916,322.53,322.56,1
2020-01-29 10:01:34,N,AAPL,322.53,1.0,322.56,3.0,0.0,1.0,2020-01-29 10:01:34.476425,322.28,322.29,-1
2020-01-29 10:01:44,N,AAPL,322.28,1.0,322.29,1.0,-1.0,0.0,2020-01-29 10:01:44.054660,322.21,322.23,-1
2020-01-29 10:01:55,N,AAPL,322.21,1.0,322.23,2.0,0.0,1.0,2020-01-29 10:01:55.764698,322.07,322.09,-1
2020-01-29 10:01:58,N,AAPL,322.07,1.0,322.09,1.0,0.0,-1.0,2020-01-29 10:01:58.708857,322.08,322.1,0
2020-01-29 10:01:59,N,AAPL,322.08,1.0,322.1,2.0,0.0,1.0,2020-01-29 10:01:59.532504,321.94,321.95,-1
2020-01-29 10:02:06,N,AAPL,321.94,2.0,321.95,1.0,1.0,-1.0,2020-01-29 10:02:06.639319,321.91,321.95,0
2020-01-29 10:02:07,N,AAPL,321.91,2.0,321.95,1.0,0.0,0.0,2020-01-29 10:02:07.585598,321.94,321.95,0
2020-01-29 10:02:08,N,AAPL,321.94,1.0,321.95,1.0,-1.0,0.0,2020-01-29 10:02:08.954918,321.89,321.93,-1
2020-01-29 10:02:11,N,AAPL,321.89,1.0,321.93,1.0,0.0,0.0,2020-01-29 10:02:11.358613,321.93,321.95,0
2020-01-29 10:02:14,N,AAPL,321.93,2.0,321.95,1.0,1.0,-1.0,2020-01-29 10:02:14.355088,321.91,321.93,0
2020-01-29 10:02:16,N,AAPL,321.91,1.0,321.93,1.0,-1.0,0.0,2020-01-29 10:02:16.369522,321.94,321.95,1
2020-01-29 10:02:17,N,AAPL,321.94,1.0,321.95,1.0,0.0,0.0,2020-01-29 10:02:17.626338,321.98,322.04,1
2020-01-29 10:02:30,N,AAPL,321.98,2.0,322.04,2.0,-1.0,1.0,2020-01-29 10:02:30.963357,321.97,322.03,0
2020-01-29 10:03:05,N,AAPL,321.97,2.0,322.03,1.0,0.0,-1.0,2020-01-29 10:03:05.747108,322.18,322.2,1
2020-01-29 10:03:16,N,AAPL,322.18,1.0,322.2,6.0,-1.0,5.0,2020-01-29 10:03:16.882233,322.27,322.32,1
2020-01-29 10:03:25,N,AAPL,322.27,2.0,322.32,3.0,1.0,-3.0,2020-01-29 10:03:25.080201,322.22,322.27,0
2020-01-29 10:03:26,N,AAPL,322.22,2.0,322.27,1.0,0.0,-2.0,2020-01-29 10:03:26.332508,322.27,322.31,0
2020-01-29 10:03:27,N,AAPL,322.27,1.0,322.31,2.0,-1.0,1.0,2020-01-29 10:03:27.723268,322.51,322.54,1
2020-01-29 10:03:44,N,AAPL,322.51,1.0,322.54,1.0,0.0,-1.0,2020-01-29 10:03:44.890333,322.37,322.4,-1
2020-01-29 10:04:14,N,AAPL,322.37,2.0,322.4,1.0,1.0,0.0,2020-01-29 10:04:14.666362,321.85,321.92,-1
2020-01-29 10:04:36,N,AAPL,321.85,1.0,321.92,1.0,-4.0,0.0,2020-01-29 10:04:36.101472,322.05,322.09,1
2020-01-29 10:04:38,N,AAPL,322.05,1.0,322.09,3.0,0.0,2.0,2020-01-29 10:04:38.532051,322.12,322.16,1
2020-01-29 10:04:41,N,AAPL,322.12,2.0,322.16,2.0,1.0,-1.0,2020-01-29 10:04:41.912705,321.51,321.54,-1
2020-01-29 10:05:07,N,AAPL,321.51,2.0,321.54,1.0,0.0,-1.0,2020-01-29 10:05:07.059728,321.48,321.49,-1
2020-01-29 10:05:08,N,AAPL,321.48,2.0,321.49,1.0,-16.0,-1.0,2020-01-29 10:05:08.915265,321.47,321.53,0
2020-01-29 10:05:12,N,AAPL,321.47,2.0,321.53,1.0,1.0,0.0,2020-01-29 10:05:12.265347,321.58,321.67,1
2020-01-29 10:05:14,N,AAPL,321.58,1.0,321.67,1.0,-1.0,0.0,2020-01-29 10:05:14.655508,322.15,322.19,1
2020-01-29 10:05:46,N,AAPL,322.15,2.0,322.19,1.0,1.0,0.0,2020-01-29 10:05:46.529038,322.07,322.1,-1
2020-01-29 10:06:23,N,AAPL,322.07,1.0,322.1,1.0,-1.0,0.0,2020-01-29 10:06:23.817672,322.09,322.16,0
2020-01-29 10:06:27,N,AAPL,322.09,1.0,322.16,2.0,0.0,-2.0,2020-01-29 10:06:27.474316,322.18,322.22,1
2020-01-29 10:06:49,N,AAPL,322.18,1.0,322.22,2.0,0.0,1.0,2020-01-29 10:06:49.228715,322.48,322.5,1
2020-01-29 10:07:04,N,AAPL,322.48,2.0,322.5,2.0,1.0,0.0,2020-01-29 10:07:04.950463,322.67,322.69,1
2020-01-29 10:07:25,N,AAPL,322.67,6.0,322.69,2.0,4.0,0.0,2020-01-29 10:07:25.875526,322.68,322.74,0
2020-01-29 10:07:26,N,AAPL,322.68,2.0,322.74,1.0,-6.0,0.0,2020-01-29 10:07:26.884336,322.72,322.74,0
2020-01-29 10:07:27,N,AAPL,322.72,9.0,322.74,1.0,7.0,0.0,2020-01-29 10:07:27.041892,322.66,322.71,-1
2020-01-29 10:07:32,N,AAPL,322.66,2.0,322.71,3.0,-7.0,2.0,2020-01-29 10:07:32.301590,322.55,322.58,-1
2020-01-29 10:07:33,N,AAPL,322.55,2.0,322.58,1.0,0.0,-2.0,2020-01-29 10:07:33.589803,322.42,322.47,-1
2020-01-29 10:08:50,N,AAPL,322.42,1.0,322.47,1.0,-1.0,0.0,2020-01-29 10:08:50.184386,322.64,322.73,1
2020-01-29 10:08:57,N,AAPL,322.64,1.0,322.73,1.0,0.0,0.0,2020-01-29 10:08:57.661121,322.77,322.83,1
2020-01-29 10:09:00,N,AAPL,322.77,1.0,322.83,2.0,0.0,1.0,2020-01-29 10:09:00.399337,322.9,322.96,1
2020-01-29 10:09:05,N,AAPL,322.9,1.0,322.96,2.0,0.0,0.0,2020-01-29 10:09:05.177045,322.37,322.43,-1
2020-01-29 10:10:08,N,AAPL,322.37,1.0,322.43,1.0,0.0,-1.0,2020-01-29 10:10:08.348674,322.55,322.6,1
2020-01-29 10:10:27,N,AAPL,322.55,2.0,322.6,2.0,1.0,-4.0,2020-01-29 10:10:27.749322,322.84,322.86,1
2020-01-29 10:10:44,N,AAPL,322.84,2.0,322.86,1.0,0.0,-1.0,2020-01-29 10:10:44.448292,322.95,322.96,1
2020-01-29 10:11:08,N,AAPL,322.95,1.0,322.96,1.0,-1.0,0.0,2020-01-29 10:11:08.449509,322.6,322.66,-1
2020-01-29 10:11:12,N,AAPL,322.6,2.0,322.66,4.0,1.0,3.0,2020-01-29 10:11:12.972586,322.68,322.75,1
2020-01-29 10:11:23,N,AAPL,322.68,1.0,322.75,1.0,-1.0,-3.0,2020-01-29 10:11:23.989171,322.46,322.51,-1
2020-01-29 10:11:33,N,AAPL,322.46,2.0,322.51,1.0,1.0,0.0,2020-01-29 10:11:33.228526,322.36,322.41,-1
2020-01-29 10:11:52,N,AAPL,322.36,1.0,322.41,1.0,-1.0,0.0,2020-01-29 10:11:52.146381,322.12,322.17,-1
2020-01-29 10:12:18,N,AAPL,322.12,2.0,322.17,1.0,1.0,0.0,2020-01-29 10:12:18.295936,321.96,322.03,-1
2020-01-29 10:12:41,N,AAPL,321.96,1.0,322.03,1.0,-1.0,0.0,2020-01-29 10:12:41.614299,322.16,322.22,1
2020-01-29 10:12:56,N,AAPL,322.16,1.0,322.22,2.0,0.0,1.0,2020-01-29 10:12:56.765756,322.54,322.56,1
2020-01-29 10:13:18,N,AAPL,322.54,2.0,322.56,1.0,1.0,-1.0,2020-01-29 10:13:18.164357,322.19,322.25,-1
2020-01-29 10:13:27,N,AAPL,322.19,2.0,322.25,2.0,0.0,-2.0,2020-01-29 10:13:27.893913,322.37,322.39,1
2020-01-29 10:13:46,N,AAPL,322.37,1.0,322.39,1.0,-1.0,-1.0,2020-01-29 10:13:46.971726,322.74,322.76,1
2020-01-29 10:14:20,N,AAPL,322.74,1.0,322.76,2.0,0.0,1.0,2020-01-29 10:14:20.250869,322.81,322.82,1
2020-01-29 10:14:34,N,AAPL,322.81,10.0,322.82,1.0,9.0,-3.0,2020-01-29 10:14:34.161325,322.84,322.9,1
2020-01-29 10:14:55,N,AAPL,322.84,1.0,322.9,2.0,-9.0,1.0,2020-01-29 10:14:55.046506,322.8,322.84,0
2020-01-29 10:16:21,N,AAPL,322.8,3.0,322.84,1.0,2.0,-1.0,2020-01-29 10:16:21.901961,322.69,322.71,-1
2020-01-29 10:16:32,N,AAPL,322.69,1.0,322.71,4.0,-2.0,3.0,2020-01-29 10:16:32.274742,322.57,322.61,-1
2020-01-29 10:16:39,N,AAPL,322.57,1.0,322.61,2.0,0.0,-2.0,2020-01-29 10:16:39.345807,322.6,322.61,0
2020-01-29 10:16:41,N,AAPL,322.6,12.0,322.61,1.0,11.0,-1.0,2020-01-29 10:16:41.309073,322.78,322.79,1
2020-01-29 10:16:53,N,AAPL,322.78,10.0,322.79,3.0,-2.0,2.0,2020-01-29 10:16:53.588901,322.79,322.8,0
2020-01-29 10:16:54,N,AAPL,322.79,8.0,322.8,1.0,-2.0,0.0,2020-01-29 10:16:54.385456,322.71,322.72,-1
2020-01-29 10:17:08,N,AAPL,322.71,6.0,322.72,1.0,5.0,0.0,2020-01-29 10:17:08.211001,323.25,323.29,1
2020-01-29 10:17:52,N,AAPL,323.25,1.0,323.29,2.0,-5.0,1.0,2020-01-29 10:17:52.240298,323.31,323.35,1
2020-01-29 10:18:02,N,AAPL,323.31,2.0,323.35,2.0,1.0,0.0,2020-01-29 10:18:02.217731,323.26,323.33,0
2020-01-29 10:18:05,N,AAPL,323.26,1.0,323.33,1.0,0.0,0.0,2020-01-29 10:18:05.272543,323.27,323.35,0
2020-01-29 10:18:09,N,AAPL,323.27,1.0,323.35,2.0,0.0,1.0,2020-01-29 10:18:09.344704,323.52,323.53,1
2020-01-29 10:18:18,N,AAPL,323.52,1.0,323.53,2.0,0.0,0.0,2020-01-29 10:18:18.856689,323.39,323.4,-1
2020-01-29 10:18:32,N,AAPL,323.39,4.0,323.4,1.0,2.0,0.0,2020-01-29 10:18:32.929683,323.44,323.45,1
2020-01-29 10:18:45,N,AAPL,323.44,10.0,323.45,1.0,6.0,0.0,2020-01-29 10:18:45.818640,323.38,323.4,-1
2020-01-29 10:18:47,N,AAPL,323.38,10.0,323.4,2.0,8.0,0.0,2020-01-29 10:18:47.294695,323.14,323.2,-1
2020-01-29 10:19:26,N,AAPL,323.14,2.0,323.2,1.0,-7.0,-1.0,2020-01-29 10:19:26.123862,323.1,323.12,-1
2020-01-29 10:19:27,N,AAPL,323.1,1.0,323.12,1.0,-1.0,0.0,2020-01-29 10:19:27.348499,323.06,323.08,-1
2020-01-29 10:19:29,N,AAPL,323.06,1.0,323.08,1.0,-3.0,0.0,2020-01-29 10:19:29.136200,323.02,323.03,-1
2020-01-29 10:19:36,N,AAPL,323.02,1.0,323.03,1.0,0.0,0.0,2020-01-29 10:19:36.216011,323.18,323.18,1
2020-01-29 10:19:44,N,AAPL,323.18,1.0,323.18,6.0,-10.0,5.0,2020-01-29 10:19:44.013408,323.17,323.18,0
2020-01-29 10:19:52,N,AAPL,323.17,1.0,323.18,1.0,-12.0,0.0,2020-01-29 10:19:52.394633,323.11,323.12,-1
2020-01-29 10:19:53,N,AAPL,323.11,1.0,323.12,1.0,-2.0,-1.0,2020-01-29 10:19:53.542641,323.51,323.53,1
2020-01-29 10:20:49,N,AAPL,323.51,1.0,323.53,1.0,0.0,0.0,2020-01-29 10:20:49.662623,323.53,323.58,0
2020-01-29 10:21:15,N,AAPL,323.53,2.0,323.58,1.0,1.0,0.0,2020-01-29 10:21:15.403714,323.71,323.73,1
2020-01-29 10:21:23,N,AAPL,323.71,1.0,323.73,1.0,-1.0,0.0,2020-01-29 10:21:23.957836,323.82,323.85,1
2020-01-29 10:21:36,N,AAPL,323.82,1.0,323.85,2.0,0.0,1.0,2020-01-29 10:21:36.190536,323.81,323.82,0
2020-01-29 10:21:55,N,AAPL,323.81,1.0,323.82,2.0,0.0,0.0,2020-01-29 10:21:55.084732,323.72,323.76,-1
2020-01-29 10:21:56,N,AAPL,323.72,1.0,323.76,1.0,-2.0,-10.0,2020-01-29 10:21:56.349529,323.71,323.74,0
2020-01-29 10:21:57,N,AAPL,323.71,1.0,323.74,1.0,0.0,0.0,2020-01-29 10:21:57.277851,323.78,323.8,1
2020-01-29 10:22:00,N,AAPL,323.78,1.0,323.8,1.0,0.0,0.0,2020-01-29 10:22:00.977369,323.75,323.77,-1
2020-01-29 10:22:04,N,AAPL,323.75,1.0,323.77,1.0,0.0,0.0,2020-01-29 10:22:04.929813,323.91,323.93,1
2020-01-29 10:22:17,N,AAPL,323.91,4.0,323.93,1.0,3.0,-1.0,2020-01-29 10:22:17.793963,323.92,323.97,0
2020-01-29 10:22:18,N,AAPL,323.92,2.0,323.97,8.0,-3.0,7.0,2020-01-29 10:22:18.878106,323.96,323.98,0
2020-01-29 10:22:20,N,AAPL,323.96,7.0,323.98,4.0,5.0,-4.0,2020-01-29 10:22:20.546936,324.05,324.09,1
2020-01-29 10:22:31,N,AAPL,324.05,1.0,324.09,2.0,-6.0,1.0,2020-01-29 10:22:31.823260,324.2,324.24,1
2020-01-29 10:22:36,N,AAPL,324.2,1.0,324.24,3.0,0.0,1.0,2020-01-29 10:22:36.234147,324.22,324.25,0
2020-01-29 10:22:39,N,AAPL,324.22,1.0,324.25,2.0,0.0,-1.0,2020-01-29 10:22:39.359773,324.46,324.48,1
2020-01-29 10:22:47,N,AAPL,324.46,1.0,324.48,3.0,-1.0,2.0,2020-01-29 10:22:47.963906,324.43,324.46,0
2020-01-29 10:22:49,N,AAPL,324.43,1.0,324.46,4.0,0.0,1.0,2020-01-29 10:22:49.006965,324.35,324.36,-1
2020-01-29 10:22:50,N,AAPL,324.35,1.0,324.36,1.0,0.0,-2.0,2020-01-29 10:22:50.453618,324.32,324.34,-1
2020-01-29 10:22:51,N,AAPL,324.32,1.0,324.34,1.0,0.0,0.0,2020-01-29 10:22:51.417447,324.27,324.31,-1
2020-01-29 10:22:53,N,AAPL,324.27,1.0,324.31,3.0,0.0,2.0,2020-01-29 10:22:53.137342,324.28,324.29,0
2020-01-29 10:22:54,N,AAPL,324.28,2.0,324.29,1.0,-1.0,-2.0,2020-01-29 10:22:54.858201,324.27,324.29,0
2020-01-29 10:22:57,N,AAPL,324.27,2.0,324.29,1.0,0.0,0.0,2020-01-29 10:22:57.299390,324.22,324.24,-1
2020-01-29 10:22:59,N,AAPL,324.22,1.0,324.24,1.0,-3.0,0.0,2020-01-29 10:22:59.297023,324.23,324.27,0
2020-01-29 10:23:00,N,AAPL,324.23,2.0,324.27,3.0,1.0,2.0,2020-01-29 10:23:00.140876,324.26,324.3,0
2020-01-29 10:23:03,N,AAPL,324.26,3.0,324.3,3.0,1.0,0.0,2020-01-29 10:23:03.669350,324.28,324.3,0
2020-01-29 10:23:05,N,AAPL,324.28,1.0,324.3,1.0,0.0,-2.0,2020-01-29 10:23:05.772903,324.28,324.31,0
2020-01-29 10:23:11,N,AAPL,324.28,2.0,324.31,2.0,1.0,1.0,2020-01-29 10:23:11.028108,324.28,324.28,0
2020-01-29 10:23:12,N,AAPL,324.28,1.0,324.28,1.0,-1.0,0.0,2020-01-29 10:23:12.729254,324.24,324.27,-1
2020-01-29 10:23:17,N,AAPL,324.24,1.0,324.27,1.0,0.0,-2.0,2020-01-29 10:23:17.310327,324.3,324.34,1
2020-01-29 10:23:19,N,AAPL,324.3,1.0,324.34,1.0,-1.0,0.0,2020-01-29 10:23:19.661765,324.24,324.28,-1
2020-01-29 10:23:21,N,AAPL,324.24,1.0,324.28,2.0,0.0,1.0,2020-01-29 10:23:21.684220,324.23,324.26,0
2020-01-29 10:23:22,N,AAPL,324.23,12.0,324.26,2.0,10.0,0.0,2020-01-29 10:23:22.592132,324.3,324.33,1
2020-01-29 10:23:24,N,AAPL,324.3,2.0,324.33,2.0,-1.0,0.0,2020-01-29 10:23:24.658037,324.3,324.36,0
2020-01-29 10:23:25,N,AAPL,324.3,9.0,324.36,1.0,-1.0,-1.0,2020-01-29 10:23:25.739079,324.43,324.43,1
2020-01-29 10:23:34,N,AAPL,324.43,1.0,324.43,1.0,-8.0,0.0,2020-01-29 10:23:34.137842,324.32,324.36,-1
2020-01-29 10:23:50,N,AAPL,324.32,1.0,324.36,4.0,0.0,3.0,2020-01-29 10:23:50.770667,324.31,324.35,0
2020-01-29 10:23:53,N,AAPL,324.31,2.0,324.35,2.0,1.0,-2.0,2020-01-29 10:23:53.852635,324.28,324.3,-1
2020-01-29 10:23:57,N,AAPL,324.28,1.0,324.3,1.0,-1.0,-1.0,2020-01-29 10:23:57.421096,324.4,324.41,1
2020-01-29 10:24:12,N,AAPL,324.4,1.0,324.41,1.0,0.0,0.0,2020-01-29 10:24:12.948637,324.42,324.45,1
2020-01-29 10:24:14,N,AAPL,324.42,1.0,324.45,1.0,-5.0,0.0,2020-01-29 10:24:14.259967,324.48,324.5,1
2020-01-29 10:24:37,N,AAPL,324.48,10.0,324.5,2.0,9.0,1.0,2020-01-29 10:24:37.212854,324.51,324.56,1
2020-01-29 10:24:38,N,AAPL,324.51,2.0,324.56,2.0,-8.0,0.0,2020-01-29 10:24:38.085465,324.49,324.52,0
2020-01-29 10:24:49,N,AAPL,324.49,1.0,324.52,4.0,-2.0,2.0,2020-01-29 10:24:49.339921,324.44,324.48,-1
2020-01-29 10:24:54,N,AAPL,324.44,2.0,324.48,2.0,1.0,-2.0,2020-01-29 10:24:54.831885,324.47,324.48,0
2020-01-29 10:24:56,N,AAPL,324.47,8.0,324.48,1.0,7.0,-1.0,2020-01-29 10:24:56.711483,324.49,324.54,1
2020-01-29 10:25:03,N,AAPL,324.49,1.0,324.54,4.0,0.0,0.0,2020-01-29 10:25:03.474708,324.58,324.62,1
2020-01-29 10:25:12,N,AAPL,324.58,3.0,324.62,1.0,1.0,-3.0,2020-01-29 10:25:12.665130,324.68,324.72,1
2020-01-29 10:25:20,N,AAPL,324.68,3.0,324.72,20.0,0.0,19.0,2020-01-29 10:25:20.091625,324.72,324.73,0
2020-01-29 10:25:34,N,AAPL,324.72,10.0,324.73,5.0,7.0,-15.0,2020-01-29 10:25:34.956141,324.72,324.76,0
2020-01-29 10:25:35,N,AAPL,324.72,1.0,324.76,2.0,-9.0,-3.0,2020-01-29 10:25:35.950007,324.74,324.75,0
2020-01-29 10:25:36,N,AAPL,324.74,10.0,324.75,1.0,9.0,-1.0,2020-01-29 10:25:36.153382,324.67,324.7,-1
2020-01-29 10:25:37,N,AAPL,324.67,2.0,324.7,1.0,0.0,-2.0,2020-01-29 10:25:37.789561,324.65,324.7,0
2020-01-29 10:25:38,N,AAPL,324.65,1.0,324.7,2.0,-1.0,1.0,2020-01-29 10:25:38.790876,324.69,324.74,0
2020-01-29 10:25:47,N,AAPL,324.69,3.0,324.74,2.0,2.0,0.0,2020-01-29 10:25:47.251329,324.65,324.66,-1
2020-01-29 10:25:55,N,AAPL,324.65,1.0,324.66,1.0,-2.0,-1.0,2020-01-29 10:25:55.833328,324.76,324.79,1
2020-01-29 10:26:02,N,AAPL,324.76,4.0,324.79,2.0,1.0,1.0,2020-01-29 10:26:02.661769,324.55,324.58,-1
2020-01-29 10:26:04,N,AAPL,324.55,4.0,324.58,1.0,0.0,-1.0,2020-01-29 10:26:04.970527,324.38,324.39,-1
2020-01-29 10:26:10,N,AAPL,324.38,1.0,324.39,1.0,-3.0,0.0,2020-01-29 10:26:10.691294,324.45,324.46,1
2020-01-29 10:26:23,N,AAPL,324.45,9.0,324.46,7.0,8.0,6.0,2020-01-29 10:26:23.213819,324.46,324.47,0
2020-01-29 10:26:40,N,AAPL,324.46,1.0,324.47,1.0,-3.0,-6.0,2020-01-29 10:26:40.531156,324.5,324.55,1
2020-01-29 10:26:44,N,AAPL,324.5,6.0,324.55,2.0,5.0,1.0,2020-01-29 10:26:44.512909,324.28,324.29,-1
2020-01-29 10:26:56,N,AAPL,324.28,1.0,324.29,2.0,-5.0,0.0,2020-01-29 10:26:56.710701,324.18,324.22,-1
2020-01-29 10:27:14,N,AAPL,324.18,3.0,324.22,1.0,2.0,-1.0,2020-01-29 10:27:14.960556,324.21,324.24,0
2020-01-29 10:27:29,N,AAPL,324.21,2.0,324.24,1.0,-1.0,0.0,2020-01-29 10:27:29.714055,324.38,324.39,1
2020-01-29 10:27:42,N,AAPL,324.38,1.0,324.39,1.0,-1.0,0.0,2020-01-29 10:27:42.666172,324.37,324.41,0
2020-01-29 10:28:19,N,AAPL,324.37,3.0,324.41,3.0,-2.0,1.0,2020-01-29 10:28:19.474403,324.38,324.4,0
2020-01-29 10:28:34,N,AAPL,324.38,1.0,324.4,1.0,-2.0,-2.0,2020-01-29 10:28:34.102064,324.28,324.33,-1
2020-01-29 10:28:45,N,AAPL,324.28,2.0,324.33,3.0,1.0,2.0,2020-01-29 10:28:45.203936,324.27,324.31,0
2020-01-29 10:29:02,N,AAPL,324.27,3.0,324.31,1.0,1.0,-2.0,2020-01-29 10:29:02.078718,324.37,324.39,1
2020-01-29 10:29:34,N,AAPL,324.37,1.0,324.39,4.0,-2.0,3.0,2020-01-29 10:29:34.267564,324.31,324.34,-1
2020-01-29 10:29:48,N,AAPL,324.31,10.0,324.34,1.0,9.0,-3.0,2020-01-29 10:29:48.220383,324.31,324.34,0
2020-01-29 10:29:49,N,AAPL,324.31,1.0,324.34,2.0,-9.0,1.0,2020-01-29 10:29:49.146714,324.42,324.44,1
2020-01-29 10:30:18,N,AAPL,324.42,2.0,324.44,2.0,1.0,0.0,2020-01-29 10:30:18.737709,324.43,324.44,0
2020-01-29 10:30:20,N,AAPL,324.43,1.0,324.44,1.0,-1.0,-1.0,2020-01-29 10:30:20.263706,324.42,324.45,0
2020-01-29 10:30:21,N,AAPL,324.42,5.0,324.45,1.0,4.0,0.0,2020-01-29 10:30:21.705456,324.42,324.44,0
2020-01-29 10:30:33,N,AAPL,324.42,7.0,324.44,4.0,2.0,3.0,2020-01-29 10:30:33.037209,324.2,324.25,-1
2020-01-29 10:31:12,N,AAPL,324.2,78.0,324.25,2.0,74.0,1.0,2020-01-29 10:31:12.132514,324.22,324.26,0
2020-01-29 10:31:13,N,AAPL,324.22,4.0,324.26,3.0,-6.0,2.0,2020-01-29 10:31:13.118362,324.28,324.31,1
2020-01-29 10:31:18,N,AAPL,324.28,3.0,324.31,1.0,-1.0,-2.0,2020-01-29 10:31:18.222008,324.28,324.32,0
2020-01-29 10:31:20,N,AAPL,324.28,7.0,324.32,1.0,4.0,0.0,2020-01-29 10:31:20.241725,324.59,324.6,1
2020-01-29 10:31:46,N,AAPL,324.59,6.0,324.6,1.0,4.0,-1.0,2020-01-29 10:31:46.773185,324.64,324.71,1
2020-01-29 10:31:48,N,AAPL,324.64,5.0,324.71,4.0,-1.0,3.0,2020-01-29 10:31:48.905769,325.1,325.1,1
2020-01-29 10:32:46,N,AAPL,325.1,1.0,325.1,1.0,-4.0,-3.0,2020-01-29 10:32:46.343625,325.08,325.12,0
2020-01-29 10:32:48,N,AAPL,325.08,2.0,325.12,5.0,-3.0,-8.0,2020-01-29 10:32:48.186063,325.16,325.19,1
2020-01-29 10:33:03,N,AAPL,325.16,1.0,325.19,1.0,-2.0,-4.0,2020-01-29 10:33:03.252558,325.06,325.11,-1
2020-01-29 10:33:11,N,AAPL,325.06,1.0,325.11,2.0,0.0,1.0,2020-01-29 10:33:11.652781,324.8,324.85,-1
2020-01-29 10:33:53,N,AAPL,324.8,2.0,324.85,2.0,-1.0,0.0,2020-01-29 10:33:53.011996,324.94,324.98,1
2020-01-29 10:34:11,N,AAPL,324.94,1.0,324.98,2.0,-1.0,0.0,2020-01-29 10:34:11.730277,324.68,324.74,-1
2020-01-29 10:34:26,N,AAPL,324.68,2.0,324.74,5.0,1.0,3.0,2020-01-29 10:34:26.564814,324.58,324.62,-1
2020-01-29 10:35:17,N,AAPL,324.58,1.0,324.62,4.0,-1.0,-1.0,2020-01-29 10:35:17.853612,324.63,324.64,1
2020-01-29 10:36:18,N,AAPL,324.63,10.0,324.64,2.0,9.0,-2.0,2020-01-29 10:36:18.194905,324.63,324.68,0
2020-01-29 10:36:19,N,AAPL,324.63,3.0,324.68,2.0,0.0,1.0,2020-01-29 10:36:19.174269,324.76,324.79,1
2020-01-29 10:36:25,N,AAPL,324.76,4.0,324.79,1.0,1.0,-1.0,2020-01-29 10:36:25.797359,324.78,324.8,0
2020-01-29 10:36:28,N,AAPL,324.78,3.0,324.8,3.0,-1.0,2.0,2020-01-29 10:36:28.365152,324.85,324.89,1
2020-01-29 10:36:31,N,AAPL,324.85,5.0,324.89,2.0,1.0,1.0,2020-01-29 10:36:31.343086,324.88,324.89,0
2020-01-29 10:36:32,N,AAPL,324.88,8.0,324.89,4.0,-2.0,0.0,2020-01-29 10:36:32.906396,324.85,324.87,-1
2020-01-29 10:36:33,N,AAPL,324.85,2.0,324.87,1.0,-1.0,-3.0,2020-01-29 10:36:33.267607,324.68,324.71,-1
2020-01-29 10:37:51,N,AAPL,324.68,1.0,324.71,1.0,-1.0,-1.0,2020-01-29 10:37:51.394478,324.54,324.59,-1
2020-01-29 10:37:52,N,AAPL,324.54,2.0,324.59,1.0,1.0,-1.0,2020-01-29 10:37:52.997708,324.65,324.7,1
2020-01-29 10:38:29,N,AAPL,324.65,2.0,324.7,4.0,0.0,1.0,2020-01-29 10:38:29.658751,324.99,325.0,1
2020-01-29 10:39:45,N,AAPL,324.99,4.0,325.0,26.0,2.0,22.0,2020-01-29 10:39:45.336149,325.14,325.15,1
2020-01-29 10:40:01,N,AAPL,325.14,2.0,325.15,1.0,-1.0,0.0,2020-01-29 10:40:01.526571,325.29,325.34,1
2020-01-29 10:40:21,N,AAPL,325.29,1.0,325.34,2.0,-1.0,1.0,2020-01-29 10:40:21.781476,325.19,325.2,-1
2020-01-29 10:40:22,N,AAPL,325.19,3.0,325.2,1.0,2.0,-1.0,2020-01-29 10:40:22.919550,325.28,325.32,1
2020-01-29 10:40:34,N,AAPL,325.28,2.0,325.32,2.0,-1.0,1.0,2020-01-29 10:40:34.163081,325.2,325.23,-1
2020-01-29 10:41:38,N,AAPL,325.2,2.0,325.23,1.0,0.0,-1.0,2020-01-29 10:41:38.351360,325.04,325.08,-1
2020-01-29 10:42:43,N,AAPL,325.04,2.0,325.08,1.0,0.0,0.0,2020-01-29 10:42:43.720877,325.04,325.07,0
2020-01-29 10:42:52,N,AAPL,325.04,2.0,325.07,1.0,0.0,0.0,2020-01-29 10:42:52.218228,324.88,324.94,-1
2020-01-29 10:42:54,N,AAPL,324.88,2.0,324.94,2.0,-1.0,1.0,2020-01-29 10:42:54.046010,325.05,325.07,1
2020-01-29 10:43:22,N,AAPL,325.05,9.0,325.07,5.0,7.0,3.0,2020-01-29 10:43:22.986609,325.19,325.22,1
2020-01-29 10:45:23,N,AAPL,325.19,2.0,325.22,1.0,-1.0,-4.0,2020-01-29 10:45:23.681023,325.24,325.27,1
2020-01-29 10:46:09,N,AAPL,325.24,3.0,325.27,1.0,0.0,0.0,2020-01-29 10:46:09.258372,325.45,325.46,1
2020-01-29 10:46:36,N,AAPL,325.45,1.0,325.46,1.0,-2.0,0.0,2020-01-29 10:46:36.551063,325.32,325.33,-1
2020-01-29 10:46:44,N,AAPL,325.32,34.0,325.33,1.0,33.0,0.0,2020-01-29 10:46:44.669502,325.09,325.13,-1
2020-01-29 10:47:01,N,AAPL,325.09,1.0,325.13,3.0,-30.0,2.0,2020-01-29 10:47:01.030846,325.06,325.1,0
2020-01-29 10:47:04,N,AAPL,325.06,2.0,325.1,2.0,1.0,-1.0,2020-01-29 10:47:04.201749,324.96,324.98,-1
2020-01-29 10:47:06,N,AAPL,324.96,1.0,324.98,4.0,-1.0,2.0,2020-01-29 10:47:06.762505,324.88,324.92,-1
2020-01-29 10:47:21,N,AAPL,324.88,1.0,324.92,4.0,0.0,0.0,2020-01-29 10:47:21.131388,325.12,325.15,1
2020-01-29 10:48:11,N,AAPL,325.12,1.0,325.15,1.0,-1.0,-4.0,2020-01-29 10:48:11.866093,325.06,325.09,-1
2020-01-29 10:48:12,N,AAPL,325.06,1.0,325.09,4.0,0.0,3.0,2020-01-29 10:48:12.679496,325.0,325.02,-1
2020-01-29 10:48:17,N,AAPL,325.0,3.0,325.02,1.0,1.0,-1.0,2020-01-29 10:48:17.041515,324.99,325.0,0
2020-01-29 10:48:18,N,AAPL,324.99,2.0,325.0,1.0,-1.0,0.0,2020-01-29 10:48:18.407344,324.96,325.02,0
2020-01-29 10:48:26,N,AAPL,324.96,2.0,325.02,3.0,0.0,-1.0,2020-01-29 10:48:26.713131,324.88,324.89,-1
2020-01-29 10:48:33,N,AAPL,324.88,4.0,324.89,1.0,2.0,-2.0,2020-01-29 10:48:33.624939,324.94,324.96,1
2020-01-29 10:50:42,N,AAPL,324.94,2.0,324.96,1.0,1.0,0.0,2020-01-29 10:50:42.523194,325.13,325.16,1
2020-01-29 10:51:20,N,AAPL,325.13,4.0,325.16,2.0,3.0,1.0,2020-01-29 10:51:20.661158,325.02,325.04,-1
2020-01-29 10:52:10,N,AAPL,325.02,2.0,325.04,1.0,-2.0,-1.0,2020-01-29 10:52:10.047823,324.79,324.8,-1
2020-01-29 10:52:25,N,AAPL,324.79,2.0,324.8,1.0,0.0,0.0,2020-01-29 10:52:25.240109,324.76,324.79,0
2020-01-29 10:52:30,N,AAPL,324.76,2.0,324.79,1.0,0.0,0.0,2020-01-29 10:52:30.728993,324.73,324.74,-1
2020-01-29 10:52:43,N,AAPL,324.73,4.0,324.74,1.0,2.0,0.0,2020-01-29 10:52:43.205637,324.72,324.75,0
2020-01-29 10:52:51,N,AAPL,324.72,2.0,324.75,1.0,-2.0,0.0,2020-01-29 10:52:51.071351,324.76,324.81,1
2020-01-29 10:52:54,N,AAPL,324.76,2.0,324.81,4.0,0.0,3.0,2020-01-29 10:52:54.703278,324.71,324.74,-1
2020-01-29 10:53:04,N,AAPL,324.71,2.0,324.74,2.0,0.0,-2.0,2020-01-29 10:53:04.190095,324.67,324.72,0
2020-01-29 10:53:08,N,AAPL,324.67,4.0,324.72,3.0,2.0,1.0,2020-01-29 10:53:08.634758,324.58,324.6,-1
2020-01-29 10:53:10,N,AAPL,324.58,20.0,324.6,1.0,16.0,-2.0,2020-01-29 10:53:10.398148,324.62,324.64,1
2020-01-29 10:53:15,N,AAPL,324.62,1.0,324.64,2.0,-5.0,1.0,2020-01-29 10:53:15.927247,324.67,324.72,1
2020-01-29 10:53:47,N,AAPL,324.67,1.0,324.72,2.0,0.0,0.0,2020-01-29 10:53:47.637985,324.92,324.95,1
2020-01-29 10:54:04,N,AAPL,324.92,2.0,324.95,2.0,1.0,0.0,2020-01-29 10:54:04.655105,324.97,324.98,1
2020-01-29 10:54:28,N,AAPL,324.97,1.0,324.98,1.0,-1.0,-1.0,2020-01-29 10:54:28.050418,324.88,324.93,-1
2020-01-29 10:54:35,N,AAPL,324.88,4.0,324.93,1.0,-2.0,0.0,2020-01-29 10:54:35.763647,325.01,325.03,1
2020-01-29 10:54:57,N,AAPL,325.01,2.0,325.03,10.0,-2.0,9.0,2020-01-29 10:54:57.335011,325.01,325.03,0
2020-01-29 10:54:58,N,AAPL,325.01,2.0,325.03,1.0,0.0,-9.0,2020-01-29 10:54:58.331036,325.07,325.09,1
2020-01-29 10:55:01,N,AAPL,325.07,1.0,325.09,1.0,-6.0,-5.0,2020-01-29 10:55:01.310339,324.88,324.89,-1
2020-01-29 10:55:04,N,AAPL,324.88,1.0,324.89,9.0,0.0,8.0,2020-01-29 10:55:04.744070,324.78,324.79,-1
2020-01-29 10:55:05,N,AAPL,324.78,2.0,324.79,1.0,1.0,-8.0,2020-01-29 10:55:05.379156,324.76,324.76,-1
2020-01-29 10:55:07,N,AAPL,324.76,1.0,324.76,1.0,-3.0,0.0,2020-01-29 10:55:07.798856,324.72,324.73,-1
2020-01-29 10:55:08,N,AAPL,324.72,7.0,324.73,9.0,3.0,7.0,2020-01-29 10:55:08.625615,324.77,324.77,1
2020-01-29 10:55:38,N,AAPL,324.77,1.0,324.77,1.0,-9.0,0.0,2020-01-29 10:55:38.341657,324.76,324.8,0
2020-01-29 10:55:49,N,AAPL,324.76,1.0,324.8,2.0,-1.0,1.0,2020-01-29 10:55:49.067592,324.78,324.82,0
2020-01-29 10:55:58,N,AAPL,324.78,8.0,324.82,4.0,7.0,2.0,2020-01-29 10:55:58.247390,324.76,324.78,0
2020-01-29 10:55:59,N,AAPL,324.76,1.0,324.78,1.0,-7.0,-3.0,2020-01-29 10:55:59.836992,324.87,324.91,1
2020-01-29 10:56:39,N,AAPL,324.87,1.0,324.91,2.0,0.0,1.0,2020-01-29 10:56:39.445726,324.78,324.82,-1
2020-01-29 10:58:04,N,AAPL,324.78,2.0,324.82,2.0,1.0,0.0,2020-01-29 10:58:04.706182,325.66,325.68,1
2020-01-29 11:00:49,N,AAPL,325.66,3.0,325.68,1.0,1.0,-1.0,2020-01-29 11:00:49.945668,325.69,325.73,1
2020-01-29 11:01:45,N,AAPL,325.69,1.0,325.73,1.0,-2.0,0.0,2020-01-29 11:01:45.529118,325.84,325.87,1
2020-01-29 11:02:26,N,AAPL,325.84,2.0,325.87,1.0,1.0,0.0,2020-01-29 11:02:26.199699,325.85,325.86,0
2020-01-29 11:02:28,N,AAPL,325.85,10.0,325.86,1.0,8.0,0.0,2020-01-29 11:02:28.872392,325.85,325.86,0
2020-01-29 11:02:29,N,AAPL,325.85,8.0,325.86,2.0,-1.0,1.0,2020-01-29 11:02:29.636717,325.8,325.84,-1
2020-01-29 11:02:33,N,AAPL,325.8,10.0,325.84,1.0,9.0,-1.0,2020-01-29 11:02:33.751043,325.83,325.85,0
2020-01-29 11:02:34,N,AAPL,325.83,5.0,325.85,5.0,-5.0,4.0,2020-01-29 11:02:34.120386,325.81,325.82,-1
2020-01-29 11:02:35,N,AAPL,325.81,10.0,325.82,1.0,5.0,-4.0,2020-01-29 11:02:35.190751,325.81,325.84,0
2020-01-29 11:02:36,N,AAPL,325.81,3.0,325.84,1.0,-7.0,0.0,2020-01-29 11:02:36.185564,325.78,325.81,0
2020-01-29 11:02:40,N,AAPL,325.78,3.0,325.81,2.0,0.0,1.0,2020-01-29 11:02:40.092714,325.86,325.88,1
2020-01-29 11:03:23,N,AAPL,325.86,1.0,325.88,4.0,-2.0,2.0,2020-01-29 11:03:23.041652,325.8,325.82,-1
2020-01-29 11:03:24,N,AAPL,325.8,2.0,325.82,1.0,1.0,-3.0,2020-01-29 11:03:24.231693,325.67,325.69,-1
2020-01-29 11:03:51,N,AAPL,325.67,1.0,325.69,3.0,-1.0,2.0,2020-01-29 11:03:51.872335,325.75,325.77,1
2020-01-29 11:04:05,N,AAPL,325.75,2.0,325.77,3.0,1.0,0.0,2020-01-29 11:04:05.329500,325.73,325.74,-1
2020-01-29 11:04:29,N,AAPL,325.73,1.0,325.74,1.0,-1.0,-1.0,2020-01-29 11:04:29.439493,325.73,325.76,0
2020-01-29 11:04:30,N,AAPL,325.73,1.0,325.76,2.0,0.0,1.0,2020-01-29 11:04:30.426415,325.64,325.67,-1
2020-01-29 11:04:50,N,AAPL,325.64,1.0,325.67,1.0,0.0,-1.0,2020-01-29 11:04:50.891111,325.64,325.66,0
2020-01-29 11:04:55,N,AAPL,325.64,1.0,325.66,6.0,0.0,5.0,2020-01-29 11:04:55.314026,325.51,325.53,-1
2020-01-29 11:05:06,N,AAPL,325.51,3.0,325.53,1.0,2.0,-1.0,2020-01-29 11:05:06.912525,325.51,325.54,0
2020-01-29 11:05:12,N,AAPL,325.51,1.0,325.54,1.0,-2.0,0.0,2020-01-29 11:05:12.608496,325.62,325.64,1
2020-01-29 11:05:47,N,AAPL,325.62,2.0,325.64,1.0,1.0,0.0,2020-01-29 11:05:47.840440,325.6,325.66,0
2020-01-29 11:05:58,N,AAPL,325.6,3.0,325.66,1.0,1.0,0.0,2020-01-29 11:05:58.324464,325.39,325.4,-1
2020-01-29 11:07:10,N,AAPL,325.39,3.0,325.4,1.0,0.0,0.0,2020-01-29 11:07:10.190598,325.33,325.36,-1
2020-01-29 11:07:20,N,AAPL,325.33,2.0,325.36,1.0,-1.0,0.0,2020-01-29 11:07:20.176877,325.37,325.41,1
2020-01-29 11:07:34,N,AAPL,325.37,2.0,325.41,2.0,0.0,1.0,2020-01-29 11:07:34.526323,325.44,325.48,1
2020-01-29 11:07:47,N,AAPL,325.44,2.0,325.48,2.0,0.0,0.0,2020-01-29 11:07:47.134038,325.87,325.89,1
2020-01-29 11:09:22,N,AAPL,325.87,3.0,325.89,1.0,1.0,-1.0,2020-01-29 11:09:22.928891,325.86,325.89,0
2020-01-29 11:09:26,N,AAPL,325.86,1.0,325.89,1.0,-2.0,0.0,2020-01-29 11:09:26.915384,325.77,325.79,-1
2020-01-29 11:09:53,N,AAPL,325.77,1.0,325.79,1.0,0.0,0.0,2020-01-29 11:09:53.866472,326.05,326.08,1
2020-01-29 11:10:18,N,AAPL,326.05,1.0,326.08,2.0,0.0,1.0,2020-01-29 11:10:18.567001,326.22,326.24,1
2020-01-29 11:12:47,N,AAPL,326.22,1.0,326.24,6.0,0.0,5.0,2020-01-29 11:12:47.705642,326.29,326.31,1
2020-01-29 11:13:05,N,AAPL,326.29,1.0,326.31,1.0,0.0,-5.0,2020-01-29 11:13:05.587321,326.47,326.49,1
2020-01-29 11:13:20,N,AAPL,326.47,2.0,326.49,2.0,1.0,1.0,2020-01-29 11:13:20.278340,326.54,326.56,1
2020-01-29 11:14:15,N,AAPL,326.54,3.0,326.56,2.0,1.0,0.0,2020-01-29 11:14:15.571810,326.48,326.5,-1
2020-01-29 11:14:25,N,AAPL,326.48,1.0,326.5,1.0,-2.0,-1.0,2020-01-29 11:14:25.511429,326.34,326.4,-1
2020-01-29 11:14:45,N,AAPL,326.34,1.0,326.4,2.0,0.0,1.0,2020-01-29 11:14:45.097228,326.46,326.5,1
2020-01-29 11:15:37,N,AAPL,326.46,2.0,326.5,10.0,-5.0,8.0,2020-01-29 11:15:37.675392,326.69,326.73,1
2020-01-29 11:16:29,N,AAPL,326.69,3.0,326.73,2.0,2.0,-8.0,2020-01-29 11:16:29.716543,326.65,326.69,0
2020-01-29 11:17:18,N,AAPL,326.65,4.0,326.69,1.0,1.0,-1.0,2020-01-29 11:17:18.199637,326.65,326.67,0
2020-01-29 11:17:37,N,AAPL,326.65,1.0,326.67,2.0,-3.0,1.0,2020-01-29 11:17:37.165150,326.71,326.72,1
2020-01-29 11:18:01,N,AAPL,326.71,5.0,326.72,1.0,4.0,-1.0,2020-01-29 11:18:01.108089,326.75,326.77,1
2020-01-29 11:18:10,N,AAPL,326.75,1.0,326.77,3.0,-4.0,2.0,2020-01-29 11:18:10.271580,326.53,326.55,-1
2020-01-29 11:19:25,N,AAPL,326.53,7.0,326.55,1.0,6.0,-2.0,2020-01-29 11:19:25.533395,326.24,326.26,-1
2020-01-29 11:20:30,N,AAPL,326.24,1.0,326.26,2.0,-5.0,1.0,2020-01-29 11:20:30.058894,326.23,326.24,0
2020-01-29 11:20:37,N,AAPL,326.23,1.0,326.24,1.0,-1.0,-1.0,2020-01-29 11:20:37.892616,326.23,326.26,0
2020-01-29 11:20:38,N,AAPL,326.23,2.0,326.26,1.0,1.0,0.0,2020-01-29 11:20:38.234130,326.23,326.25,0
2020-01-29 11:20:39,N,AAPL,326.23,4.0,326.25,1.0,2.0,0.0,2020-01-29 11:20:39.760921,326.25,326.27,0
2020-01-29 11:20:44,N,AAPL,326.25,3.0,326.27,1.0,1.0,0.0,2020-01-29 11:20:44.773733,326.43,326.44,1
2020-01-29 11:21:03,N,AAPL,326.43,1.0,326.44,1.0,0.0,0.0,2020-01-29 11:21:03.327382,326.48,326.5,1
2020-01-29 11:21:41,N,AAPL,326.48,4.0,326.5,4.0,3.0,3.0,2020-01-29 11:21:41.292043,326.32,326.34,-1
2020-01-29 11:22:20,N,AAPL,326.32,1.0,326.34,4.0,-3.0,0.0,2020-01-29 11:22:20.585437,326.6,326.62,1
2020-01-29 11:22:56,N,AAPL,326.6,1.0,326.62,1.0,0.0,-1.0,2020-01-29 11:22:56.027417,326.56,326.58,-1
2020-01-29 11:22:57,N,AAPL,326.56,2.0,326.58,1.0,0.0,0.0,2020-01-29 11:22:57.785465,326.54,326.56,0
2020-01-29 11:22:59,N,AAPL,326.54,1.0,326.56,1.0,-1.0,0.0,2020-01-29 11:22:59.234479,326.67,326.69,1
2020-01-29 11:23:12,N,AAPL,326.67,2.0,326.69,10.0,1.0,9.0,2020-01-29 11:23:12.351885,326.61,326.63,-1
2020-01-29 11:23:14,N,AAPL,326.61,3.0,326.63,1.0,1.0,-9.0,2020-01-29 11:23:14.821560,326.6,326.62,0
2020-01-29 11:23:15,N,AAPL,326.6,1.0,326.62,2.0,-2.0,1.0,2020-01-29 11:23:15.832131,326.75,326.76,1
2020-01-29 11:23:35,N,AAPL,326.75,1.0,326.76,4.0,0.0,2.0,2020-01-29 11:23:35.608857,326.76,326.8,0
2020-01-29 11:23:53,N,AAPL,326.76,3.0,326.8,14.0,2.0,10.0,2020-01-29 11:23:53.159224,326.8,326.82,0
2020-01-29 11:23:56,N,AAPL,326.8,2.0,326.82,1.0,-1.0,-13.0,2020-01-29 11:23:56.489832,326.73,326.76,-1
2020-01-29 11:24:09,N,AAPL,326.73,2.0,326.76,1.0,0.0,0.0,2020-01-29 11:24:09.616535,326.8,326.84,1
2020-01-29 11:24:22,N,AAPL,326.8,2.0,326.84,2.0,0.0,1.0,2020-01-29 11:24:22.764589,326.77,326.8,0
2020-01-29 11:24:41,N,AAPL,326.77,1.0,326.8,1.0,-1.0,-1.0,2020-01-29 11:24:41.925919,326.85,326.87,1
2020-01-29 11:24:48,N,AAPL,326.85,1.0,326.87,1.0,0.0,0.0,2020-01-29 11:24:48.891276,326.88,326.89,1
2020-01-29 11:24:57,N,AAPL,326.88,4.0,326.89,7.0,2.0,6.0,2020-01-29 11:24:57.433603,326.89,326.9,0
2020-01-29 11:25:04,N,AAPL,326.89,2.0,326.9,1.0,-1.0,0.0,2020-01-29 11:25:04.163879,326.9,326.91,0
2020-01-29 11:25:13,N,AAPL,326.9,1.0,326.91,2.0,-1.0,1.0,2020-01-29 11:25:13.193586,326.74,326.75,-1
2020-01-29 11:25:29,N,AAPL,326.74,1.0,326.75,1.0,-2.0,-1.0,2020-01-29 11:25:29.316397,326.71,326.7,-1
2020-01-29 11:25:35,N,AAPL,326.71,1.0,326.7,6.0,0.0,5.0,2020-01-29 11:25:35.719192,326.7,326.72,0
2020-01-29 11:26:27,N,AAPL,326.7,1.0,326.72,2.0,0.0,-4.0,2020-01-29 11:26:27.909582,326.66,326.7,0
2020-01-29 11:26:35,N,AAPL,326.66,2.0,326.7,4.0,0.0,2.0,2020-01-29 11:26:35.771680,326.69,326.69,0
2020-01-29 11:27:05,N,AAPL,326.69,1.0,326.69,1.0,-1.0,0.0,2020-01-29 11:27:05.636494,326.64,326.65,-1
2020-01-29 11:27:42,N,AAPL,326.64,6.0,326.65,1.0,5.0,-1.0,2020-01-29 11:27:42.354530,326.71,326.75,1
2020-01-29 11:28:07,N,AAPL,326.71,1.0,326.75,3.0,-5.0,2.0,2020-01-29 11:28:07.269260,326.92,326.94,1
2020-01-29 11:29:36,N,AAPL,326.92,2.0,326.94,1.0,1.0,-2.0,2020-01-29 11:29:36.950087,326.92,326.95,0
2020-01-29 11:29:41,N,AAPL,326.92,22.0,326.95,1.0,20.0,0.0,2020-01-29 11:29:41.263511,326.92,326.93,0
2020-01-29 11:29:49,N,AAPL,326.92,1.0,326.93,1.0,-21.0,0.0,2020-01-29 11:29:49.806734,326.85,326.87,-1
2020-01-29 11:29:58,N,AAPL,326.85,264.0,326.87,1.0,263.0,0.0,2020-01-29 11:29:58.251886,326.94,326.95,1
2020-01-29 11:30:32,N,AAPL,326.94,1.0,326.95,4.0,-263.0,3.0,2020-01-29 11:30:32.139001,326.94,326.95,0
2020-01-29 11:30:33,N,AAPL,326.94,1.0,326.95,5.0,-2.0,1.0,2020-01-29 11:30:33.012069,326.8,326.83,-1
2020-01-29 11:30:50,N,AAPL,326.8,1.0,326.83,2.0,-2.0,1.0,2020-01-29 11:30:50.361857,326.91,326.94,1
2020-01-29 11:31:18,N,AAPL,326.91,2.0,326.94,1.0,1.0,-1.0,2020-01-29 11:31:18.721013,327.0,327.02,1
2020-01-29 11:32:28,N,AAPL,327.0,3.0,327.02,1.0,1.0,0.0,2020-01-29 11:32:28.728114,327.1,327.11,1
2020-01-29 11:32:31,N,AAPL,327.1,6.0,327.11,12.0,3.0,11.0,2020-01-29 11:32:31.521793,327.02,327.06,-1
2020-01-29 11:32:46,N,AAPL,327.02,2.0,327.06,2.0,-4.0,-10.0,2020-01-29 11:32:46.791898,326.98,326.99,-1
2020-01-29 11:33:18,N,AAPL,326.98,4.0,326.99,1.0,2.0,-1.0,2020-01-29 11:33:18.784898,327.04,327.08,1
2020-01-29 11:33:20,N,AAPL,327.04,4.0,327.08,2.0,0.0,1.0,2020-01-29 11:33:20.137809,326.92,326.94,-1
2020-01-29 11:33:40,N,AAPL,326.92,1.0,326.94,2.0,-3.0,0.0,2020-01-29 11:33:40.498457,326.81,326.85,-1
2020-01-29 11:33:59,N,AAPL,326.81,2.0,326.85,13.0,0.0,11.0,2020-01-29 11:33:59.275581,326.61,326.66,-1
2020-01-29 11:34:41,N,AAPL,326.61,1.0,326.66,2.0,-1.0,-11.0,2020-01-29 11:34:41.743410,326.46,326.5,-1
2020-01-29 11:34:53,N,AAPL,326.46,1.0,326.5,1.0,0.0,-1.0,2020-01-29 11:34:53.441737,326.49,326.54,0
2020-01-29 11:34:54,N,AAPL,326.49,2.0,326.54,3.0,-7.0,1.0,2020-01-29 11:34:54.447539,326.43,326.45,-1
2020-01-29 11:35:11,N,AAPL,326.43,1.0,326.45,1.0,-1.0,-2.0,2020-01-29 11:35:11.759330,326.41,326.44,0
2020-01-29 11:35:13,N,AAPL,326.41,50.0,326.44,7.0,49.0,6.0,2020-01-29 11:35:13.816729,326.62,326.67,1
2020-01-29 11:35:39,N,AAPL,326.62,2.0,326.67,2.0,-48.0,-5.0,2020-01-29 11:35:39.263059,326.66,326.68,0
2020-01-29 11:35:52,N,AAPL,326.66,2.0,326.68,1.0,0.0,0.0,2020-01-29 11:35:52.928914,326.6,326.63,-1
2020-01-29 11:35:59,N,AAPL,326.6,7.0,326.63,2.0,5.0,1.0,2020-01-29 11:35:59.976960,326.66,326.68,1
2020-01-29 11:36:00,N,AAPL,326.66,1.0,326.68,3.0,-6.0,1.0,2020-01-29 11:36:00.408132,326.8,326.83,1
2020-01-29 11:36:27,N,AAPL,326.8,3.0,326.83,8.0,1.0,5.0,2020-01-29 11:36:27.490239,326.79,326.81,0
2020-01-29 11:36:28,N,AAPL,326.79,1.0,326.81,2.0,-2.0,-6.0,2020-01-29 11:36:28.416035,326.66,326.68,-1
2020-01-29 11:36:39,N,AAPL,326.66,5.0,326.68,4.0,4.0,-6.0,2020-01-29 11:36:39.683184,326.59,326.63,-1
2020-01-29 11:36:50,N,AAPL,326.59,2.0,326.63,2.0,-3.0,-2.0,2020-01-29 11:36:50.568379,326.45,326.46,-1
2020-01-29 11:37:26,N,AAPL,326.45,1.0,326.46,1.0,-1.0,-1.0,2020-01-29 11:37:26.137342,326.27,326.3,-1
2020-01-29 11:37:58,N,AAPL,326.27,20.0,326.3,1.0,19.0,0.0,2020-01-29 11:37:58.590072,326.34,326.36,1
2020-01-29 11:38:02,N,AAPL,326.34,1.0,326.36,3.0,-19.0,2.0,2020-01-29 11:38:02.960762,326.42,326.43,1
2020-01-29 11:38:18,N,AAPL,326.42,1.0,326.43,2.0,-1.0,1.0,2020-01-29 11:38:18.335514,326.35,326.36,-1
2020-01-29 11:38:31,N,AAPL,326.35,1.0,326.36,12.0,0.0,10.0,2020-01-29 11:38:31.697427,326.39,326.41,1
2020-01-29 11:39:01,N,AAPL,326.39,1.0,326.41,7.0,0.0,6.0,2020-01-29 11:39:01.986591,326.39,326.4,0
2020-01-29 11:39:06,N,AAPL,326.39,1.0,326.4,2.0,0.0,-5.0,2020-01-29 11:39:06.654518,326.39,326.4,0
2020-01-29 11:39:07,N,AAPL,326.39,1.0,326.4,2.0,-1.0,1.0,2020-01-29 11:39:07.470796,326.31,326.33,-1
2020-01-29 11:39:24,N,AAPL,326.31,1.0,326.33,1.0,0.0,-1.0,2020-01-29 11:39:24.011093,326.35,326.39,1
2020-01-29 11:39:35,N,AAPL,326.35,1.0,326.39,2.0,0.0,1.0,2020-01-29 11:39:35.753909,326.63,326.65,1
2020-01-29 11:40:05,N,AAPL,326.63,1.0,326.65,11.0,0.0,9.0,2020-01-29 11:40:05.889332,326.61,326.63,0
2020-01-29 11:40:16,N,AAPL,326.61,1.0,326.63,1.0,0.0,-10.0,2020-01-29 11:40:16.700539,326.62,326.63,0
2020-01-29 11:40:41,N,AAPL,326.62,1.0,326.63,4.0,0.0,3.0,2020-01-29 11:40:41.996396,326.62,326.63,0
2020-01-29 11:40:43,N,AAPL,326.62,1.0,326.63,4.0,0.0,2.0,2020-01-29 11:40:43.594002,326.7,326.73,1
2020-01-29 11:40:51,N,AAPL,326.7,4.0,326.73,1.0,3.0,-3.0,2020-01-29 11:40:51.572416,326.74,326.76,1
2020-01-29 11:40:56,N,AAPL,326.74,2.0,326.76,11.0,-2.0,10.0,2020-01-29 11:40:56.284992,326.84,326.86,1
2020-01-29 11:41:00,N,AAPL,326.84,4.0,326.86,1.0,3.0,-8.0,2020-01-29 11:41:00.269396,326.72,326.73,-1
2020-01-29 11:41:24,N,AAPL,326.72,1.0,326.73,1.0,0.0,0.0,2020-01-29 11:41:24.012012,326.7,326.73,0
2020-01-29 11:41:30,N,AAPL,326.7,2.0,326.73,1.0,1.0,0.0,2020-01-29 11:41:30.059366,326.54,326.55,-1
2020-01-29 11:42:00,N,AAPL,326.54,1.0,326.55,3.0,-1.0,2.0,2020-01-29 11:42:00.028766,326.61,326.62,1
2020-01-29 11:42:19,N,AAPL,326.61,5.0,326.62,1.0,4.0,0.0,2020-01-29 11:42:19.794999,326.78,326.82,1
2020-01-29 11:42:59,N,AAPL,326.78,3.0,326.82,3.0,-2.0,2.0,2020-01-29 11:42:59.888320,326.97,326.98,1
2020-01-29 11:43:23,N,AAPL,326.97,1.0,326.98,4.0,-2.0,1.0,2020-01-29 11:43:23.003334,326.85,326.87,-1
2020-01-29 11:43:39,N,AAPL,326.85,2.0,326.87,1.0,1.0,-3.0,2020-01-29 11:43:39.416879,326.79,326.81,-1
2020-01-29 11:44:25,N,AAPL,326.79,2.0,326.81,1.0,0.0,0.0,2020-01-29 11:44:25.170236,326.64,326.66,-1
2020-01-29 11:44:34,N,AAPL,326.64,4.0,326.66,2.0,2.0,1.0,2020-01-29 11:44:34.953208,326.92,326.93,1
2020-01-29 11:46:24,N,AAPL,326.92,1.0,326.93,4.0,-3.0,2.0,2020-01-29 11:46:24.836721,326.93,326.94,0
2020-01-29 11:46:26,N,AAPL,326.93,1.0,326.94,3.0,0.0,-1.0,2020-01-29 11:46:26.251057,326.93,326.95,0
2020-01-29 11:46:27,N,AAPL,326.93,1.0,326.95,2.0,0.0,-1.0,2020-01-29 11:46:27.661478,326.88,326.89,-1
2020-01-29 11:46:33,N,AAPL,326.88,1.0,326.89,1.0,0.0,-1.0,2020-01-29 11:46:33.368474,327.04,327.05,1
2020-01-29 11:46:43,N,AAPL,327.04,1.0,327.05,1.0,-1.0,-1.0,2020-01-29 11:46:43.769081,327.05,327.06,0
2020-01-29 11:46:47,N,AAPL,327.05,1.0,327.06,2.0,-1.0,0.0,2020-01-29 11:46:47.330170,327.05,327.06,0
2020-01-29 11:46:48,N,AAPL,327.05,1.0,327.06,1.0,0.0,-2.0,2020-01-29 11:46:48.761634,327.16,327.17,1
2020-01-29 11:46:54,N,AAPL,327.16,1.0,327.17,2.0,0.0,1.0,2020-01-29 11:46:54.141781,327.15,327.16,0
2020-01-29 11:46:55,N,AAPL,327.15,6.0,327.16,10.0,5.0,4.0,2020-01-29 11:46:55.104929,327.15,327.18,0
2020-01-29 11:46:56,N,AAPL,327.15,4.0,327.18,14.0,-2.0,4.0,2020-01-29 11:46:56.243704,327.27,327.31,1
2020-01-29 11:47:34,N,AAPL,327.27,2.0,327.31,3.0,-2.0,-11.0,2020-01-29 11:47:34.298534,327.42,327.45,1
2020-01-29 11:47:55,N,AAPL,327.42,2.0,327.45,15.0,0.0,12.0,2020-01-29 11:47:55.880860,327.31,327.35,-1
2020-01-29 11:48:17,N,AAPL,327.31,4.0,327.35,3.0,0.0,-11.0,2020-01-29 11:48:17.397117,327.35,327.36,0
2020-01-29 11:49:00,N,AAPL,327.35,2.0,327.36,1.0,-2.0,-2.0,2020-01-29 11:49:00.054295,327.36,327.37,0
2020-01-29 11:49:34,N,AAPL,327.36,2.0,327.37,1.0,0.0,0.0,2020-01-29 11:49:34.974107,327.36,327.39,0
2020-01-29 11:49:51,N,AAPL,327.36,1.0,327.39,4.0,-1.0,3.0,2020-01-29 11:49:51.503331,327.35,327.36,0
2020-01-29 11:50:24,N,AAPL,327.35,6.0,327.36,1.0,5.0,-3.0,2020-01-29 11:50:24.462732,327.25,327.27,-1
2020-01-29 11:50:26,N,AAPL,327.25,2.0,327.27,2.0,-4.0,1.0,2020-01-29 11:50:26.769755,327.36,327.37,1
2020-01-29 11:52:19,N,AAPL,327.36,2.0,327.37,1.0,0.0,-1.0,2020-01-29 11:52:19.664979,327.23,327.25,-1
2020-01-29 11:52:39,N,AAPL,327.23,1.0,327.25,1.0,-1.0,0.0,2020-01-29 11:52:39.281595,327.21,327.25,0
2020-01-29 11:52:51,N,AAPL,327.21,6.0,327.25,2.0,4.0,1.0,2020-01-29 11:52:51.135478,327.37,327.4,1
2020-01-29 11:53:17,N,AAPL,327.37,5.0,327.4,2.0,4.0,0.0,2020-01-29 11:53:17.971223,327.68,327.71,1
2020-01-29 11:55:15,N,AAPL,327.68,2.0,327.71,1.0,-3.0,-1.0,2020-01-29 11:55:15.823192,327.69,327.71,0
2020-01-29 11:55:40,N,AAPL,327.69,3.0,327.71,1.0,1.0,0.0,2020-01-29 11:55:40.911983,327.68,327.69,0
2020-01-29 11:56:33,N,AAPL,327.68,2.0,327.69,1.0,-1.0,0.0,2020-01-29 11:56:33.850940,327.71,327.72,1
2020-01-29 11:56:37,N,AAPL,327.71,2.0,327.72,2.0,0.0,1.0,2020-01-29 11:56:37.797363,327.7,327.7,-1
2020-01-29 11:56:58,N,AAPL,327.7,1.0,327.7,7.0,-1.0,5.0,2020-01-29 11:56:58.687570,327.63,327.65,-1
2020-01-29 11:57:15,N,AAPL,327.63,1.0,327.65,1.0,0.0,-5.0,2020-01-29 11:57:15.724759,327.66,327.69,1
2020-01-29 11:57:18,N,AAPL,327.66,5.0,327.69,10.0,4.0,9.0,2020-01-29 11:57:18.469662,327.69,327.7,0
2020-01-29 11:57:50,N,AAPL,327.69,1.0,327.7,1.0,-4.0,-9.0,2020-01-29 11:57:50.647858,327.7,327.73,0
2020-01-29 11:59:03,N,AAPL,327.7,3.0,327.73,8.0,-1.0,7.0,2020-01-29 11:59:03.652954,327.68,327.72,0
2020-01-29 11:59:20,N,AAPL,327.68,3.0,327.72,4.0,0.0,-4.0,2020-01-29 11:59:20.803467,327.56,327.57,-1
2020-01-29 11:59:41,N,AAPL,327.56,1.0,327.57,1.0,-2.0,-3.0,2020-01-29 11:59:41.471914,327.19,327.21,-1
2020-01-29 11:59:59,N,AAPL,327.19,3.0,327.21,4.0,2.0,3.0,2020-01-29 11:59:59.574066,327.24,327.28,1
2020-01-29 12:00:03,N,AAPL,327.24,2.0,327.28,2.0,-1.0,-2.0,2020-01-29 12:00:03.997043,327.09,327.11,-1
2020-01-29 12:01:42,N,AAPL,327.09,1.0,327.11,5.0,-1.0,3.0,2020-01-29 12:01:42.655375,327.46,327.5,1
2020-01-29 12:03:52,N,AAPL,327.46,5.0,327.5,16.0,4.0,11.0,2020-01-29 12:03:52.634841,327.45,327.48,0
2020-01-29 12:04:01,N,AAPL,327.45,1.0,327.48,5.0,-4.0,-11.0,2020-01-29 12:04:01.346411,327.46,327.48,0
2020-01-29 12:04:19,N,AAPL,327.46,1.0,327.48,1.0,0.0,-4.0,2020-01-29 12:04:19.865563,327.44,327.48,0
2020-01-29 12:05:12,N,AAPL,327.44,2.0,327.48,4.0,0.0,0.0,2020-01-29 12:05:12.090452,327.35,327.36,-1
2020-01-29 12:05:22,N,AAPL,327.35,1.0,327.36,2.0,-1.0,-2.0,2020-01-29 12:05:22.705449,327.35,327.39,0
2020-01-29 12:05:45,N,AAPL,327.35,4.0,327.39,3.0,3.0,1.0,2020-01-29 12:05:45.097232,327.34,327.37,0
2020-01-29 12:05:46,N,AAPL,327.34,1.0,327.37,3.0,-6.0,-2.0,2020-01-29 12:05:46.532585,327.37,327.38,0
2020-01-29 12:05:58,N,AAPL,327.37,1.0,327.38,20.0,0.0,17.0,2020-01-29 12:05:58.701582,327.09,327.13,-1
2020-01-29 12:06:35,N,AAPL,327.09,2.0,327.13,1.0,1.0,-19.0,2020-01-29 12:06:35.017339,327.25,327.27,1
2020-01-29 12:07:23,N,AAPL,327.25,1.0,327.27,2.0,-1.0,1.0,2020-01-29 12:07:23.660628,326.85,326.9,-1
2020-01-29 12:07:49,N,AAPL,326.85,4.0,326.9,1.0,3.0,-1.0,2020-01-29 12:07:49.366957,326.83,326.88,0
2020-01-29 12:08:02,N,AAPL,326.83,3.0,326.88,2.0,-1.0,1.0,2020-01-29 12:08:02.862832,326.88,326.91,0
2020-01-29 12:08:46,N,AAPL,326.88,8.0,326.91,1.0,5.0,-1.0,2020-01-29 12:08:46.458317,326.9,326.91,0
2020-01-29 12:09:11,N,AAPL,326.9,1.0,326.91,3.0,-7.0,2.0,2020-01-29 12:09:11.226211,326.89,326.93,0
2020-01-29 12:09:23,N,AAPL,326.89,1.0,326.93,2.0,0.0,-1.0,2020-01-29 12:09:23.325866,326.94,326.96,1
2020-01-29 12:10:09,N,AAPL,326.94,1.0,326.96,1.0,0.0,-1.0,2020-01-29 12:10:09.528633,327.16,327.18,1
2020-01-29 12:11:11,N,AAPL,327.16,3.0,327.18,1.0,2.0,0.0,2020-01-29 12:11:11.691643,327.08,327.1,-1
2020-01-29 12:11:40,N,AAPL,327.08,1.0,327.1,2.0,-2.0,1.0,2020-01-29 12:11:40.198622,327.02,327.02,-1
2020-01-29 12:12:37,N,AAPL,327.02,1.0,327.02,1.0,0.0,-1.0,2020-01-29 12:12:37.237736,327.41,327.43,1
2020-01-29 12:14:54,N,AAPL,327.41,2.0,327.43,1.0,1.0,0.0,2020-01-29 12:14:54.735886,327.33,327.37,-1
2020-01-29 12:14:59,N,AAPL,327.33,2.0,327.37,2.0,0.0,1.0,2020-01-29 12:14:59.963827,327.22,327.27,-1
2020-01-29 12:15:30,N,AAPL,327.22,2.0,327.27,2.0,0.0,0.0,2020-01-29 12:15:30.754181,327.24,327.27,0
2020-01-29 12:16:14,N,AAPL,327.24,4.0,327.27,4.0,2.0,2.0,2020-01-29 12:16:14.340332,327.24,327.25,0
2020-01-29 12:16:34,N,AAPL,327.24,11.0,327.25,1.0,10.0,-3.0,2020-01-29 12:16:34.388112,327.22,327.23,-1
2020-01-29 12:17:55,N,AAPL,327.22,1.0,327.23,1.0,-10.0,0.0,2020-01-29 12:17:55.103190,327.23,327.25,0
2020-01-29 12:17:56,N,AAPL,327.23,2.0,327.25,1.0,1.0,0.0,2020-01-29 12:17:56.324622,327.24,327.28,0
2020-01-29 12:18:06,N,AAPL,327.24,1.0,327.28,4.0,-1.0,3.0,2020-01-29 12:18:06.812769,327.19,327.2,-1
2020-01-29 12:18:53,N,AAPL,327.19,1.0,327.2,1.0,0.0,-3.0,2020-01-29 12:18:53.592795,327.12,327.13,-1
2020-01-29 12:19:39,N,AAPL,327.12,1.0,327.13,16.0,0.0,14.0,2020-01-29 12:19:39.599343,327.12,327.14,0
2020-01-29 12:19:45,N,AAPL,327.12,5.0,327.14,16.0,4.0,0.0,2020-01-29 12:19:45.937608,326.91,326.95,-1
2020-01-29 12:21:06,N,AAPL,326.91,2.0,326.95,2.0,-2.0,-14.0,2020-01-29 12:21:06.565173,326.84,326.86,-1
2020-01-29 12:21:44,N,AAPL,326.84,1.0,326.86,5.0,-1.0,3.0,2020-01-29 12:21:44.402781,326.6,326.62,-1
2020-01-29 12:23:08,N,AAPL,326.6,3.0,326.62,3.0,2.0,-2.0,2020-01-29 12:23:08.808782,326.72,326.73,1
2020-01-29 12:23:31,N,AAPL,326.72,2.0,326.73,1.0,-1.0,0.0,2020-01-29 12:23:31.702345,326.78,326.79,1
2020-01-29 12:24:02,N,AAPL,326.78,4.0,326.79,4.0,2.0,3.0,2020-01-29 12:24:02.175878,326.69,326.71,-1
2020-01-29 12:24:32,N,AAPL,326.69,2.0,326.71,2.0,-2.0,-2.0,2020-01-29 12:24:32.471256,326.68,326.71,0
2020-01-29 12:24:33,N,AAPL,326.68,2.0,326.71,1.0,1.0,0.0,2020-01-29 12:24:33.251910,326.68,326.7,0
2020-01-29 12:25:39,N,AAPL,326.68,1.0,326.7,4.0,-1.0,3.0,2020-01-29 12:25:39.597241,326.97,327.01,1
2020-01-29 12:26:25,N,AAPL,326.97,2.0,327.01,1.0,1.0,-3.0,2020-01-29 12:26:25.105632,326.85,326.89,-1
2020-01-29 12:27:59,N,AAPL,326.85,2.0,326.89,2.0,0.0,1.0,2020-01-29 12:27:59.665853,326.74,326.76,-1
2020-01-29 12:28:14,N,AAPL,326.74,1.0,326.76,4.0,-1.0,3.0,2020-01-29 12:28:14.239633,326.73,326.74,0
2020-01-29 12:29:05,N,AAPL,326.73,1.0,326.74,5.0,0.0,4.0,2020-01-29 12:29:05.520313,326.36,326.41,-1
2020-01-29 12:30:09,N,AAPL,326.36,1.0,326.41,2.0,0.0,-3.0,2020-01-29 12:30:09.778428,326.42,326.45,1
2020-01-29 12:31:16,N,AAPL,326.42,1.0,326.45,1.0,0.0,-1.0,2020-01-29 12:31:16.356465,326.39,326.4,-1
2020-01-29 12:31:20,N,AAPL,326.39,1.0,326.4,5.0,0.0,4.0,2020-01-29 12:31:20.941320,326.34,326.37,-1
2020-01-29 12:31:26,N,AAPL,326.34,1.0,326.37,2.0,0.0,-3.0,2020-01-29 12:31:26.398658,326.41,326.44,1
2020-01-29 12:32:13,N,AAPL,326.41,7.0,326.44,1.0,6.0,-1.0,2020-01-29 12:32:13.008525,326.35,326.39,-1
2020-01-29 12:32:16,N,AAPL,326.35,1.0,326.39,3.0,-6.0,2.0,2020-01-29 12:32:16.503908,326.56,326.57,1
2020-01-29 12:32:49,N,AAPL,326.56,1.0,326.57,2.0,0.0,-1.0,2020-01-29 12:32:49.106616,326.6,326.63,1
2020-01-29 12:33:00,N,AAPL,326.6,1.0,326.63,3.0,0.0,1.0,2020-01-29 12:33:00.452503,326.62,326.65,0
2020-01-29 12:33:18,N,AAPL,326.62,2.0,326.65,2.0,1.0,-1.0,2020-01-29 12:33:18.539704,326.59,326.64,0
2020-01-29 12:33:48,N,AAPL,326.59,1.0,326.64,5.0,-1.0,3.0,2020-01-29 12:33:48.432576,326.57,326.57,-1
2020-01-29 12:35:26,N,AAPL,326.57,1.0,326.57,1.0,0.0,-4.0,2020-01-29 12:35:26.433022,326.43,326.45,-1
2020-01-29 12:35:55,N,AAPL,326.43,1.0,326.45,2.0,0.0,-6.0,2020-01-29 12:35:55.703970,326.45,326.46,0
2020-01-29 12:36:14,N,AAPL,326.45,3.0,326.46,4.0,2.0,2.0,2020-01-29 12:36:14.025406,326.46,326.48,0
2020-01-29 12:36:19,N,AAPL,326.46,1.0,326.48,2.0,0.0,-6.0,2020-01-29 12:36:19.567579,326.45,326.47,0
2020-01-29 12:36:43,N,AAPL,326.45,1.0,326.47,12.0,0.0,10.0,2020-01-29 12:36:43.309797,326.5,326.53,1
2020-01-29 12:37:04,N,AAPL,326.5,1.0,326.53,1.0,0.0,0.0,2020-01-29 12:37:04.620849,326.4,326.44,-1
2020-01-29 12:38:17,N,AAPL,326.4,2.0,326.44,2.0,1.0,1.0,2020-01-29 12:38:17.087302,326.35,326.38,-1
2020-01-29 12:38:39,N,AAPL,326.35,2.0,326.38,4.0,0.0,2.0,2020-01-29 12:38:39.751250,326.58,326.59,1
2020-01-29 12:40:30,N,AAPL,326.58,3.0,326.59,1.0,1.0,-3.0,2020-01-29 12:40:30.604725,326.47,326.5,-1
2020-01-29 12:41:03,N,AAPL,326.47,1.0,326.5,7.0,-2.0,6.0,2020-01-29 12:41:03.021371,326.27,326.32,-1
2020-01-29 12:41:39,N,AAPL,326.27,2.0,326.32,3.0,1.0,-4.0,2020-01-29 12:41:39.889777,326.4,326.43,1
2020-01-29 12:42:33,N,AAPL,326.4,3.0,326.43,1.0,1.0,-2.0,2020-01-29 12:42:33.423099,326.55,326.55,1
2020-01-29 12:43:50,N,AAPL,326.55,1.0,326.55,1.0,-2.0,0.0,2020-01-29 12:43:50.353350,326.81,326.82,1
2020-01-29 12:44:32,N,AAPL,326.81,1.0,326.82,6.0,-9.0,5.0,2020-01-29 12:44:32.866812,326.62,326.64,-1
2020-01-29 12:46:08,N,AAPL,326.62,2.0,326.64,1.0,0.0,-5.0,2020-01-29 12:46:08.726145,326.6,326.61,-1
2020-01-29 12:47:19,N,AAPL,326.6,2.0,326.61,1.0,0.0,0.0,2020-01-29 12:47:19.065503,326.69,326.7,1
2020-01-29 12:48:16,N,AAPL,326.69,1.0,326.7,1.0,-1.0,-3.0,2020-01-29 12:48:16.145336,326.65,326.69,0
2020-01-29 12:48:30,N,AAPL,326.65,3.0,326.69,3.0,2.0,2.0,2020-01-29 12:48:30.101236,326.76,326.77,1
2020-01-29 12:49:55,N,AAPL,326.76,1.0,326.77,1.0,-2.0,-1.0,2020-01-29 12:49:55.429900,326.96,326.95,1
2020-01-29 12:51:58,N,AAPL,326.96,1.0,326.95,1.0,0.0,0.0,2020-01-29 12:51:58.657987,326.9,326.91,-1
2020-01-29 12:52:09,N,AAPL,326.9,1.0,326.91,3.0,0.0,2.0,2020-01-29 12:52:09.183082,326.87,326.88,-1
2020-01-29 12:53:16,N,AAPL,326.87,1.0,326.88,2.0,0.0,-1.0,2020-01-29 12:53:16.571198,326.68,326.73,-1
2020-01-29 12:54:27,N,AAPL,326.68,1.0,326.73,3.0,-5.0,1.0,2020-01-29 12:54:27.640308,326.58,326.59,-1
2020-01-29 12:55:53,N,AAPL,326.58,1.0,326.59,1.0,0.0,-2.0,2020-01-29 12:55:53.166300,326.61,326.64,1
2020-01-29 12:57:21,N,AAPL,326.61,1.0,326.64,3.0,0.0,2.0,2020-01-29 12:57:21.934269,326.57,326.58,-1
2020-01-29 12:57:37,N,AAPL,326.57,2.0,326.58,1.0,1.0,-2.0,2020-01-29 12:57:37.618228,325.97,325.99,-1
2020-01-29 13:02:40,N,AAPL,325.97,1.0,325.99,2.0,0.0,1.0,2020-01-29 13:02:40.842260,325.94,325.96,-1
2020-01-29 13:02:49,N,AAPL,325.94,2.0,325.96,4.0,1.0,2.0,2020-01-29 13:02:49.047172,325.99,326.0,1
2020-01-29 13:03:01,N,AAPL,325.99,1.0,326.0,1.0,-1.0,-3.0,2020-01-29 13:03:01.367297,325.95,325.99,0
2020-01-29 13:03:32,N,AAPL,325.95,2.0,325.99,2.0,1.0,1.0,2020-01-29 13:03:32.886696,325.94,325.95,0
2020-01-29 13:03:38,N,AAPL,325.94,2.0,325.95,1.0,0.0,-1.0,2020-01-29 13:03:38.444034,326.07,326.08,1
2020-01-29 13:05:33,N,AAPL,326.07,1.0,326.08,4.0,-1.0,2.0,2020-01-29 13:05:33.223950,325.61,325.63,-1
2020-01-29 13:10:27,N,AAPL,325.61,3.0,325.63,1.0,0.0,-6.0,2020-01-29 13:10:27.878751,325.82,325.83,1
2020-01-29 13:11:50,N,AAPL,325.82,1.0,325.83,1.0,-2.0,0.0,2020-01-29 13:11:50.581621,325.92,325.94,1
2020-01-29 13:13:22,N,AAPL,325.92,3.0,325.94,5.0,2.0,4.0,2020-01-29 13:13:22.871112,325.95,325.96,1
2020-01-29 13:13:40,N,AAPL,325.95,1.0,325.96,1.0,-2.0,-4.0,2020-01-29 13:13:40.161207,325.77,325.78,-1
2020-01-29 13:17:00,N,AAPL,325.77,1.0,325.78,2.0,0.0,0.0,2020-01-29 13:17:00.152787,325.81,325.84,1
2020-01-29 13:17:03,N,AAPL,325.81,5.0,325.84,1.0,1.0,-1.0,2020-01-29 13:17:03.109019,325.79,325.81,0
2020-01-29 13:17:21,N,AAPL,325.79,1.0,325.81,4.0,-4.0,3.0,2020-01-29 13:17:21.695636,325.76,325.78,-1
2020-01-29 13:17:23,N,AAPL,325.76,1.0,325.78,3.0,0.0,-1.0,2020-01-29 13:17:23.649606,325.73,325.77,0
2020-01-29 13:17:24,N,AAPL,325.73,2.0,325.77,2.0,1.0,-1.0,2020-01-29 13:17:24.444705,326.04,326.06,1
2020-01-29 13:17:53,N,AAPL,326.04,2.0,326.06,3.0,0.0,1.0,2020-01-29 13:17:53.889274,326.53,326.54,1
2020-01-29 13:22:01,N,AAPL,326.53,2.0,326.54,1.0,0.0,-2.0,2020-01-29 13:22:01.864579,326.5,326.53,0
2020-01-29 13:22:36,N,AAPL,326.5,3.0,326.53,2.0,2.0,-1.0,2020-01-29 13:22:36.253677,326.54,326.55,1
2020-01-29 13:23:19,N,AAPL,326.54,1.0,326.55,1.0,-2.0,-1.0,2020-01-29 13:23:19.994032,326.62,326.66,1
2020-01-29 13:26:34,N,AAPL,326.62,4.0,326.66,2.0,3.0,1.0,2020-01-29 13:26:34.189208,326.7,326.72,1
2020-01-29 13:28:03,N,AAPL,326.7,1.0,326.72,3.0,-3.0,1.0,2020-01-29 13:28:03.006536,326.71,326.72,0
2020-01-29 13:28:08,N,AAPL,326.71,1.0,326.72,3.0,0.0,0.0,2020-01-29 13:28:08.956679,326.7,326.72,0
2020-01-29 13:28:09,N,AAPL,326.7,1.0,326.72,3.0,0.0,0.0,2020-01-29 13:28:09.295416,326.8,326.82,1
2020-01-29 13:29:10,N,AAPL,326.8,11.0,326.82,6.0,10.0,3.0,2020-01-29 13:29:10.916692,326.79,326.8,0
2020-01-29 13:31:04,N,AAPL,326.79,5.0,326.8,3.0,2.0,2.0,2020-01-29 13:31:04.929584,326.82,326.83,1
2020-01-29 13:34:14,N,AAPL,326.82,5.0,326.83,1.0,0.0,-2.0,2020-01-29 13:34:14.055916,326.83,326.84,0
2020-01-29 13:34:56,N,AAPL,326.83,1.0,326.84,1.0,-4.0,-3.0,2020-01-29 13:34:56.985346,326.83,326.84,0
2020-01-29 13:35:00,N,AAPL,326.83,1.0,326.84,3.0,0.0,2.0,2020-01-29 13:35:00.016210,326.84,326.86,0
2020-01-29 13:35:02,N,AAPL,326.84,2.0,326.86,2.0,0.0,-2.0,2020-01-29 13:35:02.974857,326.83,326.85,0
2020-01-29 13:35:03,N,AAPL,326.83,4.0,326.85,1.0,2.0,-1.0,2020-01-29 13:35:03.499647,326.61,326.63,-1
2020-01-29 13:37:20,N,AAPL,326.61,1.0,326.63,8.0,-3.0,7.0,2020-01-29 13:37:20.674751,326.85,326.87,1
2020-01-29 13:39:13,N,AAPL,326.85,4.0,326.87,7.0,3.0,-1.0,2020-01-29 13:39:13.841958,326.85,326.87,0
2020-01-29 13:39:14,N,AAPL,326.85,4.0,326.87,3.0,0.0,-4.0,2020-01-29 13:39:14.844766,326.81,326.84,-1
2020-01-29 13:39:19,N,AAPL,326.81,3.0,326.84,3.0,-1.0,0.0,2020-01-29 13:39:19.643961,326.7,326.71,-1
2020-01-29 13:40:31,N,AAPL,326.7,1.0,326.71,1.0,-2.0,-2.0,2020-01-29 13:40:31.942187,326.7,326.71,0
2020-01-29 13:40:32,N,AAPL,326.7,1.0,326.71,1.0,0.0,0.0,2020-01-29 13:40:32.000440,326.58,326.61,-1
2020-01-29 13:42:50,N,AAPL,326.58,2.0,326.61,4.0,1.0,3.0,2020-01-29 13:42:50.980193,326.66,326.68,1
2020-01-29 13:44:37,N,AAPL,326.66,2.0,326.68,1.0,0.0,-3.0,2020-01-29 13:44:37.650459,326.72,326.74,1
2020-01-29 13:45:26,N,AAPL,326.72,1.0,326.74,4.0,-1.0,0.0,2020-01-29 13:45:26.928571,326.68,326.69,-1
2020-01-29 13:45:28,N,AAPL,326.68,2.0,326.69,1.0,1.0,-3.0,2020-01-29 13:45:28.538958,326.68,326.71,0
2020-01-29 13:46:14,N,AAPL,326.68,1.0,326.71,2.0,-1.0,1.0,2020-01-29 13:46:14.917658,326.71,326.74,0
2020-01-29 13:47:09,N,AAPL,326.71,1.0,326.74,4.0,0.0,2.0,2020-01-29 13:47:09.301664,326.72,326.75,0
2020-01-29 13:50:00,N,AAPL,326.72,2.0,326.75,4.0,1.0,0.0,2020-01-29 13:50:00.374238,326.65,326.67,-1
2020-01-29 13:50:16,N,AAPL,326.65,3.0,326.67,1.0,1.0,-3.0,2020-01-29 13:50:16.171869,326.62,326.65,0
2020-01-29 13:51:23,N,AAPL,326.62,1.0,326.65,2.0,-2.0,1.0,2020-01-29 13:51:23.725820,326.64,326.66,0
2020-01-29 13:51:30,N,AAPL,326.64,4.0,326.66,1.0,3.0,-1.0,2020-01-29 13:51:30.907825,326.62,326.63,-1
2020-01-29 13:52:30,N,AAPL,326.62,2.0,326.63,1.0,-2.0,0.0,2020-01-29 13:52:30.950983,326.63,326.66,0
2020-01-29 13:52:36,N,AAPL,326.63,2.0,326.66,2.0,1.0,0.0,2020-01-29 13:52:36.446599,326.36,326.38,-1
2020-01-29 13:54:35,N,AAPL,326.36,4.0,326.38,1.0,2.0,0.0,2020-01-29 13:54:35.606404,326.29,326.32,-1
2020-01-29 13:55:17,N,AAPL,326.29,4.0,326.32,2.0,0.0,1.0,2020-01-29 13:55:17.198042,326.25,326.26,-1
2020-01-29 13:55:23,N,AAPL,326.25,15.0,326.26,1.0,14.0,-1.0,2020-01-29 13:55:23.020280,326.26,326.29,0
2020-01-29 13:55:25,N,AAPL,326.26,1.0,326.29,2.0,-14.0,-1.0,2020-01-29 13:55:25.561694,326.26,326.27,0
2020-01-29 13:55:30,N,AAPL,326.26,1.0,326.27,1.0,-1.0,-1.0,2020-01-29 13:55:30.217376,326.23,326.25,-1
2020-01-29 13:55:35,N,AAPL,326.23,1.0,326.25,1.0,0.0,0.0,2020-01-29 13:55:35.453054,326.44,326.46,1
2020-01-29 13:56:24,N,AAPL,326.44,2.0,326.46,4.0,1.0,-3.0,2020-01-29 13:56:24.757909,326.44,326.47,0
2020-01-29 13:57:03,N,AAPL,326.44,1.0,326.47,1.0,-1.0,-3.0,2020-01-29 13:57:03.988791,326.61,326.64,1
2020-01-29 13:58:53,N,AAPL,326.61,1.0,326.64,1.0,0.0,0.0,2020-01-29 13:58:53.131974,326.68,326.73,1
2020-01-29 13:59:55,N,AAPL,326.68,2.0,326.73,1.0,1.0,0.0,2020-01-29 13:59:55.733172,326.6,326.7,0
2020-01-29 13:59:59,N,AAPL,326.6,1.0,326.7,1.0,-1.0,0.0,2020-01-29 13:59:59.919348,326.63,326.7,0
2020-01-29 14:00:00,N,AAPL,326.63,1.0,326.7,1.0,0.0,0.0,2020-01-29 14:00:00.049150,326.66,326.69,0
2020-01-29 14:00:02,N,AAPL,326.66,1.0,326.69,1.0,0.0,0.0,2020-01-29 14:00:02.712364,326.63,326.7,0
2020-01-29 14:00:08,N,AAPL,326.63,1.0,326.7,1.0,-2.0,0.0,2020-01-29 14:00:08.200573,326.3,326.37,-1
2020-01-29 14:00:17,N,AAPL,326.3,1.0,326.37,1.0,-1.0,-1.0,2020-01-29 14:00:17.851619,326.41,326.51,1
2020-01-29 14:00:21,N,AAPL,326.41,1.0,326.51,1.0,-1.0,0.0,2020-01-29 14:00:21.273821,326.49,326.58,0
2020-01-29 14:00:27,N,AAPL,326.49,1.0,326.58,1.0,0.0,0.0,2020-01-29 14:00:27.023871,326.53,326.6,0
2020-01-29 14:00:31,N,AAPL,326.53,1.0,326.6,4.0,0.0,3.0,2020-01-29 14:00:31.957335,326.8,326.82,1
2020-01-29 14:00:38,N,AAPL,326.8,3.0,326.82,1.0,2.0,-3.0,2020-01-29 14:00:38.359653,326.89,326.94,1
2020-01-29 14:00:39,N,AAPL,326.89,4.0,326.94,4.0,1.0,2.0,2020-01-29 14:00:39.442033,326.9,326.98,0
2020-01-29 14:00:40,N,AAPL,326.9,1.0,326.98,4.0,-3.0,0.0,2020-01-29 14:00:40.213340,326.65,326.68,-1
2020-01-29 14:01:06,N,AAPL,326.65,1.0,326.68,1.0,0.0,-3.0,2020-01-29 14:01:06.397827,326.9,326.96,1
2020-01-29 14:01:40,N,AAPL,326.9,1.0,326.96,1.0,0.0,0.0,2020-01-29 14:01:40.127910,326.87,326.93,0
2020-01-29 14:01:42,N,AAPL,326.87,1.0,326.93,3.0,0.0,2.0,2020-01-29 14:01:42.227406,326.87,326.93,0
2020-01-29 14:01:43,N,AAPL,326.87,1.0,326.93,1.0,0.0,0.0,2020-01-29 14:01:43.193167,326.9,326.97,0
2020-01-29 14:01:48,N,AAPL,326.9,5.0,326.97,1.0,4.0,0.0,2020-01-29 14:01:48.581034,327.12,327.13,1
2020-01-29 14:02:13,N,AAPL,327.12,1.0,327.13,5.0,-4.0,4.0,2020-01-29 14:02:13.997896,327.12,327.13,0
2020-01-29 14:02:14,N,AAPL,327.12,1.0,327.13,7.0,0.0,2.0,2020-01-29 14:02:14.553368,327.24,327.27,1
2020-01-29 14:02:42,N,AAPL,327.24,4.0,327.27,7.0,3.0,0.0,2020-01-29 14:02:42.648418,327.24,327.27,0
2020-01-29 14:02:44,N,AAPL,327.24,2.0,327.27,2.0,-2.0,-5.0,2020-01-29 14:02:44.813830,327.2,327.22,-1
2020-01-29 14:02:52,N,AAPL,327.2,1.0,327.22,1.0,-1.0,-1.0,2020-01-29 14:02:52.825349,327.16,327.17,-1
2020-01-29 14:03:22,N,AAPL,327.16,1.0,327.17,1.0,0.0,0.0,2020-01-29 14:03:22.432731,327.57,327.6,1
2020-01-29 14:04:17,N,AAPL,327.57,1.0,327.6,5.0,0.0,4.0,2020-01-29 14:04:17.606570,327.54,327.57,0
2020-01-29 14:04:30,N,AAPL,327.54,2.0,327.57,1.0,1.0,-4.0,2020-01-29 14:04:30.102762,327.65,327.68,1
2020-01-29 14:04:35,N,AAPL,327.65,1.0,327.68,2.0,-1.0,1.0,2020-01-29 14:04:35.901077,327.68,327.72,0
2020-01-29 14:04:39,N,AAPL,327.68,4.0,327.72,16.0,3.0,14.0,2020-01-29 14:04:39.427299,327.74,327.75,1
2020-01-29 14:05:01,N,AAPL,327.74,1.0,327.75,1.0,-3.0,-15.0,2020-01-29 14:05:01.032597,327.67,327.69,-1
2020-01-29 14:05:26,N,AAPL,327.67,1.0,327.69,5.0,0.0,4.0,2020-01-29 14:05:26.104739,327.64,327.65,-1
2020-01-29 14:05:43,N,AAPL,327.64,1.0,327.65,1.0,0.0,-4.0,2020-01-29 14:05:43.676159,327.58,327.61,-1
2020-01-29 14:05:46,N,AAPL,327.58,1.0,327.61,4.0,0.0,0.0,2020-01-29 14:05:46.209454,327.54,327.59,0
2020-01-29 14:06:02,N,AAPL,327.54,5.0,327.59,1.0,2.0,-1.0,2020-01-29 14:06:02.965916,327.62,327.64,1
2020-01-29 14:06:34,N,AAPL,327.62,2.0,327.64,4.0,-3.0,3.0,2020-01-29 14:06:34.579212,327.65,327.66,1
2020-01-29 14:06:45,N,AAPL,327.65,1.0,327.66,78.0,-1.0,74.0,2020-01-29 14:06:45.820249,327.66,327.71,0
2020-01-29 14:07:34,N,AAPL,327.66,2.0,327.71,4.0,1.0,-74.0,2020-01-29 14:07:34.375959,327.62,327.64,-1
2020-01-29 14:07:43,N,AAPL,327.62,1.0,327.64,2.0,-1.0,-2.0,2020-01-29 14:07:43.033352,327.52,327.54,-1
2020-01-29 14:07:48,N,AAPL,327.52,2.0,327.54,1.0,-5.0,-5.0,2020-01-29 14:07:48.059700,327.52,327.53,0
2020-01-29 14:07:49,N,AAPL,327.52,5.0,327.53,1.0,3.0,0.0,2020-01-29 14:07:49.509409,327.3,327.32,-1
2020-01-29 14:08:24,N,AAPL,327.3,6.0,327.32,2.0,1.0,-3.0,2020-01-29 14:08:24.947834,327.13,327.15,-1
2020-01-29 14:09:41,N,AAPL,327.13,2.0,327.15,2.0,-2.0,0.0,2020-01-29 14:09:41.484846,327.13,327.15,0
2020-01-29 14:09:50,N,AAPL,327.13,1.0,327.15,3.0,-1.0,1.0,2020-01-29 14:09:50.032306,327.2,327.23,1
2020-01-29 14:10:04,N,AAPL,327.2,3.0,327.23,5.0,2.0,2.0,2020-01-29 14:10:04.658621,327.25,327.28,1
2020-01-29 14:10:18,N,AAPL,327.25,3.0,327.28,1.0,0.0,-4.0,2020-01-29 14:10:18.893655,327.22,327.23,-1
2020-01-29 14:10:20,N,AAPL,327.22,1.0,327.23,1.0,-2.0,-1.0,2020-01-29 14:10:20.837182,327.5,327.55,1
2020-01-29 14:11:16,N,AAPL,327.5,1.0,327.55,2.0,0.0,0.0,2020-01-29 14:11:16.951196,327.48,327.52,0
2020-01-29 14:11:38,N,AAPL,327.48,2.0,327.52,2.0,1.0,0.0,2020-01-29 14:11:38.055636,327.59,327.62,1
2020-01-29 14:11:52,N,AAPL,327.59,2.0,327.62,1.0,0.0,-1.0,2020-01-29 14:11:52.052045,327.43,327.48,-1
2020-01-29 14:14:18,N,AAPL,327.43,2.0,327.48,2.0,0.0,1.0,2020-01-29 14:14:18.040520,327.22,327.26,-1
2020-01-29 14:14:51,N,AAPL,327.22,3.0,327.26,4.0,1.0,2.0,2020-01-29 14:14:51.357421,327.0,327.02,-1
2020-01-29 14:15:36,N,AAPL,327.0,79.0,327.02,1.0,76.0,-3.0,2020-01-29 14:15:36.154886,327.02,327.04,0
2020-01-29 14:16:16,N,AAPL,327.02,6.0,327.04,7.0,-74.0,-1.0,2020-01-29 14:16:16.472158,327.13,327.17,1
2020-01-29 14:16:31,N,AAPL,327.13,4.0,327.17,2.0,-2.0,-5.0,2020-01-29 14:16:31.136280,327.12,327.15,0
2020-01-29 14:16:46,N,AAPL,327.12,3.0,327.15,1.0,-1.0,-1.0,2020-01-29 14:16:46.657224,326.83,326.84,-1
2020-01-29 14:18:27,N,AAPL,326.83,1.0,326.84,3.0,-2.0,2.0,2020-01-29 14:18:27.977502,326.81,326.84,0
2020-01-29 14:18:28,N,AAPL,326.81,4.0,326.84,1.0,3.0,-2.0,2020-01-29 14:18:28.097555,326.89,326.94,1
2020-01-29 14:19:10,N,AAPL,326.89,3.0,326.94,4.0,-1.0,3.0,2020-01-29 14:19:10.909622,326.93,326.96,0
2020-01-29 14:19:13,N,AAPL,326.93,3.0,326.96,1.0,0.0,-3.0,2020-01-29 14:19:13.964478,326.94,326.96,0
2020-01-29 14:19:14,N,AAPL,326.94,8.0,326.96,2.0,5.0,1.0,2020-01-29 14:19:14.964650,326.95,326.96,0
2020-01-29 14:19:15,N,AAPL,326.95,2.0,326.96,1.0,-6.0,-1.0,2020-01-29 14:19:15.964531,327.06,327.08,1
2020-01-29 14:20:48,N,AAPL,327.06,2.0,327.08,1.0,0.0,-1.0,2020-01-29 14:20:48.632658,326.87,326.9,-1
2020-01-29 14:24:28,N,AAPL,326.87,7.0,326.9,2.0,5.0,1.0,2020-01-29 14:24:28.204390,326.87,326.88,0
2020-01-29 14:24:42,N,AAPL,326.87,1.0,326.88,3.0,-6.0,1.0,2020-01-29 14:24:42.921632,326.86,326.88,0
2020-01-29 14:24:43,N,AAPL,326.86,4.0,326.88,3.0,3.0,0.0,2020-01-29 14:24:43.239279,326.62,326.65,-1
2020-01-29 14:25:53,N,AAPL,326.62,1.0,326.65,3.0,-3.0,0.0,2020-01-29 14:25:53.649078,326.78,326.81,1
2020-01-29 14:26:49,N,AAPL,326.78,16.0,326.81,2.0,15.0,-1.0,2020-01-29 14:26:49.948645,326.7,326.72,-1
2020-01-29 14:26:53,N,AAPL,326.7,1.0,326.72,1.0,-15.0,-1.0,2020-01-29 14:26:53.482379,326.57,326.6,-1
2020-01-29 14:27:45,N,AAPL,326.57,2.0,326.6,2.0,-4.0,0.0,2020-01-29 14:27:45.915639,326.84,326.85,1
2020-01-29 14:29:28,N,AAPL,326.84,4.0,326.85,7.0,2.0,5.0,2020-01-29 14:29:28.306051,326.63,326.65,-1
