last_interval,Exchange,Symbol,Best_Bid_Price,FB0,Best_Offer_Price,FA0,FB2,FA2,p_time,Next_Best_Bid,Next_Best_Offer,outcome
2020-01-13 09:30:00,N,AAPL,311.61,1.0,311.7,4.0,-2.0,3.0,2020-01-13 09:30:00.303565,311.79,311.88,1
2020-01-13 09:30:26,N,AAPL,311.79,4.0,311.88,1.0,3.0,-3.0,2020-01-13 09:30:26.006085,311.82,311.89,0
2020-01-13 09:30:27,N,AAPL,311.82,2.0,311.89,3.0,0.0,0.0,2020-01-13 09:30:27.270557,311.82,311.89,0
2020-01-13 09:30:28,N,AAPL,311.82,2.0,311.89,3.0,0.0,1.0,2020-01-13 09:30:28.097493,311.93,311.97,1
2020-01-13 09:30:29,N,AAPL,311.93,4.0,311.97,1.0,3.0,-9.0,2020-01-13 09:30:29.187025,311.89,311.96,0
2020-01-13 09:30:30,N,AAPL,311.89,1.0,311.96,1.0,0.0,0.0,2020-01-13 09:30:30.105799,311.86,311.92,0
2020-01-13 09:30:31,N,AAPL,311.86,2.0,311.92,1.0,1.0,0.0,2020-01-13 09:30:31.059423,311.84,311.92,0
2020-01-13 09:30:32,N,AAPL,311.84,2.0,311.92,2.0,0.0,0.0,2020-01-13 09:30:32.012840,311.87,311.92,0
2020-01-13 09:30:33,N,AAPL,311.87,2.0,311.92,2.0,1.0,0.0,2020-01-13 09:30:33.145100,311.87,311.93,0
2020-01-13 09:30:34,N,AAPL,311.87,2.0,311.93,1.0,1.0,0.0,2020-01-13 09:30:34.035627,311.89,311.97,0
2020-01-13 09:30:35,N,AAPL,311.89,1.0,311.97,2.0,0.0,1.0,2020-01-13 09:30:35.769814,311.89,311.93,0
2020-01-13 09:30:36,N,AAPL,311.89,1.0,311.93,6.0,0.0,4.0,2020-01-13 09:30:36.609186,311.87,311.91,0
2020-01-13 09:30:38,N,AAPL,311.87,2.0,311.91,1.0,1.0,-4.0,2020-01-13 09:30:38.370477,311.96,311.99,1
2020-01-13 09:30:39,N,AAPL,311.96,2.0,311.99,1.0,1.0,0.0,2020-01-13 09:30:39.095943,311.87,311.95,-1
2020-01-13 09:30:40,N,AAPL,311.87,2.0,311.95,3.0,1.0,0.0,2020-01-13 09:30:40.031788,311.87,311.94,0
2020-01-13 09:30:41,N,AAPL,311.87,4.0,311.94,4.0,2.0,0.0,2020-01-13 09:30:41.091721,311.9,311.96,0
2020-01-13 09:30:42,N,AAPL,311.9,2.0,311.96,4.0,0.0,0.0,2020-01-13 09:30:42.497529,311.87,311.92,0
2020-01-13 09:30:43,N,AAPL,311.87,2.0,311.92,1.0,1.0,-1.0,2020-01-13 09:30:43.564798,311.85,311.93,0
2020-01-13 09:30:44,N,AAPL,311.85,2.0,311.93,4.0,0.0,2.0,2020-01-13 09:30:44.129804,311.85,311.93,0
2020-01-13 09:30:45,N,AAPL,311.85,2.0,311.93,2.0,0.0,0.0,2020-01-13 09:30:45.041933,311.82,311.88,0
2020-01-13 09:30:46,N,AAPL,311.82,3.0,311.88,2.0,2.0,0.0,2020-01-13 09:30:46.126819,311.75,311.82,0
2020-01-13 09:30:47,N,AAPL,311.75,9.0,311.82,2.0,5.0,0.0,2020-01-13 09:30:47.012868,311.82,311.88,0
2020-01-13 09:30:48,N,AAPL,311.82,2.0,311.88,2.0,0.0,1.0,2020-01-13 09:30:48.348719,311.82,311.89,0
2020-01-13 09:30:49,N,AAPL,311.82,2.0,311.89,2.0,0.0,0.0,2020-01-13 09:30:49.582380,311.82,311.88,0
2020-01-13 09:30:50,N,AAPL,311.82,2.0,311.88,1.0,0.0,0.0,2020-01-13 09:30:50.331921,311.85,311.9,0
2020-01-13 09:30:51,N,AAPL,311.85,1.0,311.9,2.0,-3.0,-1.0,2020-01-13 09:30:51.091489,311.95,311.99,1
2020-01-13 09:30:52,N,AAPL,311.95,4.0,311.99,2.0,2.0,0.0,2020-01-13 09:30:52.896790,312.01,312.02,1
2020-01-13 09:30:54,N,AAPL,312.01,2.0,312.02,2.0,0.0,1.0,2020-01-13 09:30:54.916141,312.03,312.1,1
2020-01-13 09:30:55,N,AAPL,312.03,3.0,312.1,2.0,1.0,0.0,2020-01-13 09:30:55.039545,312.08,312.17,0
2020-01-13 09:30:56,N,AAPL,312.08,2.0,312.17,3.0,1.0,1.0,2020-01-13 09:30:56.449296,312.08,312.14,0
2020-01-13 09:30:57,N,AAPL,312.08,1.0,312.14,2.0,0.0,0.0,2020-01-13 09:30:57.090980,312.04,312.11,0
2020-01-13 09:30:58,N,AAPL,312.04,1.0,312.11,2.0,-1.0,0.0,2020-01-13 09:30:58.111969,312.2,312.23,1
2020-01-13 09:30:59,N,AAPL,312.2,3.0,312.23,2.0,1.0,1.0,2020-01-13 09:30:59.354548,312.31,312.32,1
2020-01-13 09:31:00,N,AAPL,312.31,3.0,312.32,2.0,1.0,-3.0,2020-01-13 09:31:00.734283,312.26,312.31,0
2020-01-13 09:31:01,N,AAPL,312.26,2.0,312.31,2.0,-1.0,0.0,2020-01-13 09:31:01.178179,312.25,312.3,0
2020-01-13 09:31:02,N,AAPL,312.25,2.0,312.3,2.0,1.0,1.0,2020-01-13 09:31:02.841041,312.26,312.32,0
2020-01-13 09:31:03,N,AAPL,312.26,3.0,312.32,2.0,1.0,0.0,2020-01-13 09:31:03.054091,312.32,312.36,0
2020-01-13 09:31:04,N,AAPL,312.32,1.0,312.36,2.0,0.0,-1.0,2020-01-13 09:31:04.166168,312.34,312.37,0
2020-01-13 09:31:05,N,AAPL,312.34,1.0,312.37,2.0,-1.0,0.0,2020-01-13 09:31:05.060625,312.36,312.38,0
2020-01-13 09:31:07,N,AAPL,312.36,1.0,312.38,4.0,0.0,2.0,2020-01-13 09:31:07.145145,312.32,312.39,0
2020-01-13 09:31:08,N,AAPL,312.32,3.0,312.39,2.0,2.0,0.0,2020-01-13 09:31:08.860643,312.32,312.37,0
2020-01-13 09:31:09,N,AAPL,312.32,3.0,312.37,1.0,0.0,-1.0,2020-01-13 09:31:09.277428,312.32,312.33,0
2020-01-13 09:31:10,N,AAPL,312.32,1.0,312.33,2.0,-2.0,1.0,2020-01-13 09:31:10.624269,312.3,312.34,0
2020-01-13 09:31:11,N,AAPL,312.3,2.0,312.34,1.0,1.0,-1.0,2020-01-13 09:31:11.335561,312.22,312.25,-1
2020-01-13 09:31:12,N,AAPL,312.22,2.0,312.25,2.0,-2.0,1.0,2020-01-13 09:31:12.050129,312.19,312.25,0
2020-01-13 09:31:13,N,AAPL,312.19,4.0,312.25,2.0,2.0,0.0,2020-01-13 09:31:13.007748,312.22,312.27,0
2020-01-13 09:31:15,N,AAPL,312.22,1.0,312.27,2.0,-1.0,0.0,2020-01-13 09:31:15.219078,312.26,312.31,0
2020-01-13 09:31:16,N,AAPL,312.26,2.0,312.31,1.0,0.0,-1.0,2020-01-13 09:31:16.043385,312.35,312.42,1
2020-01-13 09:31:18,N,AAPL,312.35,2.0,312.42,4.0,0.0,2.0,2020-01-13 09:31:18.009351,312.32,312.36,0
2020-01-13 09:31:19,N,AAPL,312.32,2.0,312.36,3.0,0.0,0.0,2020-01-13 09:31:19.830322,312.28,312.34,0
2020-01-13 09:31:20,N,AAPL,312.28,2.0,312.34,2.0,-2.0,-2.0,2020-01-13 09:31:20.235975,312.22,312.29,0
2020-01-13 09:31:21,N,AAPL,312.22,4.0,312.29,1.0,0.0,-1.0,2020-01-13 09:31:21.045458,312.21,312.28,0
2020-01-13 09:31:22,N,AAPL,312.21,3.0,312.28,4.0,-1.0,1.0,2020-01-13 09:31:22.071443,312.22,312.27,0
2020-01-13 09:31:23,N,AAPL,312.22,4.0,312.27,2.0,2.0,1.0,2020-01-13 09:31:23.118723,312.13,312.21,-1
2020-01-13 09:31:24,N,AAPL,312.13,2.0,312.21,4.0,1.0,0.0,2020-01-13 09:31:24.053249,312.02,312.07,-1
2020-01-13 09:31:25,N,AAPL,312.02,1.0,312.07,2.0,0.0,0.0,2020-01-13 09:31:25.071584,312.09,312.15,1
2020-01-13 09:31:26,N,AAPL,312.09,4.0,312.15,2.0,2.0,1.0,2020-01-13 09:31:26.217357,312.07,312.13,0
2020-01-13 09:31:27,N,AAPL,312.07,1.0,312.13,4.0,-1.0,2.0,2020-01-13 09:31:27.154518,312.12,312.2,0
2020-01-13 09:31:28,N,AAPL,312.12,1.0,312.2,1.0,-1.0,0.0,2020-01-13 09:31:28.167218,312.22,312.28,1
2020-01-13 09:31:29,N,AAPL,312.22,2.0,312.28,2.0,0.0,1.0,2020-01-13 09:31:29.055934,312.29,312.32,1
2020-01-13 09:31:30,N,AAPL,312.29,2.0,312.32,38.0,0.0,36.0,2020-01-13 09:31:30.167068,312.31,312.35,0
2020-01-13 09:31:31,N,AAPL,312.31,4.0,312.35,9.0,2.0,8.0,2020-01-13 09:31:31.302560,312.25,312.3,-1
2020-01-13 09:31:32,N,AAPL,312.25,1.0,312.3,2.0,0.0,1.0,2020-01-13 09:31:32.447070,312.26,312.35,0
2020-01-13 09:31:33,N,AAPL,312.26,2.0,312.35,11.0,0.0,9.0,2020-01-13 09:31:33.085000,312.24,312.28,0
2020-01-13 09:31:34,N,AAPL,312.24,2.0,312.28,4.0,-2.0,1.0,2020-01-13 09:31:34.399594,312.21,312.27,0
2020-01-13 09:31:35,N,AAPL,312.21,2.0,312.27,1.0,-3.0,-1.0,2020-01-13 09:31:35.361202,312.15,312.23,0
2020-01-13 09:31:36,N,AAPL,312.15,1.0,312.23,4.0,0.0,0.0,2020-01-13 09:31:36.034939,312.16,312.19,0
2020-01-13 09:31:37,N,AAPL,312.16,4.0,312.19,11.0,2.0,10.0,2020-01-13 09:31:37.096846,312.14,312.18,0
2020-01-13 09:31:38,N,AAPL,312.14,2.0,312.18,1.0,1.0,-1.0,2020-01-13 09:31:38.089661,312.15,312.19,0
2020-01-13 09:31:40,N,AAPL,312.15,1.0,312.19,1.0,0.0,-5.0,2020-01-13 09:31:40.036116,312.12,312.19,0
2020-01-13 09:31:41,N,AAPL,312.12,1.0,312.19,1.0,-1.0,0.0,2020-01-13 09:31:41.862238,312.1,312.14,0
2020-01-13 09:31:42,N,AAPL,312.1,2.0,312.14,2.0,1.0,1.0,2020-01-13 09:31:42.594476,312.07,312.12,0
2020-01-13 09:31:43,N,AAPL,312.07,6.0,312.12,2.0,0.0,0.0,2020-01-13 09:31:43.019851,312.07,312.12,0
2020-01-13 09:31:44,N,AAPL,312.07,6.0,312.12,4.0,0.0,3.0,2020-01-13 09:31:44.332526,312.07,312.12,0
2020-01-13 09:31:45,N,AAPL,312.07,4.0,312.12,3.0,2.0,-1.0,2020-01-13 09:31:45.348821,312.09,312.14,0
2020-01-13 09:31:46,N,AAPL,312.09,3.0,312.14,2.0,1.0,-1.0,2020-01-13 09:31:46.084233,312.06,312.11,0
2020-01-13 09:31:47,N,AAPL,312.06,1.0,312.11,2.0,0.0,1.0,2020-01-13 09:31:47.089872,312.1,312.14,0
2020-01-13 09:31:49,N,AAPL,312.1,2.0,312.14,2.0,1.0,1.0,2020-01-13 09:31:49.828123,312.09,312.14,0
2020-01-13 09:31:50,N,AAPL,312.09,2.0,312.14,2.0,0.0,0.0,2020-01-13 09:31:50.143126,312.01,312.07,-1
2020-01-13 09:31:51,N,AAPL,312.01,3.0,312.07,1.0,-1.0,-1.0,2020-01-13 09:31:51.407081,312.04,312.1,0
2020-01-13 09:31:52,N,AAPL,312.04,2.0,312.1,2.0,1.0,0.0,2020-01-13 09:31:52.407784,312.03,312.1,0
2020-01-13 09:31:53,N,AAPL,312.03,2.0,312.1,2.0,0.0,-1.0,2020-01-13 09:31:53.015954,312.01,312.06,0
2020-01-13 09:31:55,N,AAPL,312.01,3.0,312.06,2.0,1.0,0.0,2020-01-13 09:31:55.385850,312.0,312.01,0
2020-01-13 09:31:56,N,AAPL,312.0,1.0,312.01,2.0,-2.0,0.0,2020-01-13 09:31:56.352725,311.96,312.04,0
2020-01-13 09:31:57,N,AAPL,311.96,4.0,312.04,4.0,0.0,2.0,2020-01-13 09:31:57.060681,311.98,312.06,0
2020-01-13 09:31:58,N,AAPL,311.98,1.0,312.06,4.0,-3.0,2.0,2020-01-13 09:31:58.068461,311.99,312.05,0
2020-01-13 09:31:59,N,AAPL,311.99,2.0,312.05,3.0,1.0,2.0,2020-01-13 09:31:59.367335,311.95,312.0,0
2020-01-13 09:32:00,N,AAPL,311.95,2.0,312.0,3.0,1.0,0.0,2020-01-13 09:32:00.000453,311.92,311.98,0
2020-01-13 09:32:01,N,AAPL,311.92,2.0,311.98,1.0,1.0,0.0,2020-01-13 09:32:01.269492,312.0,312.04,1
2020-01-13 09:32:02,N,AAPL,312.0,1.0,312.04,2.0,-1.0,1.0,2020-01-13 09:32:02.331083,311.99,312.07,0
2020-01-13 09:32:03,N,AAPL,311.99,2.0,312.07,1.0,0.0,-2.0,2020-01-13 09:32:03.358754,312.0,312.05,0
2020-01-13 09:32:04,N,AAPL,312.0,1.0,312.05,2.0,-1.0,1.0,2020-01-13 09:32:04.322013,312.05,312.09,0
2020-01-13 09:32:05,N,AAPL,312.05,2.0,312.09,2.0,-1.0,1.0,2020-01-13 09:32:05.508880,312.09,312.11,0
2020-01-13 09:32:06,N,AAPL,312.09,3.0,312.11,3.0,1.0,-2.0,2020-01-13 09:32:06.185770,312.19,312.23,1
2020-01-13 09:32:08,N,AAPL,312.19,2.0,312.23,10.0,-1.0,7.0,2020-01-13 09:32:08.673011,312.21,312.24,0
2020-01-13 09:32:10,N,AAPL,312.21,2.0,312.24,2.0,0.0,0.0,2020-01-13 09:32:10.173467,312.15,312.2,-1
2020-01-13 09:32:12,N,AAPL,312.15,2.0,312.2,2.0,0.0,0.0,2020-01-13 09:32:12.515310,312.16,312.2,0
2020-01-13 09:32:13,N,AAPL,312.16,1.0,312.2,2.0,-1.0,1.0,2020-01-13 09:32:13.017815,312.16,312.22,0
2020-01-13 09:32:14,N,AAPL,312.16,2.0,312.22,2.0,0.0,1.0,2020-01-13 09:32:14.181201,312.13,312.18,0
2020-01-13 09:32:15,N,AAPL,312.13,7.0,312.18,2.0,3.0,1.0,2020-01-13 09:32:15.048837,312.15,312.19,0
2020-01-13 09:32:17,N,AAPL,312.15,2.0,312.19,2.0,-5.0,0.0,2020-01-13 09:32:17.005074,312.11,312.15,0
2020-01-13 09:32:18,N,AAPL,312.11,1.0,312.15,2.0,-5.0,0.0,2020-01-13 09:32:18.000820,312.05,312.07,-1
2020-01-13 09:32:19,N,AAPL,312.05,1.0,312.07,1.0,-5.0,-1.0,2020-01-13 09:32:19.331512,312.11,312.17,1
2020-01-13 09:32:21,N,AAPL,312.11,2.0,312.17,1.0,1.0,-3.0,2020-01-13 09:32:21.169878,312.11,312.17,0
2020-01-13 09:32:22,N,AAPL,312.11,1.0,312.17,2.0,0.0,0.0,2020-01-13 09:32:22.031923,312.1,312.13,0
2020-01-13 09:32:23,N,AAPL,312.1,1.0,312.13,2.0,0.0,0.0,2020-01-13 09:32:23.020739,312.06,312.11,0
2020-01-13 09:32:24,N,AAPL,312.06,1.0,312.11,4.0,-1.0,0.0,2020-01-13 09:32:24.006808,312.07,312.16,0
2020-01-13 09:32:25,N,AAPL,312.07,1.0,312.16,2.0,-3.0,1.0,2020-01-13 09:32:25.178044,312.08,312.15,0
2020-01-13 09:32:26,N,AAPL,312.08,2.0,312.15,5.0,-2.0,3.0,2020-01-13 09:32:26.181646,312.08,312.13,0
2020-01-13 09:32:27,N,AAPL,312.08,1.0,312.13,2.0,0.0,1.0,2020-01-13 09:32:27.481043,312.04,312.09,0
2020-01-13 09:32:28,N,AAPL,312.04,2.0,312.09,4.0,1.0,2.0,2020-01-13 09:32:28.277934,312.05,312.09,0
2020-01-13 09:32:29,N,AAPL,312.05,1.0,312.09,4.0,0.0,2.0,2020-01-13 09:32:29.965043,312.07,312.11,0
2020-01-13 09:32:30,N,AAPL,312.07,2.0,312.11,2.0,1.0,-1.0,2020-01-13 09:32:30.523720,312.11,312.17,0
2020-01-13 09:32:31,N,AAPL,312.11,2.0,312.17,1.0,0.0,-1.0,2020-01-13 09:32:31.390530,312.24,312.27,1
2020-01-13 09:32:32,N,AAPL,312.24,4.0,312.27,2.0,2.0,-10.0,2020-01-13 09:32:32.961889,312.23,312.28,0
2020-01-13 09:32:33,N,AAPL,312.23,3.0,312.28,3.0,1.0,2.0,2020-01-13 09:32:33.140051,312.29,312.35,1
2020-01-13 09:32:34,N,AAPL,312.29,2.0,312.35,4.0,0.0,2.0,2020-01-13 09:32:34.244237,312.3,312.35,0
2020-01-13 09:32:35,N,AAPL,312.3,4.0,312.35,3.0,2.0,-1.0,2020-01-13 09:32:35.475396,312.26,312.31,0
2020-01-13 09:32:36,N,AAPL,312.26,7.0,312.31,2.0,1.0,-3.0,2020-01-13 09:32:36.076861,312.24,312.28,0
2020-01-13 09:32:37,N,AAPL,312.24,2.0,312.28,4.0,-5.0,2.0,2020-01-13 09:32:37.085036,312.21,312.26,0
2020-01-13 09:32:38,N,AAPL,312.21,2.0,312.26,3.0,0.0,2.0,2020-01-13 09:32:38.119321,312.25,312.3,0
2020-01-13 09:32:40,N,AAPL,312.25,1.0,312.3,2.0,-1.0,-1.0,2020-01-13 09:32:40.155059,312.21,312.26,0
2020-01-13 09:32:42,N,AAPL,312.21,2.0,312.26,4.0,1.0,2.0,2020-01-13 09:32:42.114746,312.2,312.26,0
2020-01-13 09:32:43,N,AAPL,312.2,3.0,312.26,1.0,1.0,-2.0,2020-01-13 09:32:43.490630,312.12,312.17,-1
2020-01-13 09:32:44,N,AAPL,312.12,1.0,312.17,4.0,-1.0,2.0,2020-01-13 09:32:44.602148,312.12,312.19,0
2020-01-13 09:32:45,N,AAPL,312.12,1.0,312.19,4.0,0.0,2.0,2020-01-13 09:32:45.038788,312.22,312.28,1
2020-01-13 09:32:46,N,AAPL,312.22,2.0,312.28,2.0,1.0,1.0,2020-01-13 09:32:46.448686,312.26,312.28,0
2020-01-13 09:32:47,N,AAPL,312.26,2.0,312.28,2.0,0.0,0.0,2020-01-13 09:32:47.156023,312.23,312.3,0
2020-01-13 09:32:48,N,AAPL,312.23,4.0,312.3,9.0,3.0,7.0,2020-01-13 09:32:48.989274,312.27,312.31,0
2020-01-13 09:32:49,N,AAPL,312.27,4.0,312.31,2.0,0.0,-7.0,2020-01-13 09:32:49.258574,312.31,312.35,0
2020-01-13 09:32:50,N,AAPL,312.31,1.0,312.35,2.0,-1.0,1.0,2020-01-13 09:32:50.169285,312.35,312.39,0
2020-01-13 09:32:51,N,AAPL,312.35,2.0,312.39,1.0,-1.0,-3.0,2020-01-13 09:32:51.172043,312.35,312.38,0
2020-01-13 09:32:52,N,AAPL,312.35,2.0,312.38,1.0,-1.0,-12.0,2020-01-13 09:32:52.155174,312.36,312.4,0
2020-01-13 09:32:53,N,AAPL,312.36,2.0,312.4,13.0,0.0,0.0,2020-01-13 09:32:53.535854,312.35,312.39,0
2020-01-13 09:32:54,N,AAPL,312.35,4.0,312.39,1.0,1.0,-12.0,2020-01-13 09:32:54.255480,312.32,312.36,0
2020-01-13 09:32:55,N,AAPL,312.32,1.0,312.36,3.0,-3.0,2.0,2020-01-13 09:32:55.320237,312.26,312.31,-1
2020-01-13 09:32:56,N,AAPL,312.26,1.0,312.31,4.0,-1.0,3.0,2020-01-13 09:32:56.011253,312.3,312.35,0
2020-01-13 09:32:57,N,AAPL,312.3,2.0,312.35,2.0,1.0,0.0,2020-01-13 09:32:57.147866,312.34,312.39,0
2020-01-13 09:32:58,N,AAPL,312.34,4.0,312.39,3.0,2.0,2.0,2020-01-13 09:32:58.051723,312.38,312.41,0
2020-01-13 09:33:00,N,AAPL,312.38,4.0,312.41,8.0,2.0,5.0,2020-01-13 09:33:00.091553,312.39,312.42,0
2020-01-13 09:33:02,N,AAPL,312.39,2.0,312.42,2.0,-2.0,1.0,2020-01-13 09:33:02.071485,312.49,312.52,1
2020-01-13 09:33:03,N,AAPL,312.49,2.0,312.52,2.0,0.0,0.0,2020-01-13 09:33:03.632882,312.58,312.62,1
2020-01-13 09:33:04,N,AAPL,312.58,1.0,312.62,15.0,-1.0,13.0,2020-01-13 09:33:04.474442,312.59,312.62,0
2020-01-13 09:33:05,N,AAPL,312.59,1.0,312.62,4.0,-2.0,2.0,2020-01-13 09:33:05.055099,312.58,312.62,0
2020-01-13 09:33:06,N,AAPL,312.58,3.0,312.62,2.0,1.0,0.0,2020-01-13 09:33:06.332738,312.57,312.64,0
2020-01-13 09:33:07,N,AAPL,312.57,1.0,312.64,3.0,-1.0,0.0,2020-01-13 09:33:07.285334,312.52,312.56,-1
2020-01-13 09:33:09,N,AAPL,312.52,2.0,312.56,2.0,0.0,0.0,2020-01-13 09:33:09.194207,312.51,312.54,0
2020-01-13 09:33:10,N,AAPL,312.51,1.0,312.54,4.0,-1.0,2.0,2020-01-13 09:33:10.028857,312.54,312.59,0
2020-01-13 09:33:11,N,AAPL,312.54,5.0,312.59,1.0,4.0,-1.0,2020-01-13 09:33:11.283000,312.52,312.56,0
2020-01-13 09:33:12,N,AAPL,312.52,2.0,312.56,2.0,1.0,0.0,2020-01-13 09:33:12.457101,312.45,312.5,-1
2020-01-13 09:33:13,N,AAPL,312.45,2.0,312.5,6.0,0.0,4.0,2020-01-13 09:33:13.154038,312.45,312.5,0
2020-01-13 09:33:14,N,AAPL,312.45,2.0,312.5,3.0,-1.0,1.0,2020-01-13 09:33:14.003741,312.53,312.58,1
2020-01-13 09:33:15,N,AAPL,312.53,4.0,312.58,2.0,0.0,0.0,2020-01-13 09:33:15.973272,312.53,312.58,0
2020-01-13 09:33:16,N,AAPL,312.53,4.0,312.58,4.0,0.0,2.0,2020-01-13 09:33:16.003104,312.51,312.57,0
2020-01-13 09:33:17,N,AAPL,312.51,4.0,312.57,2.0,2.0,0.0,2020-01-13 09:33:17.188599,312.49,312.55,0
2020-01-13 09:33:18,N,AAPL,312.49,2.0,312.55,2.0,0.0,1.0,2020-01-13 09:33:18.460606,312.49,312.55,0
2020-01-13 09:33:19,N,AAPL,312.49,1.0,312.55,5.0,-1.0,3.0,2020-01-13 09:33:19.194324,312.56,312.6,1
2020-01-13 09:33:20,N,AAPL,312.56,4.0,312.6,10.0,2.0,5.0,2020-01-13 09:33:20.619835,312.54,312.59,0
2020-01-13 09:33:21,N,AAPL,312.54,4.0,312.59,2.0,2.0,1.0,2020-01-13 09:33:21.363872,312.54,312.58,0
2020-01-13 09:33:22,N,AAPL,312.54,2.0,312.58,2.0,1.0,0.0,2020-01-13 09:33:22.456188,312.54,312.6,0
2020-01-13 09:33:23,N,AAPL,312.54,3.0,312.6,9.0,1.0,7.0,2020-01-13 09:33:23.110013,312.56,312.6,0
2020-01-13 09:33:24,N,AAPL,312.56,1.0,312.6,11.0,-2.0,2.0,2020-01-13 09:33:24.338379,312.49,312.53,-1
2020-01-13 09:33:27,N,AAPL,312.49,6.0,312.53,2.0,2.0,0.0,2020-01-13 09:33:27.768369,312.47,312.52,0
2020-01-13 09:33:28,N,AAPL,312.47,6.0,312.52,2.0,2.0,0.0,2020-01-13 09:33:28.388715,312.5,312.54,0
2020-01-13 09:33:29,N,AAPL,312.5,2.0,312.54,3.0,0.0,2.0,2020-01-13 09:33:29.502533,312.54,312.57,0
2020-01-13 09:33:30,N,AAPL,312.54,1.0,312.57,3.0,0.0,2.0,2020-01-13 09:33:30.398470,312.57,312.6,0
2020-01-13 09:33:31,N,AAPL,312.57,4.0,312.6,16.0,3.0,13.0,2020-01-13 09:33:31.658808,312.59,312.62,0
2020-01-13 09:33:32,N,AAPL,312.59,2.0,312.62,3.0,-2.0,-13.0,2020-01-13 09:33:32.157863,312.65,312.67,1
2020-01-13 09:33:33,N,AAPL,312.65,2.0,312.67,2.0,0.0,-1.0,2020-01-13 09:33:33.306035,312.75,312.8,1
2020-01-13 09:33:35,N,AAPL,312.75,2.0,312.8,4.0,0.0,-2.0,2020-01-13 09:33:35.686087,312.76,312.8,0
2020-01-13 09:33:36,N,AAPL,312.76,2.0,312.8,4.0,0.0,0.0,2020-01-13 09:33:36.329127,312.8,312.84,0
2020-01-13 09:33:39,N,AAPL,312.8,3.0,312.84,1.0,1.0,0.0,2020-01-13 09:33:39.358219,312.76,312.81,0
2020-01-13 09:33:40,N,AAPL,312.76,2.0,312.81,2.0,0.0,1.0,2020-01-13 09:33:40.409518,312.69,312.73,-1
2020-01-13 09:33:41,N,AAPL,312.69,2.0,312.73,3.0,0.0,1.0,2020-01-13 09:33:41.595794,312.71,312.76,0
2020-01-13 09:33:42,N,AAPL,312.71,2.0,312.76,2.0,0.0,-1.0,2020-01-13 09:33:42.025860,312.72,312.77,0
2020-01-13 09:33:43,N,AAPL,312.72,2.0,312.77,5.0,0.0,2.0,2020-01-13 09:33:43.934658,312.74,312.79,0
2020-01-13 09:33:44,N,AAPL,312.74,2.0,312.79,2.0,0.0,-3.0,2020-01-13 09:33:44.822887,312.72,312.76,0
2020-01-13 09:33:45,N,AAPL,312.72,2.0,312.76,2.0,0.0,0.0,2020-01-13 09:33:45.035791,312.71,312.74,0
2020-01-13 09:33:46,N,AAPL,312.71,2.0,312.74,3.0,0.0,-1.0,2020-01-13 09:33:46.128587,312.71,312.76,0
2020-01-13 09:33:48,N,AAPL,312.71,2.0,312.76,2.0,0.0,1.0,2020-01-13 09:33:48.541010,312.7,312.74,0
2020-01-13 09:33:49,N,AAPL,312.7,1.0,312.74,4.0,0.0,3.0,2020-01-13 09:33:49.478236,312.68,312.7,0
2020-01-13 09:33:50,N,AAPL,312.68,2.0,312.7,1.0,1.0,-3.0,2020-01-13 09:33:50.239913,312.66,312.71,0
2020-01-13 09:33:51,N,AAPL,312.66,4.0,312.71,1.0,2.0,0.0,2020-01-13 09:33:51.214266,312.63,312.68,0
2020-01-13 09:33:52,N,AAPL,312.63,1.0,312.68,2.0,-1.0,1.0,2020-01-13 09:33:52.062202,312.64,312.7,0
2020-01-13 09:33:53,N,AAPL,312.64,4.0,312.7,3.0,1.0,2.0,2020-01-13 09:33:53.025614,312.67,312.71,0
2020-01-13 09:33:54,N,AAPL,312.67,2.0,312.71,3.0,-2.0,0.0,2020-01-13 09:33:54.929532,312.7,312.73,0
2020-01-13 09:33:55,N,AAPL,312.7,2.0,312.73,2.0,0.0,-1.0,2020-01-13 09:33:55.066369,312.74,312.77,1
2020-01-13 09:33:56,N,AAPL,312.74,2.0,312.77,1.0,0.0,-1.0,2020-01-13 09:33:56.098356,312.72,312.75,0
2020-01-13 09:33:58,N,AAPL,312.72,2.0,312.75,1.0,0.0,0.0,2020-01-13 09:33:58.234400,312.71,312.75,0
2020-01-13 09:33:59,N,AAPL,312.71,1.0,312.75,2.0,0.0,-2.0,2020-01-13 09:33:59.127839,312.77,312.79,1
2020-01-13 09:34:00,N,AAPL,312.77,4.0,312.79,1.0,3.0,0.0,2020-01-13 09:34:00.311533,312.67,312.72,-1
2020-01-13 09:34:01,N,AAPL,312.67,2.0,312.72,2.0,0.0,-4.0,2020-01-13 09:34:01.091433,312.74,312.78,1
2020-01-13 09:34:02,N,AAPL,312.74,1.0,312.78,4.0,-1.0,-6.0,2020-01-13 09:34:02.765901,312.66,312.68,-1
2020-01-13 09:34:03,N,AAPL,312.66,14.0,312.68,1.0,-86.0,0.0,2020-01-13 09:34:03.454799,312.6,312.65,-1
2020-01-13 09:34:04,N,AAPL,312.6,1.0,312.65,2.0,-15.0,1.0,2020-01-13 09:34:04.699049,312.61,312.66,0
2020-01-13 09:34:05,N,AAPL,312.61,2.0,312.66,2.0,1.0,0.0,2020-01-13 09:34:05.683951,312.59,312.65,0
2020-01-13 09:34:06,N,AAPL,312.59,2.0,312.65,1.0,0.0,-1.0,2020-01-13 09:34:06.016310,312.58,312.62,0
2020-01-13 09:34:07,N,AAPL,312.58,3.0,312.62,2.0,1.0,1.0,2020-01-13 09:34:07.084515,312.64,312.68,1
2020-01-13 09:34:08,N,AAPL,312.64,1.0,312.68,1.0,-1.0,0.0,2020-01-13 09:34:08.026987,312.68,312.71,0
2020-01-13 09:34:09,N,AAPL,312.68,4.0,312.71,2.0,3.0,1.0,2020-01-13 09:34:09.486536,312.77,312.83,1
2020-01-13 09:34:10,N,AAPL,312.77,2.0,312.83,3.0,0.0,2.0,2020-01-13 09:34:10.499143,312.66,312.71,-1
2020-01-13 09:34:11,N,AAPL,312.66,2.0,312.71,2.0,0.0,0.0,2020-01-13 09:34:11.598265,312.69,312.7,0
2020-01-13 09:34:13,N,AAPL,312.69,1.0,312.7,1.0,-1.0,-1.0,2020-01-13 09:34:13.073876,312.73,312.78,1
2020-01-13 09:34:14,N,AAPL,312.73,2.0,312.78,1.0,1.0,-1.0,2020-01-13 09:34:14.103908,312.72,312.76,0
2020-01-13 09:34:15,N,AAPL,312.72,5.0,312.76,4.0,3.0,3.0,2020-01-13 09:34:15.259283,312.73,312.75,0
2020-01-13 09:34:16,N,AAPL,312.73,4.0,312.75,2.0,3.0,1.0,2020-01-13 09:34:16.008397,312.76,312.79,1
2020-01-13 09:34:17,N,AAPL,312.76,2.0,312.79,11.0,1.0,10.0,2020-01-13 09:34:17.341208,312.72,312.77,0
2020-01-13 09:34:18,N,AAPL,312.72,3.0,312.77,2.0,0.0,0.0,2020-01-13 09:34:18.189632,312.73,312.77,0
2020-01-13 09:34:19,N,AAPL,312.73,3.0,312.77,3.0,-1.0,-7.0,2020-01-13 09:34:19.003950,312.73,312.77,0
2020-01-13 09:34:20,N,AAPL,312.73,1.0,312.77,2.0,-1.0,0.0,2020-01-13 09:34:20.012601,312.73,312.77,0
2020-01-13 09:34:24,N,AAPL,312.73,4.0,312.77,3.0,3.0,2.0,2020-01-13 09:34:24.504045,312.71,312.73,0
2020-01-13 09:34:25,N,AAPL,312.71,2.0,312.73,4.0,-2.0,1.0,2020-01-13 09:34:25.673800,312.76,312.79,1
2020-01-13 09:34:26,N,AAPL,312.76,2.0,312.79,10.0,0.0,8.0,2020-01-13 09:34:26.227399,312.78,312.8,0
2020-01-13 09:34:27,N,AAPL,312.78,2.0,312.8,6.0,0.0,-4.0,2020-01-13 09:34:27.309098,312.75,312.79,0
2020-01-13 09:34:28,N,AAPL,312.75,24.0,312.79,4.0,21.0,3.0,2020-01-13 09:34:28.741408,312.77,312.8,0
2020-01-13 09:34:29,N,AAPL,312.77,2.0,312.8,13.0,1.0,11.0,2020-01-13 09:34:29.820242,312.77,312.8,0
2020-01-13 09:34:32,N,AAPL,312.77,4.0,312.8,12.0,2.0,-1.0,2020-01-13 09:34:32.770668,312.75,312.79,0
2020-01-13 09:34:33,N,AAPL,312.75,25.0,312.79,4.0,24.0,-8.0,2020-01-13 09:34:33.094573,312.71,312.74,-1
2020-01-13 09:34:34,N,AAPL,312.71,2.0,312.74,4.0,-24.0,-8.0,2020-01-13 09:34:34.079042,312.73,312.77,0
2020-01-13 09:34:35,N,AAPL,312.73,2.0,312.77,2.0,-2.0,0.0,2020-01-13 09:34:35.079647,312.72,312.75,0
2020-01-13 09:34:36,N,AAPL,312.72,3.0,312.75,4.0,1.0,2.0,2020-01-13 09:34:36.057925,312.71,312.72,0
2020-01-13 09:34:37,N,AAPL,312.71,2.0,312.72,1.0,-1.0,-1.0,2020-01-13 09:34:37.745924,312.69,312.75,0
2020-01-13 09:34:38,N,AAPL,312.69,2.0,312.75,2.0,1.0,0.0,2020-01-13 09:34:38.174563,312.69,312.73,0
2020-01-13 09:34:39,N,AAPL,312.69,1.0,312.73,1.0,0.0,-1.0,2020-01-13 09:34:39.787713,312.7,312.75,0
2020-01-13 09:34:40,N,AAPL,312.7,1.0,312.75,2.0,0.0,1.0,2020-01-13 09:34:40.010640,312.78,312.81,1
2020-01-13 09:34:41,N,AAPL,312.78,4.0,312.81,1.0,3.0,0.0,2020-01-13 09:34:41.456104,312.81,312.86,0
2020-01-13 09:34:42,N,AAPL,312.81,2.0,312.86,4.0,0.0,2.0,2020-01-13 09:34:42.031600,312.89,312.92,1
2020-01-13 09:34:43,N,AAPL,312.89,2.0,312.92,2.0,0.0,1.0,2020-01-13 09:34:43.227617,312.89,312.93,0
2020-01-13 09:34:44,N,AAPL,312.89,2.0,312.93,2.0,0.0,0.0,2020-01-13 09:34:44.623842,312.8,312.85,-1
2020-01-13 09:34:45,N,AAPL,312.8,2.0,312.85,2.0,1.0,-1.0,2020-01-13 09:34:45.178395,312.83,312.9,0
2020-01-13 09:34:46,N,AAPL,312.83,2.0,312.9,4.0,-2.0,2.0,2020-01-13 09:34:46.037893,312.82,312.87,0
2020-01-13 09:34:47,N,AAPL,312.82,26.0,312.87,1.0,25.0,-1.0,2020-01-13 09:34:47.084114,312.82,312.88,0
2020-01-13 09:34:48,N,AAPL,312.82,25.0,312.88,2.0,21.0,1.0,2020-01-13 09:34:48.003447,312.89,312.93,1
2020-01-13 09:34:49,N,AAPL,312.89,3.0,312.93,2.0,-22.0,1.0,2020-01-13 09:34:49.620316,312.89,312.93,0
2020-01-13 09:34:50,N,AAPL,312.89,4.0,312.93,1.0,2.0,-2.0,2020-01-13 09:34:50.868003,312.89,312.92,0
2020-01-13 09:34:51,N,AAPL,312.89,2.0,312.92,2.0,-2.0,1.0,2020-01-13 09:34:51.022920,312.91,312.94,0
2020-01-13 09:34:53,N,AAPL,312.91,1.0,312.94,1.0,0.0,0.0,2020-01-13 09:34:53.370290,312.93,312.96,0
2020-01-13 09:34:54,N,AAPL,312.93,4.0,312.96,2.0,-28.0,0.0,2020-01-13 09:34:54.239689,312.96,312.99,0
2020-01-13 09:34:55,N,AAPL,312.96,2.0,312.99,7.0,1.0,6.0,2020-01-13 09:34:55.446194,312.97,313.0,0
2020-01-13 09:34:56,N,AAPL,312.97,2.0,313.0,188.0,0.0,181.0,2020-01-13 09:34:56.617468,312.95,312.98,0
2020-01-13 09:34:57,N,AAPL,312.95,1.0,312.98,2.0,-1.0,-186.0,2020-01-13 09:34:57.995039,312.95,312.98,0
2020-01-13 09:34:58,N,AAPL,312.95,1.0,312.98,2.0,0.0,0.0,2020-01-13 09:34:58.069574,312.93,312.96,0
2020-01-13 09:35:00,N,AAPL,312.93,1.0,312.96,1.0,-1.0,-3.0,2020-01-13 09:35:00.053580,312.97,313.0,1
2020-01-13 09:35:02,N,AAPL,312.97,1.0,313.0,37.0,0.0,36.0,2020-01-13 09:35:02.234437,312.95,313.0,0
2020-01-13 09:35:03,N,AAPL,312.95,2.0,313.0,34.0,0.0,32.0,2020-01-13 09:35:03.296039,312.95,312.99,0
2020-01-13 09:35:04,N,AAPL,312.95,3.0,312.99,1.0,-1.0,-33.0,2020-01-13 09:35:04.046324,313.08,313.14,1
2020-01-13 09:35:05,N,AAPL,313.08,2.0,313.14,2.0,-2.0,1.0,2020-01-13 09:35:05.078077,313.02,313.07,-1
2020-01-13 09:35:07,N,AAPL,313.02,2.0,313.07,2.0,1.0,0.0,2020-01-13 09:35:07.418554,313.03,313.07,0
2020-01-13 09:35:09,N,AAPL,313.03,4.0,313.07,1.0,2.0,-1.0,2020-01-13 09:35:09.337106,312.99,313.03,0
2020-01-13 09:35:10,N,AAPL,312.99,3.0,313.03,4.0,0.0,2.0,2020-01-13 09:35:10.538084,312.96,313.0,0
2020-01-13 09:35:11,N,AAPL,312.96,2.0,313.0,2.0,0.0,1.0,2020-01-13 09:35:11.316267,313.0,313.04,0
2020-01-13 09:35:12,N,AAPL,313.0,1.0,313.04,1.0,0.0,-1.0,2020-01-13 09:35:12.006882,312.94,313.0,0
2020-01-13 09:35:13,N,AAPL,312.94,2.0,313.0,1.0,1.0,-2.0,2020-01-13 09:35:13.470982,312.93,312.97,0
2020-01-13 09:35:14,N,AAPL,312.93,1.0,312.97,1.0,-1.0,-1.0,2020-01-13 09:35:14.401692,312.93,312.99,0
2020-01-13 09:35:15,N,AAPL,312.93,3.0,312.99,1.0,2.0,0.0,2020-01-13 09:35:15.323973,312.96,313.01,0
2020-01-13 09:35:16,N,AAPL,312.96,2.0,313.01,1.0,0.0,0.0,2020-01-13 09:35:16.323674,313.01,313.02,0
2020-01-13 09:35:17,N,AAPL,313.01,1.0,313.02,1.0,-1.0,0.0,2020-01-13 09:35:17.196441,313.0,313.02,0
2020-01-13 09:35:18,N,AAPL,313.0,1.0,313.02,5.0,0.0,4.0,2020-01-13 09:35:18.375447,313.0,313.03,0
2020-01-13 09:35:19,N,AAPL,313.0,2.0,313.03,1.0,1.0,0.0,2020-01-13 09:35:19.049671,313.01,313.03,0
2020-01-13 09:35:20,N,AAPL,313.01,1.0,313.03,1.0,-3.0,-1.0,2020-01-13 09:35:20.794111,313.0,313.03,0
2020-01-13 09:35:21,N,AAPL,313.0,2.0,313.03,1.0,1.0,0.0,2020-01-13 09:35:21.528367,313.03,313.06,0
2020-01-13 09:35:22,N,AAPL,313.03,2.0,313.06,1.0,0.0,-3.0,2020-01-13 09:35:22.796628,313.01,313.06,0
2020-01-13 09:35:23,N,AAPL,313.01,2.0,313.06,2.0,0.0,-2.0,2020-01-13 09:35:23.103588,313.02,313.08,0
2020-01-13 09:35:24,N,AAPL,313.02,2.0,313.08,2.0,1.0,0.0,2020-01-13 09:35:24.032727,312.85,312.9,-1
2020-01-13 09:35:25,N,AAPL,312.85,2.0,312.9,4.0,1.0,2.0,2020-01-13 09:35:25.350628,312.83,312.87,0
2020-01-13 09:35:26,N,AAPL,312.83,2.0,312.87,2.0,0.0,0.0,2020-01-13 09:35:26.114415,312.83,312.88,0
2020-01-13 09:35:27,N,AAPL,312.83,2.0,312.88,2.0,-19.0,0.0,2020-01-13 09:35:27.103743,312.83,312.84,0
2020-01-13 09:35:28,N,AAPL,312.83,1.0,312.84,2.0,-1.0,1.0,2020-01-13 09:35:28.152188,312.81,312.84,0
2020-01-13 09:35:29,N,AAPL,312.81,2.0,312.84,3.0,1.0,2.0,2020-01-13 09:35:29.281939,312.84,312.88,0
2020-01-13 09:35:30,N,AAPL,312.84,2.0,312.88,2.0,0.0,1.0,2020-01-13 09:35:30.105050,312.88,312.93,0
2020-01-13 09:35:31,N,AAPL,312.88,2.0,312.93,3.0,0.0,2.0,2020-01-13 09:35:31.310790,312.82,312.86,-1
2020-01-13 09:35:32,N,AAPL,312.82,1.0,312.86,2.0,-3.0,0.0,2020-01-13 09:35:32.131558,312.84,312.87,0
2020-01-13 09:35:33,N,AAPL,312.84,2.0,312.87,1.0,0.0,0.0,2020-01-13 09:35:33.216955,312.82,312.86,0
2020-01-13 09:35:34,N,AAPL,312.82,1.0,312.86,2.0,-1.0,0.0,2020-01-13 09:35:34.014393,312.89,312.94,1
2020-01-13 09:35:35,N,AAPL,312.89,2.0,312.94,2.0,0.0,0.0,2020-01-13 09:35:35.129876,312.89,312.93,0
2020-01-13 09:35:36,N,AAPL,312.89,4.0,312.93,2.0,1.0,1.0,2020-01-13 09:35:36.540598,312.92,312.96,0
2020-01-13 09:35:37,N,AAPL,312.92,4.0,312.96,2.0,2.0,0.0,2020-01-13 09:35:37.716810,312.94,312.96,0
2020-01-13 09:35:38,N,AAPL,312.94,4.0,312.96,1.0,0.0,-1.0,2020-01-13 09:35:38.237739,312.88,312.94,0
2020-01-13 09:35:39,N,AAPL,312.88,2.0,312.94,2.0,0.0,0.0,2020-01-13 09:35:39.222356,312.89,312.93,0
2020-01-13 09:35:40,N,AAPL,312.89,1.0,312.93,1.0,0.0,-1.0,2020-01-13 09:35:40.713970,312.9,312.94,0
2020-01-13 09:35:41,N,AAPL,312.9,2.0,312.94,1.0,1.0,0.0,2020-01-13 09:35:41.036418,312.9,312.93,0
2020-01-13 09:35:42,N,AAPL,312.9,1.0,312.93,4.0,-1.0,3.0,2020-01-13 09:35:42.028103,312.91,312.94,0
2020-01-13 09:35:43,N,AAPL,312.91,1.0,312.94,2.0,0.0,-2.0,2020-01-13 09:35:43.000317,312.9,312.95,0
2020-01-13 09:35:44,N,AAPL,312.9,4.0,312.95,4.0,-1.0,2.0,2020-01-13 09:35:44.140175,312.99,313.01,1
2020-01-13 09:35:48,N,AAPL,312.99,6.0,313.01,2.0,4.0,1.0,2020-01-13 09:35:48.242951,313.06,313.09,1
2020-01-13 09:35:51,N,AAPL,313.06,5.0,313.09,2.0,3.0,0.0,2020-01-13 09:35:51.747526,313.08,313.11,0
2020-01-13 09:35:53,N,AAPL,313.08,1.0,313.11,1.0,-3.0,-1.0,2020-01-13 09:35:53.650671,313.07,313.09,0
2020-01-13 09:35:54,N,AAPL,313.07,8.0,313.09,1.0,7.0,0.0,2020-01-13 09:35:54.301753,313.04,313.09,0
2020-01-13 09:35:55,N,AAPL,313.04,2.0,313.09,1.0,0.0,0.0,2020-01-13 09:35:55.304203,313.0,313.05,0
2020-01-13 09:35:56,N,AAPL,313.0,2.0,313.05,1.0,1.0,0.0,2020-01-13 09:35:56.452070,313.02,313.07,0
2020-01-13 09:35:58,N,AAPL,313.02,2.0,313.07,2.0,1.0,0.0,2020-01-13 09:35:58.104537,313.02,313.05,0
2020-01-13 09:35:59,N,AAPL,313.02,2.0,313.05,1.0,0.0,-1.0,2020-01-13 09:35:59.318221,313.1,313.12,1
2020-01-13 09:36:00,N,AAPL,313.1,2.0,313.12,1.0,0.0,0.0,2020-01-13 09:36:00.476861,313.08,313.12,0
2020-01-13 09:36:01,N,AAPL,313.08,2.0,313.12,1.0,0.0,0.0,2020-01-13 09:36:01.509442,313.12,313.15,0
2020-01-13 09:36:03,N,AAPL,313.12,4.0,313.15,2.0,2.0,0.0,2020-01-13 09:36:03.712839,313.15,313.19,0
2020-01-13 09:36:04,N,AAPL,313.15,4.0,313.19,2.0,2.0,1.0,2020-01-13 09:36:04.193602,313.2,313.23,1
2020-01-13 09:36:07,N,AAPL,313.2,1.0,313.23,4.0,-2.0,2.0,2020-01-13 09:36:07.464440,313.18,313.2,0
2020-01-13 09:36:08,N,AAPL,313.18,2.0,313.2,3.0,1.0,-1.0,2020-01-13 09:36:08.412463,313.15,313.18,0
2020-01-13 09:36:09,N,AAPL,313.15,1.0,313.18,1.0,0.0,0.0,2020-01-13 09:36:09.056430,313.17,313.22,0
2020-01-13 09:36:10,N,AAPL,313.17,4.0,313.22,2.0,2.0,0.0,2020-01-13 09:36:10.726982,313.21,313.24,0
2020-01-13 09:36:11,N,AAPL,313.21,2.0,313.24,1.0,0.0,-4.0,2020-01-13 09:36:11.485687,313.19,313.23,0
2020-01-13 09:36:12,N,AAPL,313.19,2.0,313.23,2.0,0.0,-10.0,2020-01-13 09:36:12.665369,313.2,313.23,0
2020-01-13 09:36:13,N,AAPL,313.2,2.0,313.23,2.0,0.0,0.0,2020-01-13 09:36:13.341259,313.34,313.37,1
2020-01-13 09:36:15,N,AAPL,313.34,4.0,313.37,1.0,2.0,0.0,2020-01-13 09:36:15.485528,313.3,313.35,0
2020-01-13 09:36:16,N,AAPL,313.3,2.0,313.35,2.0,0.0,1.0,2020-01-13 09:36:16.466320,313.29,313.31,0
2020-01-13 09:36:18,N,AAPL,313.29,1.0,313.31,4.0,0.0,2.0,2020-01-13 09:36:18.028961,313.26,313.29,0
2020-01-13 09:36:20,N,AAPL,313.26,1.0,313.29,2.0,0.0,-2.0,2020-01-13 09:36:20.218658,313.33,313.36,1
2020-01-13 09:36:21,N,AAPL,313.33,2.0,313.36,1.0,1.0,-1.0,2020-01-13 09:36:21.770174,313.31,313.33,0
2020-01-13 09:36:22,N,AAPL,313.31,1.0,313.33,2.0,-1.0,1.0,2020-01-13 09:36:22.296191,313.33,313.36,0
2020-01-13 09:36:23,N,AAPL,313.33,11.0,313.36,1.0,10.0,-1.0,2020-01-13 09:36:23.386311,313.36,313.37,0
2020-01-13 09:36:24,N,AAPL,313.36,10.0,313.37,4.0,-1.0,3.0,2020-01-13 09:36:24.180511,313.32,313.36,0
2020-01-13 09:36:25,N,AAPL,313.32,2.0,313.36,1.0,0.0,-1.0,2020-01-13 09:36:25.213246,313.3,313.33,0
2020-01-13 09:36:26,N,AAPL,313.3,2.0,313.33,1.0,1.0,-1.0,2020-01-13 09:36:26.382492,313.34,313.37,1
2020-01-13 09:36:29,N,AAPL,313.34,2.0,313.37,2.0,-3.0,0.0,2020-01-13 09:36:29.245739,313.34,313.37,0
2020-01-13 09:36:30,N,AAPL,313.34,1.0,313.37,2.0,-1.0,0.0,2020-01-13 09:36:30.568189,313.31,313.35,0
2020-01-13 09:36:31,N,AAPL,313.31,2.0,313.35,2.0,1.0,0.0,2020-01-13 09:36:31.304843,313.28,313.32,0
2020-01-13 09:36:32,N,AAPL,313.28,3.0,313.32,2.0,1.0,0.0,2020-01-13 09:36:32.098055,313.29,313.32,0
2020-01-13 09:36:33,N,AAPL,313.29,1.0,313.32,4.0,0.0,2.0,2020-01-13 09:36:33.241673,313.28,313.3,0
2020-01-13 09:36:36,N,AAPL,313.28,2.0,313.3,2.0,1.0,-2.0,2020-01-13 09:36:36.232827,313.25,313.3,0
2020-01-13 09:36:37,N,AAPL,313.25,10.0,313.3,2.0,9.0,-2.0,2020-01-13 09:36:37.181733,313.26,313.3,0
2020-01-13 09:36:38,N,AAPL,313.26,2.0,313.3,2.0,1.0,1.0,2020-01-13 09:36:38.055087,313.11,313.16,-1
2020-01-13 09:36:40,N,AAPL,313.11,2.0,313.16,2.0,0.0,0.0,2020-01-13 09:36:40.581227,313.11,313.14,0
2020-01-13 09:36:41,N,AAPL,313.11,3.0,313.14,2.0,2.0,0.0,2020-01-13 09:36:41.141957,313.13,313.17,0
2020-01-13 09:36:42,N,AAPL,313.13,2.0,313.17,1.0,0.0,0.0,2020-01-13 09:36:42.307428,313.12,313.15,0
2020-01-13 09:36:43,N,AAPL,313.12,1.0,313.15,1.0,-1.0,-1.0,2020-01-13 09:36:43.216454,313.21,313.24,1
2020-01-13 09:36:44,N,AAPL,313.21,2.0,313.24,2.0,-1.0,1.0,2020-01-13 09:36:44.085714,313.28,313.31,1
2020-01-13 09:36:45,N,AAPL,313.28,1.0,313.31,2.0,0.0,1.0,2020-01-13 09:36:45.310831,313.21,313.25,-1
2020-01-13 09:36:46,N,AAPL,313.21,2.0,313.25,2.0,-6.0,1.0,2020-01-13 09:36:46.952542,313.21,313.25,0
2020-01-13 09:36:47,N,AAPL,313.21,2.0,313.25,2.0,0.0,-2.0,2020-01-13 09:36:47.039532,313.17,313.21,0
2020-01-13 09:36:48,N,AAPL,313.17,1.0,313.21,1.0,0.0,-1.0,2020-01-13 09:36:48.130496,313.29,313.31,1
2020-01-13 09:36:50,N,AAPL,313.29,2.0,313.31,1.0,1.0,0.0,2020-01-13 09:36:50.559147,313.26,313.29,0
2020-01-13 09:36:51,N,AAPL,313.26,1.0,313.29,1.0,0.0,-2.0,2020-01-13 09:36:51.360409,313.23,313.28,0
2020-01-13 09:36:52,N,AAPL,313.23,2.0,313.28,3.0,-2.0,2.0,2020-01-13 09:36:52.739865,313.25,313.3,0
2020-01-13 09:36:53,N,AAPL,313.25,4.0,313.3,3.0,2.0,0.0,2020-01-13 09:36:53.530722,313.26,313.3,0
2020-01-13 09:36:54,N,AAPL,313.26,3.0,313.3,2.0,2.0,1.0,2020-01-13 09:36:54.669580,313.24,313.27,0
2020-01-13 09:36:55,N,AAPL,313.24,1.0,313.27,2.0,-3.0,0.0,2020-01-13 09:36:55.143568,313.21,313.25,0
2020-01-13 09:36:56,N,AAPL,313.21,2.0,313.25,2.0,0.0,0.0,2020-01-13 09:36:56.874756,313.19,313.22,0
2020-01-13 09:36:57,N,AAPL,313.19,1.0,313.22,2.0,-1.0,0.0,2020-01-13 09:36:57.247739,313.16,313.21,0
2020-01-13 09:36:58,N,AAPL,313.16,2.0,313.21,2.0,0.0,1.0,2020-01-13 09:36:58.423455,313.11,313.15,-1
2020-01-13 09:37:01,N,AAPL,313.11,1.0,313.15,2.0,-1.0,0.0,2020-01-13 09:37:01.821482,313.12,313.14,0
2020-01-13 09:37:02,N,AAPL,313.12,1.0,313.14,1.0,0.0,-1.0,2020-01-13 09:37:02.961743,313.11,313.14,0
2020-01-13 09:37:03,N,AAPL,313.11,1.0,313.14,2.0,-1.0,0.0,2020-01-13 09:37:03.064272,313.15,313.19,1
2020-01-13 09:37:04,N,AAPL,313.15,4.0,313.19,1.0,3.0,-1.0,2020-01-13 09:37:04.478650,313.15,313.18,0
2020-01-13 09:37:05,N,AAPL,313.15,2.0,313.18,2.0,0.0,-2.0,2020-01-13 09:37:05.413198,313.16,313.19,0
2020-01-13 09:37:06,N,AAPL,313.16,2.0,313.19,1.0,0.0,0.0,2020-01-13 09:37:06.627556,313.11,313.15,-1
2020-01-13 09:37:07,N,AAPL,313.11,2.0,313.15,4.0,0.0,2.0,2020-01-13 09:37:07.150389,313.13,313.17,0
2020-01-13 09:37:08,N,AAPL,313.13,1.0,313.17,4.0,0.0,2.0,2020-01-13 09:37:08.944695,313.13,313.17,0
2020-01-13 09:37:09,N,AAPL,313.13,3.0,313.17,4.0,2.0,0.0,2020-01-13 09:37:09.562755,313.12,313.14,0
2020-01-13 09:37:10,N,AAPL,313.12,1.0,313.14,2.0,-1.0,0.0,2020-01-13 09:37:10.558390,313.12,313.15,0
2020-01-13 09:37:11,N,AAPL,313.12,4.0,313.15,2.0,3.0,0.0,2020-01-13 09:37:11.694021,313.12,313.15,0
2020-01-13 09:37:14,N,AAPL,313.12,1.0,313.15,2.0,0.0,0.0,2020-01-13 09:37:14.130522,313.02,313.05,-1
2020-01-13 09:37:18,N,AAPL,313.02,1.0,313.05,2.0,0.0,0.0,2020-01-13 09:37:18.056563,312.97,313.0,-1
2020-01-13 09:37:19,N,AAPL,312.97,1.0,313.0,4.0,-1.0,2.0,2020-01-13 09:37:19.354426,312.89,312.93,-1
2020-01-13 09:37:20,N,AAPL,312.89,2.0,312.93,1.0,0.0,-1.0,2020-01-13 09:37:20.470255,312.86,312.92,0
2020-01-13 09:37:21,N,AAPL,312.86,2.0,312.92,2.0,0.0,0.0,2020-01-13 09:37:21.198091,312.89,312.92,0
2020-01-13 09:37:22,N,AAPL,312.89,1.0,312.92,2.0,0.0,1.0,2020-01-13 09:37:22.282477,312.87,312.9,0
2020-01-13 09:37:23,N,AAPL,312.87,2.0,312.9,1.0,1.0,-1.0,2020-01-13 09:37:23.367002,312.84,312.88,0
2020-01-13 09:37:24,N,AAPL,312.84,1.0,312.88,1.0,-1.0,0.0,2020-01-13 09:37:24.151927,312.84,312.88,0
2020-01-13 09:37:25,N,AAPL,312.84,1.0,312.88,2.0,0.0,1.0,2020-01-13 09:37:25.003201,312.88,312.92,0
2020-01-13 09:37:26,N,AAPL,312.88,2.0,312.92,1.0,0.0,-1.0,2020-01-13 09:37:26.096722,312.91,312.94,0
2020-01-13 09:37:27,N,AAPL,312.91,2.0,312.94,2.0,0.0,1.0,2020-01-13 09:37:27.064918,312.95,312.99,1
2020-01-13 09:37:28,N,AAPL,312.95,1.0,312.99,2.0,-1.0,1.0,2020-01-13 09:37:28.227520,312.9,312.94,-1
2020-01-13 09:37:29,N,AAPL,312.9,2.0,312.94,1.0,1.0,0.0,2020-01-13 09:37:29.660899,312.95,312.98,1
2020-01-13 09:37:30,N,AAPL,312.95,1.0,312.98,2.0,-1.0,0.0,2020-01-13 09:37:30.727418,312.91,312.96,0
2020-01-13 09:37:31,N,AAPL,312.91,2.0,312.96,4.0,0.0,2.0,2020-01-13 09:37:31.069745,312.84,312.88,-1
2020-01-13 09:37:33,N,AAPL,312.84,1.0,312.88,2.0,0.0,-1.0,2020-01-13 09:37:33.992814,312.88,312.91,0
2020-01-13 09:37:34,N,AAPL,312.88,34.0,312.91,2.0,33.0,0.0,2020-01-13 09:37:34.190031,312.87,312.9,0
2020-01-13 09:37:35,N,AAPL,312.87,2.0,312.9,1.0,1.0,-2.0,2020-01-13 09:37:35.035949,312.84,312.88,0
2020-01-13 09:37:37,N,AAPL,312.84,3.0,312.88,4.0,1.0,3.0,2020-01-13 09:37:37.163153,312.79,312.81,-1
2020-01-13 09:37:38,N,AAPL,312.79,1.0,312.81,3.0,-2.0,-2.0,2020-01-13 09:37:38.777652,312.76,312.8,0
2020-01-13 09:37:39,N,AAPL,312.76,1.0,312.8,3.0,0.0,1.0,2020-01-13 09:37:39.150402,312.75,312.79,0
2020-01-13 09:37:42,N,AAPL,312.75,3.0,312.79,2.0,2.0,0.0,2020-01-13 09:37:42.571702,312.77,312.81,0
2020-01-13 09:37:43,N,AAPL,312.77,2.0,312.81,4.0,0.0,3.0,2020-01-13 09:37:43.486155,312.76,312.8,0
2020-01-13 09:37:44,N,AAPL,312.76,1.0,312.8,2.0,-1.0,0.0,2020-01-13 09:37:44.097357,312.79,312.82,0
2020-01-13 09:37:45,N,AAPL,312.79,2.0,312.82,3.0,0.0,-1.0,2020-01-13 09:37:45.338373,312.88,312.93,1
2020-01-13 09:37:46,N,AAPL,312.88,3.0,312.93,2.0,1.0,0.0,2020-01-13 09:37:46.449725,312.92,312.97,0
2020-01-13 09:37:47,N,AAPL,312.92,2.0,312.97,1.0,0.0,-1.0,2020-01-13 09:37:47.396342,312.92,313.0,0
2020-01-13 09:37:48,N,AAPL,312.92,2.0,313.0,6.0,0.0,5.0,2020-01-13 09:37:48.101268,312.91,312.96,0
2020-01-13 09:37:53,N,AAPL,312.91,3.0,312.96,2.0,0.0,0.0,2020-01-13 09:37:53.432490,312.92,312.97,0
2020-01-13 09:37:55,N,AAPL,312.92,2.0,312.97,2.0,-1.0,0.0,2020-01-13 09:37:55.759479,312.94,312.98,0
2020-01-13 09:37:56,N,AAPL,312.94,1.0,312.98,4.0,-1.0,3.0,2020-01-13 09:37:56.047398,312.92,312.97,0
2020-01-13 09:37:57,N,AAPL,312.92,2.0,312.97,1.0,1.0,-2.0,2020-01-13 09:37:57.746934,312.9,312.96,0
2020-01-13 09:37:58,N,AAPL,312.9,2.0,312.96,2.0,0.0,1.0,2020-01-13 09:37:58.258361,313.0,313.01,1
2020-01-13 09:38:01,N,AAPL,313.0,1.0,313.01,2.0,-1.0,0.0,2020-01-13 09:38:01.277878,313.01,313.03,0
2020-01-13 09:38:03,N,AAPL,313.01,1.0,313.03,2.0,0.0,0.0,2020-01-13 09:38:03.416108,313.04,313.07,1
2020-01-13 09:38:04,N,AAPL,313.04,2.0,313.07,1.0,0.0,0.0,2020-01-13 09:38:04.043799,313.05,313.09,0
2020-01-13 09:38:05,N,AAPL,313.05,1.0,313.09,2.0,-1.0,-3.0,2020-01-13 09:38:05.205330,313.06,313.09,0
2020-01-13 09:38:06,N,AAPL,313.06,1.0,313.09,1.0,0.0,-1.0,2020-01-13 09:38:06.276071,313.08,313.14,0
2020-01-13 09:38:07,N,AAPL,313.08,1.0,313.14,2.0,0.0,0.0,2020-01-13 09:38:07.169439,313.1,313.13,0
2020-01-13 09:38:08,N,AAPL,313.1,3.0,313.13,1.0,1.0,0.0,2020-01-13 09:38:08.172907,313.1,313.13,0
2020-01-13 09:38:10,N,AAPL,313.1,2.0,313.13,1.0,-1.0,0.0,2020-01-13 09:38:10.019412,313.04,313.09,-1
2020-01-13 09:38:11,N,AAPL,313.04,1.0,313.09,3.0,-6.0,-2.0,2020-01-13 09:38:11.229350,313.01,313.07,0
2020-01-13 09:38:12,N,AAPL,313.01,2.0,313.07,2.0,1.0,0.0,2020-01-13 09:38:12.562236,313.04,313.07,0
2020-01-13 09:38:16,N,AAPL,313.04,2.0,313.07,5.0,0.0,3.0,2020-01-13 09:38:16.014732,312.97,313.01,-1
2020-01-13 09:38:19,N,AAPL,312.97,3.0,313.01,3.0,1.0,1.0,2020-01-13 09:38:19.020071,312.98,313.01,0
2020-01-13 09:38:21,N,AAPL,312.98,2.0,313.01,1.0,-1.0,-1.0,2020-01-13 09:38:21.470359,313.02,313.06,1
2020-01-13 09:38:22,N,AAPL,313.02,2.0,313.06,1.0,0.0,-1.0,2020-01-13 09:38:22.069913,312.96,313.0,-1
2020-01-13 09:38:26,N,AAPL,312.96,1.0,313.0,1.0,-1.0,-1.0,2020-01-13 09:38:26.221706,312.99,313.01,0
2020-01-13 09:38:28,N,AAPL,312.99,1.0,313.01,2.0,-5.0,1.0,2020-01-13 09:38:28.286057,312.97,313.02,0
2020-01-13 09:38:29,N,AAPL,312.97,1.0,313.02,2.0,-1.0,0.0,2020-01-13 09:38:29.278960,312.98,313.02,0
2020-01-13 09:38:30,N,AAPL,312.98,2.0,313.02,2.0,1.0,0.0,2020-01-13 09:38:30.027451,312.97,313.01,0
2020-01-13 09:38:34,N,AAPL,312.97,2.0,313.01,2.0,0.0,0.0,2020-01-13 09:38:34.384196,312.97,312.99,0
2020-01-13 09:38:36,N,AAPL,312.97,1.0,312.99,4.0,-1.0,2.0,2020-01-13 09:38:36.456999,312.95,312.97,0
2020-01-13 09:38:37,N,AAPL,312.95,4.0,312.97,5.0,3.0,1.0,2020-01-13 09:38:37.226279,312.99,313.02,1
2020-01-13 09:38:40,N,AAPL,312.99,4.0,313.02,2.0,2.0,0.0,2020-01-13 09:38:40.584111,313.0,313.04,0
2020-01-13 09:38:43,N,AAPL,313.0,17.0,313.04,2.0,14.0,0.0,2020-01-13 09:38:43.295625,312.96,312.99,-1
2020-01-13 09:38:45,N,AAPL,312.96,3.0,312.99,4.0,-9.0,2.0,2020-01-13 09:38:45.235619,312.99,313.03,0
2020-01-13 09:38:46,N,AAPL,312.99,2.0,313.03,1.0,0.0,0.0,2020-01-13 09:38:46.000270,312.97,313.0,0
2020-01-13 09:38:48,N,AAPL,312.97,2.0,313.0,4.0,-2.0,-2.0,2020-01-13 09:38:48.373718,312.99,313.02,0
2020-01-13 09:38:49,N,AAPL,312.99,2.0,313.02,4.0,0.0,3.0,2020-01-13 09:38:49.171525,312.9,312.94,-1
2020-01-13 09:38:50,N,AAPL,312.9,10.0,312.94,2.0,9.0,0.0,2020-01-13 09:38:50.009411,312.9,312.93,0
2020-01-13 09:38:52,N,AAPL,312.9,10.0,312.93,2.0,9.0,0.0,2020-01-13 09:38:52.772441,312.93,312.98,0
2020-01-13 09:38:53,N,AAPL,312.93,2.0,312.98,2.0,-8.0,0.0,2020-01-13 09:38:53.360954,312.85,312.89,-1
2020-01-13 09:38:54,N,AAPL,312.85,1.0,312.89,4.0,-1.0,2.0,2020-01-13 09:38:54.319302,312.88,312.9,0
2020-01-13 09:38:55,N,AAPL,312.88,1.0,312.9,2.0,-4.0,0.0,2020-01-13 09:38:55.275755,312.89,312.92,0
2020-01-13 09:38:56,N,AAPL,312.89,1.0,312.92,1.0,-1.0,0.0,2020-01-13 09:38:56.229188,312.91,312.93,0
2020-01-13 09:38:57,N,AAPL,312.91,1.0,312.93,3.0,0.0,2.0,2020-01-13 09:38:57.379887,312.85,312.89,-1
2020-01-13 09:38:59,N,AAPL,312.85,1.0,312.89,2.0,0.0,1.0,2020-01-13 09:38:59.521900,312.8,312.83,-1
2020-01-13 09:39:01,N,AAPL,312.8,17.0,312.83,4.0,16.0,2.0,2020-01-13 09:39:01.545956,312.79,312.81,0
2020-01-13 09:39:02,N,AAPL,312.79,1.0,312.81,1.0,-16.0,0.0,2020-01-13 09:39:02.468750,312.8,312.83,0
2020-01-13 09:39:03,N,AAPL,312.8,2.0,312.83,1.0,-7.0,0.0,2020-01-13 09:39:03.118635,312.78,312.81,0
2020-01-13 09:39:04,N,AAPL,312.78,3.0,312.81,2.0,1.0,1.0,2020-01-13 09:39:04.453880,312.75,312.79,0
2020-01-13 09:39:07,N,AAPL,312.75,3.0,312.79,2.0,1.0,0.0,2020-01-13 09:39:07.216799,312.75,312.78,0
2020-01-13 09:39:08,N,AAPL,312.75,2.0,312.78,2.0,0.0,1.0,2020-01-13 09:39:08.046366,312.71,312.75,0
2020-01-13 09:39:09,N,AAPL,312.71,3.0,312.75,1.0,1.0,-1.0,2020-01-13 09:39:09.058236,312.66,312.69,-1
2020-01-13 09:39:10,N,AAPL,312.66,1.0,312.69,1.0,-2.0,0.0,2020-01-13 09:39:10.128645,312.65,312.67,0
2020-01-13 09:39:11,N,AAPL,312.65,11.0,312.67,2.0,0.0,0.0,2020-01-13 09:39:11.122654,312.64,312.68,0
2020-01-13 09:39:12,N,AAPL,312.64,2.0,312.68,1.0,0.0,-14.0,2020-01-13 09:39:12.317265,312.66,312.7,0
2020-01-13 09:39:13,N,AAPL,312.66,1.0,312.7,2.0,-1.0,1.0,2020-01-13 09:39:13.210218,312.7,312.74,0
2020-01-13 09:39:14,N,AAPL,312.7,2.0,312.74,1.0,0.0,0.0,2020-01-13 09:39:14.798145,312.74,312.76,0
2020-01-13 09:39:15,N,AAPL,312.74,1.0,312.76,2.0,0.0,0.0,2020-01-13 09:39:15.080847,312.54,312.59,-1
2020-01-13 09:39:19,N,AAPL,312.54,1.0,312.59,2.0,0.0,1.0,2020-01-13 09:39:19.540229,312.55,312.58,0
2020-01-13 09:39:20,N,AAPL,312.55,1.0,312.58,1.0,-1.0,-1.0,2020-01-13 09:39:20.053763,312.55,312.58,0
2020-01-13 09:39:21,N,AAPL,312.55,2.0,312.58,2.0,1.0,1.0,2020-01-13 09:39:21.440412,312.55,312.58,0
2020-01-13 09:39:22,N,AAPL,312.55,2.0,312.58,1.0,0.0,0.0,2020-01-13 09:39:22.169494,312.62,312.65,1
2020-01-13 09:39:23,N,AAPL,312.62,1.0,312.65,2.0,-1.0,1.0,2020-01-13 09:39:23.450445,312.68,312.72,1
2020-01-13 09:39:24,N,AAPL,312.68,2.0,312.72,2.0,0.0,0.0,2020-01-13 09:39:24.664471,312.68,312.73,0
2020-01-13 09:39:25,N,AAPL,312.68,2.0,312.73,2.0,1.0,-2.0,2020-01-13 09:39:25.176622,312.75,312.78,1
2020-01-13 09:39:27,N,AAPL,312.75,2.0,312.78,2.0,1.0,-1.0,2020-01-13 09:39:27.499867,312.75,312.79,0
2020-01-13 09:39:28,N,AAPL,312.75,2.0,312.79,2.0,1.0,-1.0,2020-01-13 09:39:28.733601,312.8,312.82,1
2020-01-13 09:39:32,N,AAPL,312.8,2.0,312.82,1.0,1.0,-1.0,2020-01-13 09:39:32.337563,312.83,312.88,1
2020-01-13 09:39:33,N,AAPL,312.83,1.0,312.88,4.0,0.0,2.0,2020-01-13 09:39:33.507969,312.85,312.88,0
2020-01-13 09:39:34,N,AAPL,312.85,1.0,312.88,1.0,0.0,-3.0,2020-01-13 09:39:34.375251,312.85,312.88,0
2020-01-13 09:39:35,N,AAPL,312.85,1.0,312.88,2.0,0.0,0.0,2020-01-13 09:39:35.000066,312.85,312.87,0
2020-01-13 09:39:36,N,AAPL,312.85,1.0,312.87,2.0,0.0,0.0,2020-01-13 09:39:36.182385,312.84,312.87,0
2020-01-13 09:39:37,N,AAPL,312.84,2.0,312.87,2.0,1.0,0.0,2020-01-13 09:39:37.041092,312.89,312.93,1
2020-01-13 09:39:40,N,AAPL,312.89,3.0,312.93,1.0,2.0,-2.0,2020-01-13 09:39:40.476861,312.83,312.86,-1
2020-01-13 09:39:43,N,AAPL,312.83,4.0,312.86,4.0,-1.0,3.0,2020-01-13 09:39:43.214807,312.83,312.84,0
2020-01-13 09:39:46,N,AAPL,312.83,3.0,312.84,1.0,-1.0,-1.0,2020-01-13 09:39:46.391516,312.81,312.84,0
2020-01-13 09:39:47,N,AAPL,312.81,1.0,312.84,1.0,0.0,-1.0,2020-01-13 09:39:47.284440,312.82,312.86,0
2020-01-13 09:39:48,N,AAPL,312.82,1.0,312.86,1.0,0.0,0.0,2020-01-13 09:39:48.167806,312.8,312.84,0
2020-01-13 09:39:49,N,AAPL,312.8,2.0,312.84,4.0,0.0,3.0,2020-01-13 09:39:49.328237,312.79,312.82,0
2020-01-13 09:39:50,N,AAPL,312.79,2.0,312.82,2.0,1.0,1.0,2020-01-13 09:39:50.006348,312.81,312.84,0
2020-01-13 09:39:51,N,AAPL,312.81,2.0,312.84,2.0,1.0,0.0,2020-01-13 09:39:51.080763,312.77,312.8,-1
2020-01-13 09:39:52,N,AAPL,312.77,3.0,312.8,5.0,2.0,3.0,2020-01-13 09:39:52.648643,312.76,312.79,0
2020-01-13 09:39:53,N,AAPL,312.76,2.0,312.79,1.0,0.0,-2.0,2020-01-13 09:39:53.044776,312.63,312.66,-1
2020-01-13 09:39:54,N,AAPL,312.63,2.0,312.66,1.0,1.0,0.0,2020-01-13 09:39:54.481159,312.61,312.63,0
2020-01-13 09:39:55,N,AAPL,312.61,1.0,312.63,3.0,0.0,1.0,2020-01-13 09:39:55.177378,312.6,312.62,0
2020-01-13 09:39:56,N,AAPL,312.6,1.0,312.62,1.0,0.0,-1.0,2020-01-13 09:39:56.020839,312.65,312.69,1
2020-01-13 09:39:57,N,AAPL,312.65,2.0,312.69,4.0,0.0,2.0,2020-01-13 09:39:57.779489,312.62,312.65,0
2020-01-13 09:39:58,N,AAPL,312.62,1.0,312.65,3.0,-1.0,1.0,2020-01-13 09:39:58.632978,312.67,312.71,1
2020-01-13 09:39:59,N,AAPL,312.67,2.0,312.71,2.0,0.0,0.0,2020-01-13 09:39:59.021062,312.63,312.67,0
2020-01-13 09:40:00,N,AAPL,312.63,2.0,312.67,5.0,0.0,1.0,2020-01-13 09:40:00.145950,312.64,312.68,0
2020-01-13 09:40:01,N,AAPL,312.64,1.0,312.68,2.0,-1.0,0.0,2020-01-13 09:40:01.390712,312.73,312.78,1
2020-01-13 09:40:02,N,AAPL,312.73,1.0,312.78,3.0,0.0,1.0,2020-01-13 09:40:02.923208,312.72,312.76,0
2020-01-13 09:40:05,N,AAPL,312.72,3.0,312.76,2.0,2.0,-1.0,2020-01-13 09:40:05.018836,312.72,312.74,0
2020-01-13 09:40:06,N,AAPL,312.72,6.0,312.74,3.0,3.0,1.0,2020-01-13 09:40:06.517184,312.68,312.72,0
2020-01-13 09:40:07,N,AAPL,312.68,2.0,312.72,2.0,-3.0,0.0,2020-01-13 09:40:07.305593,312.68,312.72,0
2020-01-13 09:40:08,N,AAPL,312.68,1.0,312.72,3.0,-1.0,0.0,2020-01-13 09:40:08.010259,312.68,312.72,0
2020-01-13 09:40:09,N,AAPL,312.68,2.0,312.72,4.0,0.0,2.0,2020-01-13 09:40:09.007336,312.67,312.68,0
2020-01-13 09:40:10,N,AAPL,312.67,1.0,312.68,4.0,-4.0,2.0,2020-01-13 09:40:10.674163,312.68,312.72,0
2020-01-13 09:40:11,N,AAPL,312.68,3.0,312.72,2.0,1.0,0.0,2020-01-13 09:40:11.250815,312.66,312.7,0
2020-01-13 09:40:12,N,AAPL,312.66,2.0,312.7,2.0,1.0,-3.0,2020-01-13 09:40:12.042274,312.61,312.63,-1
2020-01-13 09:40:13,N,AAPL,312.61,1.0,312.63,3.0,0.0,0.0,2020-01-13 09:40:13.666454,312.6,312.65,0
2020-01-13 09:40:14,N,AAPL,312.6,3.0,312.65,4.0,0.0,2.0,2020-01-13 09:40:14.888597,312.6,312.65,0
2020-01-13 09:40:15,N,AAPL,312.6,3.0,312.65,3.0,1.0,2.0,2020-01-13 09:40:15.202629,312.6,312.63,0
2020-01-13 09:40:16,N,AAPL,312.6,3.0,312.63,2.0,0.0,0.0,2020-01-13 09:40:16.265230,312.51,312.54,-1
2020-01-13 09:40:17,N,AAPL,312.51,3.0,312.54,2.0,1.0,0.0,2020-01-13 09:40:17.493019,312.4,312.43,-1
2020-01-13 09:40:18,N,AAPL,312.4,5.0,312.43,1.0,4.0,-2.0,2020-01-13 09:40:18.098884,312.41,312.44,0
2020-01-13 09:40:19,N,AAPL,312.41,2.0,312.44,3.0,0.0,1.0,2020-01-13 09:40:19.305621,312.4,312.42,0
2020-01-13 09:40:20,N,AAPL,312.4,3.0,312.42,1.0,-2.0,0.0,2020-01-13 09:40:20.230528,312.44,312.47,1
2020-01-13 09:40:21,N,AAPL,312.44,1.0,312.47,1.0,-1.0,0.0,2020-01-13 09:40:21.337817,312.32,312.36,-1
2020-01-13 09:40:24,N,AAPL,312.32,1.0,312.36,2.0,-1.0,1.0,2020-01-13 09:40:24.068297,312.31,312.35,0
2020-01-13 09:40:27,N,AAPL,312.31,2.0,312.35,1.0,0.0,-1.0,2020-01-13 09:40:27.595245,312.31,312.33,0
2020-01-13 09:40:28,N,AAPL,312.31,1.0,312.33,3.0,-1.0,2.0,2020-01-13 09:40:28.192002,312.25,312.29,-1
2020-01-13 09:40:29,N,AAPL,312.25,3.0,312.29,4.0,0.0,2.0,2020-01-13 09:40:29.143384,312.25,312.28,0
2020-01-13 09:40:30,N,AAPL,312.25,1.0,312.28,1.0,0.0,-3.0,2020-01-13 09:40:30.516661,312.22,312.27,0
2020-01-13 09:40:31,N,AAPL,312.22,2.0,312.27,2.0,0.0,0.0,2020-01-13 09:40:31.121765,312.23,312.27,0
2020-01-13 09:40:32,N,AAPL,312.23,1.0,312.27,2.0,0.0,0.0,2020-01-13 09:40:32.427521,312.26,312.29,0
2020-01-13 09:40:33,N,AAPL,312.26,5.0,312.29,3.0,4.0,1.0,2020-01-13 09:40:33.497667,312.26,312.29,0
2020-01-13 09:40:34,N,AAPL,312.26,2.0,312.29,2.0,-3.0,-1.0,2020-01-13 09:40:34.594771,312.25,312.28,0
2020-01-13 09:40:36,N,AAPL,312.25,1.0,312.28,4.0,-1.0,2.0,2020-01-13 09:40:36.031372,312.27,312.28,0
2020-01-13 09:40:37,N,AAPL,312.27,2.0,312.28,2.0,1.0,0.0,2020-01-13 09:40:37.557394,312.26,312.28,0
2020-01-13 09:40:38,N,AAPL,312.26,1.0,312.28,2.0,-2.0,0.0,2020-01-13 09:40:38.036218,312.25,312.27,0
2020-01-13 09:40:39,N,AAPL,312.25,3.0,312.27,3.0,1.0,1.0,2020-01-13 09:40:39.133574,312.26,312.28,0
2020-01-13 09:40:40,N,AAPL,312.26,3.0,312.28,2.0,2.0,1.0,2020-01-13 09:40:40.324825,312.26,312.29,0
2020-01-13 09:40:41,N,AAPL,312.26,1.0,312.29,4.0,-1.0,0.0,2020-01-13 09:40:41.135347,312.29,312.3,0
2020-01-13 09:40:43,N,AAPL,312.29,3.0,312.3,2.0,1.0,-4.0,2020-01-13 09:40:43.514135,312.29,312.3,0
2020-01-13 09:40:44,N,AAPL,312.29,2.0,312.3,4.0,1.0,2.0,2020-01-13 09:40:44.654994,312.27,312.29,0
2020-01-13 09:40:45,N,AAPL,312.27,2.0,312.29,5.0,0.0,1.0,2020-01-13 09:40:45.464000,312.25,312.28,0
2020-01-13 09:40:47,N,AAPL,312.25,55.0,312.28,5.0,54.0,3.0,2020-01-13 09:40:47.897586,312.25,312.28,0
2020-01-13 09:40:48,N,AAPL,312.25,55.0,312.28,2.0,0.0,0.0,2020-01-13 09:40:48.229125,312.25,312.26,0
2020-01-13 09:40:49,N,AAPL,312.25,19.0,312.26,1.0,-36.0,-1.0,2020-01-13 09:40:49.559865,312.15,312.16,-1
2020-01-13 09:40:50,N,AAPL,312.15,1.0,312.16,1.0,-1.0,0.0,2020-01-13 09:40:50.503181,312.17,312.2,1
2020-01-13 09:40:51,N,AAPL,312.17,3.0,312.2,2.0,1.0,1.0,2020-01-13 09:40:51.316579,312.16,312.2,0
2020-01-13 09:40:52,N,AAPL,312.16,1.0,312.2,4.0,0.0,2.0,2020-01-13 09:40:52.205348,312.11,312.15,-1
2020-01-13 09:40:53,N,AAPL,312.11,2.0,312.15,3.0,1.0,2.0,2020-01-13 09:40:53.046758,312.15,312.2,0
2020-01-13 09:40:54,N,AAPL,312.15,3.0,312.2,4.0,1.0,3.0,2020-01-13 09:40:54.327552,312.15,312.18,0
2020-01-13 09:40:55,N,AAPL,312.15,1.0,312.18,5.0,-2.0,2.0,2020-01-13 09:40:55.572465,312.13,312.15,0
2020-01-13 09:40:56,N,AAPL,312.13,4.0,312.15,1.0,3.0,-1.0,2020-01-13 09:40:56.168292,312.15,312.19,0
2020-01-13 09:40:57,N,AAPL,312.15,2.0,312.19,3.0,-2.0,1.0,2020-01-13 09:40:57.075371,312.17,312.18,0
2020-01-13 09:40:58,N,AAPL,312.17,2.0,312.18,2.0,-2.0,0.0,2020-01-13 09:40:58.420347,312.15,312.19,0
2020-01-13 09:40:59,N,AAPL,312.15,2.0,312.19,2.0,-1.0,1.0,2020-01-13 09:40:59.001741,312.2,312.22,1
2020-01-13 09:41:00,N,AAPL,312.2,2.0,312.22,2.0,0.0,1.0,2020-01-13 09:41:00.718166,312.15,312.19,-1
2020-01-13 09:41:02,N,AAPL,312.15,2.0,312.19,3.0,0.0,2.0,2020-01-13 09:41:02.056378,312.21,312.25,1
2020-01-13 09:41:03,N,AAPL,312.21,1.0,312.25,1.0,-1.0,0.0,2020-01-13 09:41:03.088095,312.2,312.23,0
2020-01-13 09:41:05,N,AAPL,312.2,2.0,312.23,5.0,-1.0,3.0,2020-01-13 09:41:05.476551,312.18,312.21,0
2020-01-13 09:41:06,N,AAPL,312.18,2.0,312.21,1.0,0.0,-2.0,2020-01-13 09:41:06.787916,312.18,312.19,0
2020-01-13 09:41:08,N,AAPL,312.18,3.0,312.19,2.0,1.0,-2.0,2020-01-13 09:41:08.528655,312.18,312.23,0
2020-01-13 09:41:09,N,AAPL,312.18,5.0,312.23,3.0,0.0,1.0,2020-01-13 09:41:09.221354,312.18,312.19,0
2020-01-13 09:41:12,N,AAPL,312.18,2.0,312.19,1.0,-1.0,-2.0,2020-01-13 09:41:12.434388,312.17,312.21,0
2020-01-13 09:41:13,N,AAPL,312.17,2.0,312.21,2.0,1.0,1.0,2020-01-13 09:41:13.432097,312.21,312.23,0
2020-01-13 09:41:14,N,AAPL,312.21,2.0,312.23,1.0,-1.0,-1.0,2020-01-13 09:41:14.173954,312.19,312.22,0
2020-01-13 09:41:15,N,AAPL,312.19,2.0,312.22,2.0,-1.0,1.0,2020-01-13 09:41:15.053158,312.17,312.19,0
2020-01-13 09:41:16,N,AAPL,312.17,3.0,312.19,3.0,0.0,1.0,2020-01-13 09:41:16.041816,312.19,312.21,0
2020-01-13 09:41:17,N,AAPL,312.19,1.0,312.21,3.0,-2.0,-3.0,2020-01-13 09:41:17.894068,312.21,312.24,0
2020-01-13 09:41:18,N,AAPL,312.21,3.0,312.24,2.0,2.0,-1.0,2020-01-13 09:41:18.249283,312.29,312.33,1
2020-01-13 09:41:19,N,AAPL,312.29,3.0,312.33,3.0,1.0,2.0,2020-01-13 09:41:19.124044,312.28,312.31,0
2020-01-13 09:41:20,N,AAPL,312.28,1.0,312.31,3.0,0.0,1.0,2020-01-13 09:41:20.064917,312.27,312.29,0
2020-01-13 09:41:21,N,AAPL,312.27,1.0,312.29,1.0,-1.0,-1.0,2020-01-13 09:41:21.096671,312.27,312.29,0
2020-01-13 09:41:22,N,AAPL,312.27,1.0,312.29,3.0,0.0,1.0,2020-01-13 09:41:22.318776,312.22,312.26,-1
2020-01-13 09:41:23,N,AAPL,312.22,3.0,312.26,4.0,1.0,0.0,2020-01-13 09:41:23.063288,312.25,312.29,0
2020-01-13 09:41:24,N,AAPL,312.25,6.0,312.29,4.0,4.0,1.0,2020-01-13 09:41:24.870487,312.25,312.29,0
2020-01-13 09:41:25,N,AAPL,312.25,6.0,312.29,6.0,0.0,2.0,2020-01-13 09:41:25.279332,312.24,312.29,0
2020-01-13 09:41:26,N,AAPL,312.24,2.0,312.29,3.0,-4.0,0.0,2020-01-13 09:41:26.236353,312.24,312.28,0
2020-01-13 09:41:27,N,AAPL,312.24,1.0,312.28,5.0,-1.0,2.0,2020-01-13 09:41:27.435719,312.29,312.31,1
2020-01-13 09:41:29,N,AAPL,312.29,2.0,312.31,2.0,1.0,0.0,2020-01-13 09:41:29.157224,312.33,312.35,1
2020-01-13 09:41:30,N,AAPL,312.33,1.0,312.35,2.0,-1.0,0.0,2020-01-13 09:41:30.368828,312.33,312.35,0
2020-01-13 09:41:31,N,AAPL,312.33,2.0,312.35,2.0,-1.0,1.0,2020-01-13 09:41:31.629542,312.39,312.44,1
2020-01-13 09:41:32,N,AAPL,312.39,2.0,312.44,3.0,0.0,1.0,2020-01-13 09:41:32.095398,312.32,312.36,-1
2020-01-13 09:41:33,N,AAPL,312.32,2.0,312.36,2.0,1.0,1.0,2020-01-13 09:41:33.072355,312.34,312.39,0
2020-01-13 09:41:34,N,AAPL,312.34,3.0,312.39,2.0,-2.0,1.0,2020-01-13 09:41:34.011378,312.34,312.37,0
2020-01-13 09:41:35,N,AAPL,312.34,2.0,312.37,2.0,1.0,1.0,2020-01-13 09:41:35.717572,312.35,312.38,0
2020-01-13 09:41:36,N,AAPL,312.35,3.0,312.38,1.0,1.0,-1.0,2020-01-13 09:41:36.212159,312.34,312.38,0
2020-01-13 09:41:37,N,AAPL,312.34,2.0,312.38,1.0,0.0,0.0,2020-01-13 09:41:37.013115,312.43,312.46,1
2020-01-13 09:41:38,N,AAPL,312.43,2.0,312.46,1.0,1.0,0.0,2020-01-13 09:41:38.862875,312.43,312.48,0
2020-01-13 09:41:39,N,AAPL,312.43,6.0,312.48,1.0,3.0,-1.0,2020-01-13 09:41:39.019875,312.46,312.48,0
2020-01-13 09:41:40,N,AAPL,312.46,3.0,312.48,1.0,2.0,-3.0,2020-01-13 09:41:40.051202,312.46,312.5,0
2020-01-13 09:41:41,N,AAPL,312.46,2.0,312.5,10.0,-1.0,9.0,2020-01-13 09:41:41.396120,312.46,312.49,0
2020-01-13 09:41:42,N,AAPL,312.46,2.0,312.49,4.0,0.0,-6.0,2020-01-13 09:41:42.266732,312.39,312.43,-1
2020-01-13 09:41:43,N,AAPL,312.39,3.0,312.43,1.0,-6.0,-1.0,2020-01-13 09:41:43.339757,312.37,312.42,0
2020-01-13 09:41:44,N,AAPL,312.37,3.0,312.42,3.0,0.0,1.0,2020-01-13 09:41:44.102127,312.29,312.34,-1
2020-01-13 09:41:45,N,AAPL,312.29,2.0,312.34,3.0,0.0,0.0,2020-01-13 09:41:45.040724,312.26,312.3,0
2020-01-13 09:41:46,N,AAPL,312.26,1.0,312.3,3.0,-4.0,2.0,2020-01-13 09:41:46.003927,312.23,312.26,0
2020-01-13 09:41:47,N,AAPL,312.23,2.0,312.26,1.0,0.0,-2.0,2020-01-13 09:41:47.559053,312.28,312.31,1
2020-01-13 09:41:48,N,AAPL,312.28,2.0,312.31,3.0,0.0,1.0,2020-01-13 09:41:48.275034,312.31,312.35,0
2020-01-13 09:41:49,N,AAPL,312.31,2.0,312.35,1.0,-1.0,0.0,2020-01-13 09:41:49.148066,312.32,312.36,0
2020-01-13 09:41:50,N,AAPL,312.32,2.0,312.36,2.0,1.0,0.0,2020-01-13 09:41:50.268132,312.38,312.41,1
2020-01-13 09:41:52,N,AAPL,312.38,3.0,312.41,1.0,0.0,-1.0,2020-01-13 09:41:52.023996,312.37,312.38,0
2020-01-13 09:41:53,N,AAPL,312.37,1.0,312.38,3.0,-1.0,1.0,2020-01-13 09:41:53.951236,312.35,312.38,0
2020-01-13 09:41:54,N,AAPL,312.35,3.0,312.38,4.0,2.0,2.0,2020-01-13 09:41:54.542046,312.31,312.34,-1
2020-01-13 09:41:55,N,AAPL,312.31,4.0,312.34,4.0,0.0,1.0,2020-01-13 09:41:55.918026,312.28,312.32,0
2020-01-13 09:41:56,N,AAPL,312.28,1.0,312.32,2.0,-3.0,0.0,2020-01-13 09:41:56.040353,312.3,312.34,0
2020-01-13 09:41:57,N,AAPL,312.3,3.0,312.34,4.0,1.0,2.0,2020-01-13 09:41:57.280909,312.3,312.35,0
2020-01-13 09:41:58,N,AAPL,312.3,3.0,312.35,1.0,1.0,-2.0,2020-01-13 09:41:58.103492,312.34,312.39,0
2020-01-13 09:41:59,N,AAPL,312.34,4.0,312.39,4.0,2.0,2.0,2020-01-13 09:41:59.240491,312.33,312.37,0
2020-01-13 09:42:00,N,AAPL,312.33,1.0,312.37,2.0,-1.0,0.0,2020-01-13 09:42:00.071622,312.27,312.28,-1
2020-01-13 09:42:01,N,AAPL,312.27,6.0,312.28,1.0,5.0,-1.0,2020-01-13 09:42:01.436648,312.2,312.22,-1
2020-01-13 09:42:03,N,AAPL,312.2,3.0,312.22,1.0,-5.0,0.0,2020-01-13 09:42:03.192302,312.21,312.23,0
2020-01-13 09:42:04,N,AAPL,312.21,1.0,312.23,1.0,-4.0,0.0,2020-01-13 09:42:04.245520,312.2,312.24,0
2020-01-13 09:42:05,N,AAPL,312.2,2.0,312.24,3.0,0.0,2.0,2020-01-13 09:42:05.035631,312.16,312.19,-1
2020-01-13 09:42:06,N,AAPL,312.16,2.0,312.19,1.0,-5.0,0.0,2020-01-13 09:42:06.039648,312.15,312.17,0
2020-01-13 09:42:07,N,AAPL,312.15,3.0,312.17,1.0,0.0,-1.0,2020-01-13 09:42:07.506038,312.13,312.17,0
2020-01-13 09:42:09,N,AAPL,312.13,4.0,312.17,3.0,1.0,2.0,2020-01-13 09:42:09.209536,312.1,312.13,0
2020-01-13 09:42:10,N,AAPL,312.1,15.0,312.13,1.0,1.0,0.0,2020-01-13 09:42:10.132446,312.13,312.17,0
2020-01-13 09:42:11,N,AAPL,312.13,2.0,312.17,3.0,1.0,0.0,2020-01-13 09:42:11.162642,312.1,312.13,0
2020-01-13 09:42:12,N,AAPL,312.1,2.0,312.13,1.0,0.0,-1.0,2020-01-13 09:42:12.100855,312.15,312.18,1
2020-01-13 09:42:14,N,AAPL,312.15,2.0,312.18,1.0,0.0,-2.0,2020-01-13 09:42:14.019862,312.14,312.18,0
2020-01-13 09:42:16,N,AAPL,312.14,1.0,312.18,2.0,0.0,-2.0,2020-01-13 09:42:16.106264,312.18,312.21,0
2020-01-13 09:42:17,N,AAPL,312.18,1.0,312.21,3.0,0.0,2.0,2020-01-13 09:42:17.041247,312.18,312.23,0
2020-01-13 09:42:18,N,AAPL,312.18,2.0,312.23,2.0,-1.0,1.0,2020-01-13 09:42:18.012112,312.17,312.21,0
2020-01-13 09:42:19,N,AAPL,312.17,4.0,312.21,2.0,2.0,-1.0,2020-01-13 09:42:19.139439,312.2,312.24,0
2020-01-13 09:42:20,N,AAPL,312.2,4.0,312.24,2.0,3.0,1.0,2020-01-13 09:42:20.099113,312.19,312.2,0
2020-01-13 09:42:21,N,AAPL,312.19,1.0,312.2,2.0,-3.0,0.0,2020-01-13 09:42:21.137494,312.18,312.2,0
2020-01-13 09:42:22,N,AAPL,312.18,1.0,312.2,2.0,0.0,1.0,2020-01-13 09:42:22.551643,312.16,312.21,0
2020-01-13 09:42:23,N,AAPL,312.16,3.0,312.21,2.0,1.0,0.0,2020-01-13 09:42:23.201443,312.14,312.19,0
2020-01-13 09:42:24,N,AAPL,312.14,2.0,312.19,3.0,0.0,1.0,2020-01-13 09:42:24.121004,312.21,312.26,1
2020-01-13 09:42:25,N,AAPL,312.21,4.0,312.26,2.0,1.0,1.0,2020-01-13 09:42:25.023590,312.26,312.3,0
2020-01-13 09:42:26,N,AAPL,312.26,1.0,312.3,4.0,-1.0,2.0,2020-01-13 09:42:26.222588,312.32,312.34,1
2020-01-13 09:42:27,N,AAPL,312.32,2.0,312.34,2.0,-2.0,1.0,2020-01-13 09:42:27.290388,312.33,312.39,0
2020-01-13 09:42:28,N,AAPL,312.33,3.0,312.39,2.0,1.0,1.0,2020-01-13 09:42:28.161280,312.33,312.36,0
2020-01-13 09:42:29,N,AAPL,312.33,2.0,312.36,3.0,0.0,2.0,2020-01-13 09:42:29.047694,312.31,312.36,0
2020-01-13 09:42:30,N,AAPL,312.31,2.0,312.36,4.0,1.0,3.0,2020-01-13 09:42:30.226880,312.27,312.3,-1
2020-01-13 09:42:31,N,AAPL,312.27,2.0,312.3,1.0,1.0,0.0,2020-01-13 09:42:31.194173,312.25,312.29,0
2020-01-13 09:42:32,N,AAPL,312.25,1.0,312.29,3.0,-1.0,1.0,2020-01-13 09:42:32.249500,312.2,312.24,-1
2020-01-13 09:42:33,N,AAPL,312.2,2.0,312.24,5.0,1.0,2.0,2020-01-13 09:42:33.779107,312.15,312.18,-1
2020-01-13 09:42:34,N,AAPL,312.15,2.0,312.18,2.0,0.0,-3.0,2020-01-13 09:42:34.720410,312.16,312.2,0
2020-01-13 09:42:35,N,AAPL,312.16,2.0,312.2,1.0,1.0,-2.0,2020-01-13 09:42:35.029290,312.23,312.27,1
2020-01-13 09:42:36,N,AAPL,312.23,1.0,312.27,2.0,-2.0,0.0,2020-01-13 09:42:36.241338,312.22,312.26,0
2020-01-13 09:42:37,N,AAPL,312.22,3.0,312.26,1.0,0.0,-1.0,2020-01-13 09:42:37.452035,312.16,312.19,-1
2020-01-13 09:42:38,N,AAPL,312.16,2.0,312.19,2.0,1.0,1.0,2020-01-13 09:42:38.938826,312.15,312.19,0
2020-01-13 09:42:39,N,AAPL,312.15,1.0,312.19,4.0,-1.0,3.0,2020-01-13 09:42:39.047637,312.14,312.17,0
2020-01-13 09:42:40,N,AAPL,312.14,4.0,312.17,2.0,3.0,1.0,2020-01-13 09:42:40.430662,312.2,312.24,1
2020-01-13 09:42:41,N,AAPL,312.2,2.0,312.24,2.0,0.0,0.0,2020-01-13 09:42:41.529141,312.22,312.24,0
2020-01-13 09:42:42,N,AAPL,312.22,1.0,312.24,1.0,0.0,0.0,2020-01-13 09:42:42.274969,312.16,312.2,-1
2020-01-13 09:42:43,N,AAPL,312.16,2.0,312.2,2.0,0.0,1.0,2020-01-13 09:42:43.013098,312.13,312.16,0
2020-01-13 09:42:44,N,AAPL,312.13,2.0,312.16,4.0,1.0,2.0,2020-01-13 09:42:44.165017,312.11,312.16,0
2020-01-13 09:42:45,N,AAPL,312.11,3.0,312.16,1.0,1.0,-3.0,2020-01-13 09:42:45.145836,312.38,312.42,1
2020-01-13 09:42:46,N,AAPL,312.38,2.0,312.42,1.0,-2.0,-1.0,2020-01-13 09:42:46.168755,312.29,312.34,-1
2020-01-13 09:42:47,N,AAPL,312.29,4.0,312.34,2.0,3.0,0.0,2020-01-13 09:42:47.019037,312.43,312.46,1
2020-01-13 09:42:48,N,AAPL,312.43,2.0,312.46,2.0,-1.0,0.0,2020-01-13 09:42:48.014350,312.5,312.54,1
2020-01-13 09:42:49,N,AAPL,312.5,2.0,312.54,1.0,-1.0,-1.0,2020-01-13 09:42:49.195204,312.43,312.48,-1
2020-01-13 09:42:50,N,AAPL,312.43,2.0,312.48,1.0,1.0,-2.0,2020-01-13 09:42:50.098407,312.3,312.34,-1
2020-01-13 09:42:51,N,AAPL,312.3,2.0,312.34,3.0,1.0,2.0,2020-01-13 09:42:51.340522,312.25,312.31,0
2020-01-13 09:42:52,N,AAPL,312.25,2.0,312.31,2.0,0.0,-1.0,2020-01-13 09:42:52.169774,312.27,312.31,0
2020-01-13 09:42:53,N,AAPL,312.27,2.0,312.31,2.0,1.0,0.0,2020-01-13 09:42:53.225148,312.36,312.4,1
2020-01-13 09:42:54,N,AAPL,312.36,4.0,312.4,2.0,3.0,0.0,2020-01-13 09:42:54.864001,312.38,312.4,0
2020-01-13 09:42:55,N,AAPL,312.38,5.0,312.4,1.0,1.0,-1.0,2020-01-13 09:42:55.653933,312.36,312.4,0
2020-01-13 09:42:56,N,AAPL,312.36,1.0,312.4,2.0,0.0,-1.0,2020-01-13 09:42:56.042673,312.26,312.31,-1
2020-01-13 09:42:57,N,AAPL,312.26,6.0,312.31,2.0,4.0,0.0,2020-01-13 09:42:57.030707,312.35,312.39,1
2020-01-13 09:42:58,N,AAPL,312.35,1.0,312.39,2.0,0.0,-1.0,2020-01-13 09:42:58.021620,312.22,312.26,-1
2020-01-13 09:42:59,N,AAPL,312.22,2.0,312.26,1.0,1.0,-2.0,2020-01-13 09:42:59.009128,312.21,312.26,0
2020-01-13 09:43:00,N,AAPL,312.21,5.0,312.26,2.0,1.0,-1.0,2020-01-13 09:43:00.008862,312.21,312.25,0
2020-01-13 09:43:01,N,AAPL,312.21,3.0,312.25,1.0,1.0,-1.0,2020-01-13 09:43:01.003159,312.15,312.19,-1
2020-01-13 09:43:02,N,AAPL,312.15,2.0,312.19,1.0,1.0,-1.0,2020-01-13 09:43:02.987434,312.14,312.17,0
2020-01-13 09:43:03,N,AAPL,312.14,1.0,312.17,1.0,-1.0,0.0,2020-01-13 09:43:03.501104,312.16,312.2,0
2020-01-13 09:43:04,N,AAPL,312.16,2.0,312.2,3.0,1.0,2.0,2020-01-13 09:43:04.038339,312.16,312.2,0
2020-01-13 09:43:05,N,AAPL,312.16,2.0,312.2,3.0,-2.0,2.0,2020-01-13 09:43:05.153770,312.23,312.26,1
2020-01-13 09:43:07,N,AAPL,312.23,2.0,312.26,2.0,1.0,1.0,2020-01-13 09:43:07.041428,312.35,312.4,1
2020-01-13 09:43:08,N,AAPL,312.35,1.0,312.4,2.0,-2.0,0.0,2020-01-13 09:43:08.001905,312.28,312.32,-1
2020-01-13 09:43:09,N,AAPL,312.28,2.0,312.32,2.0,1.0,1.0,2020-01-13 09:43:09.318087,312.28,312.31,0
2020-01-13 09:43:10,N,AAPL,312.28,2.0,312.31,1.0,0.0,-1.0,2020-01-13 09:43:10.025767,312.24,312.28,0
2020-01-13 09:43:11,N,AAPL,312.24,1.0,312.28,3.0,-4.0,2.0,2020-01-13 09:43:11.048216,312.18,312.21,-1
2020-01-13 09:43:12,N,AAPL,312.18,1.0,312.21,1.0,0.0,0.0,2020-01-13 09:43:12.204978,312.17,312.2,0
2020-01-13 09:43:13,N,AAPL,312.17,3.0,312.2,2.0,1.0,-1.0,2020-01-13 09:43:13.996129,312.2,312.24,0
2020-01-13 09:43:14,N,AAPL,312.2,1.0,312.24,2.0,-2.0,0.0,2020-01-13 09:43:14.533520,312.23,312.26,0
2020-01-13 09:43:15,N,AAPL,312.23,3.0,312.26,1.0,2.0,0.0,2020-01-13 09:43:15.316014,312.17,312.21,-1
2020-01-13 09:43:16,N,AAPL,312.17,2.0,312.21,2.0,-1.0,0.0,2020-01-13 09:43:16.021915,312.18,312.22,0
2020-01-13 09:43:17,N,AAPL,312.18,3.0,312.22,2.0,1.0,0.0,2020-01-13 09:43:17.279527,312.16,312.22,0
2020-01-13 09:43:18,N,AAPL,312.16,2.0,312.22,3.0,-1.0,1.0,2020-01-13 09:43:18.026093,312.22,312.26,0
2020-01-13 09:43:19,N,AAPL,312.22,2.0,312.26,3.0,-2.0,0.0,2020-01-13 09:43:19.225888,312.23,312.26,0
2020-01-13 09:43:20,N,AAPL,312.23,3.0,312.26,4.0,2.0,3.0,2020-01-13 09:43:20.996336,312.23,312.26,0
2020-01-13 09:43:21,N,AAPL,312.23,2.0,312.26,2.0,-1.0,-2.0,2020-01-13 09:43:21.195740,312.14,312.18,-1
2020-01-13 09:43:22,N,AAPL,312.14,5.0,312.18,2.0,2.0,1.0,2020-01-13 09:43:22.368303,312.16,312.19,0
2020-01-13 09:43:23,N,AAPL,312.16,2.0,312.19,2.0,-4.0,0.0,2020-01-13 09:43:23.701085,312.14,312.18,0
2020-01-13 09:43:24,N,AAPL,312.14,4.0,312.18,2.0,-2.0,0.0,2020-01-13 09:43:24.228162,312.19,312.22,1
2020-01-13 09:43:25,N,AAPL,312.19,5.0,312.22,2.0,1.0,0.0,2020-01-13 09:43:25.180015,312.24,312.25,1
2020-01-13 09:43:26,N,AAPL,312.24,1.0,312.25,1.0,0.0,0.0,2020-01-13 09:43:26.186962,312.23,312.26,0
2020-01-13 09:43:27,N,AAPL,312.23,1.0,312.26,1.0,-1.0,0.0,2020-01-13 09:43:27.733854,312.21,312.25,0
2020-01-13 09:43:28,N,AAPL,312.21,3.0,312.25,2.0,1.0,-2.0,2020-01-13 09:43:28.185238,312.25,312.26,0
2020-01-13 09:43:29,N,AAPL,312.25,1.0,312.26,1.0,-2.0,0.0,2020-01-13 09:43:29.532938,312.23,312.25,0
2020-01-13 09:43:31,N,AAPL,312.23,2.0,312.25,4.0,1.0,3.0,2020-01-13 09:43:31.500262,312.15,312.21,-1
2020-01-13 09:43:32,N,AAPL,312.15,4.0,312.21,2.0,3.0,-3.0,2020-01-13 09:43:32.530189,312.19,312.24,0
2020-01-13 09:43:33,N,AAPL,312.19,2.0,312.24,1.0,1.0,-1.0,2020-01-13 09:43:33.214833,312.21,312.25,0
2020-01-13 09:43:34,N,AAPL,312.21,3.0,312.25,1.0,1.0,-1.0,2020-01-13 09:43:34.434846,312.28,312.33,1
2020-01-13 09:43:35,N,AAPL,312.28,4.0,312.33,2.0,3.0,0.0,2020-01-13 09:43:35.899558,312.32,312.36,0
2020-01-13 09:43:36,N,AAPL,312.32,3.0,312.36,6.0,2.0,4.0,2020-01-13 09:43:36.045038,312.31,312.35,0
2020-01-13 09:43:37,N,AAPL,312.31,1.0,312.35,4.0,-2.0,3.0,2020-01-13 09:43:37.184680,312.31,312.36,0
2020-01-13 09:43:38,N,AAPL,312.31,3.0,312.36,2.0,0.0,-1.0,2020-01-13 09:43:38.019552,312.32,312.35,0
2020-01-13 09:43:39,N,AAPL,312.32,1.0,312.35,4.0,-1.0,2.0,2020-01-13 09:43:39.132134,312.32,312.36,0
2020-01-13 09:43:40,N,AAPL,312.32,1.0,312.36,2.0,0.0,0.0,2020-01-13 09:43:40.320088,312.35,312.38,0
2020-01-13 09:43:41,N,AAPL,312.35,1.0,312.38,1.0,-1.0,-2.0,2020-01-13 09:43:41.519053,312.35,312.39,0
2020-01-13 09:43:42,N,AAPL,312.35,2.0,312.39,2.0,0.0,1.0,2020-01-13 09:43:42.213298,312.33,312.37,0
2020-01-13 09:43:43,N,AAPL,312.33,1.0,312.37,2.0,-1.0,0.0,2020-01-13 09:43:43.259310,312.41,312.44,1
2020-01-13 09:43:44,N,AAPL,312.41,4.0,312.44,2.0,1.0,-1.0,2020-01-13 09:43:44.645736,312.41,312.43,0
2020-01-13 09:43:45,N,AAPL,312.41,2.0,312.43,3.0,0.0,2.0,2020-01-13 09:43:45.620500,312.4,312.42,0
2020-01-13 09:43:46,N,AAPL,312.4,2.0,312.42,1.0,-1.0,0.0,2020-01-13 09:43:46.027393,312.35,312.39,-1
2020-01-13 09:43:47,N,AAPL,312.35,2.0,312.39,2.0,0.0,1.0,2020-01-13 09:43:47.773657,312.35,312.39,0
2020-01-13 09:43:48,N,AAPL,312.35,4.0,312.39,2.0,3.0,1.0,2020-01-13 09:43:48.421969,312.38,312.42,0
2020-01-13 09:43:49,N,AAPL,312.38,4.0,312.42,1.0,2.0,-2.0,2020-01-13 09:43:49.093175,312.41,312.44,0
2020-01-13 09:43:50,N,AAPL,312.41,1.0,312.44,1.0,-2.0,0.0,2020-01-13 09:43:50.161615,312.39,312.43,0
2020-01-13 09:43:51,N,AAPL,312.39,4.0,312.43,2.0,3.0,1.0,2020-01-13 09:43:51.092171,312.39,312.41,0
2020-01-13 09:43:52,N,AAPL,312.39,1.0,312.41,1.0,0.0,0.0,2020-01-13 09:43:52.216065,312.38,312.43,0
2020-01-13 09:43:53,N,AAPL,312.38,3.0,312.43,2.0,2.0,1.0,2020-01-13 09:43:53.014348,312.39,312.43,0
2020-01-13 09:43:54,N,AAPL,312.39,4.0,312.43,5.0,2.0,3.0,2020-01-13 09:43:54.220047,312.36,312.39,0
2020-01-13 09:43:55,N,AAPL,312.36,5.0,312.39,1.0,2.0,-3.0,2020-01-13 09:43:55.069038,312.39,312.44,0
2020-01-13 09:43:56,N,AAPL,312.39,1.0,312.44,2.0,-1.0,0.0,2020-01-13 09:43:56.072539,312.41,312.43,0
2020-01-13 09:43:57,N,AAPL,312.41,2.0,312.43,1.0,-1.0,-1.0,2020-01-13 09:43:57.090281,312.44,312.48,1
2020-01-13 09:43:58,N,AAPL,312.44,2.0,312.48,1.0,1.0,0.0,2020-01-13 09:43:58.022128,312.44,312.48,0
2020-01-13 09:43:59,N,AAPL,312.44,3.0,312.48,2.0,2.0,1.0,2020-01-13 09:43:59.260480,312.46,312.5,0
2020-01-13 09:44:00,N,AAPL,312.46,4.0,312.5,7.0,2.0,-4.0,2020-01-13 09:44:00.056428,312.48,312.52,0
2020-01-13 09:44:01,N,AAPL,312.48,4.0,312.52,1.0,3.0,-3.0,2020-01-13 09:44:01.172848,312.46,312.5,0
2020-01-13 09:44:02,N,AAPL,312.46,2.0,312.5,1.0,0.0,0.0,2020-01-13 09:44:02.008004,312.53,312.57,1
2020-01-13 09:44:03,N,AAPL,312.53,2.0,312.57,2.0,1.0,1.0,2020-01-13 09:44:03.007851,312.5,312.53,0
2020-01-13 09:44:04,N,AAPL,312.5,2.0,312.53,4.0,0.0,1.0,2020-01-13 09:44:04.327836,312.49,312.55,0
2020-01-13 09:44:05,N,AAPL,312.49,3.0,312.55,4.0,-1.0,3.0,2020-01-13 09:44:05.029516,312.54,312.58,0
2020-01-13 09:44:06,N,AAPL,312.54,3.0,312.58,1.0,1.0,0.0,2020-01-13 09:44:06.186100,312.54,312.57,0
2020-01-13 09:44:07,N,AAPL,312.54,2.0,312.57,2.0,1.0,1.0,2020-01-13 09:44:07.650885,312.54,312.59,0
2020-01-13 09:44:08,N,AAPL,312.54,1.0,312.59,3.0,0.0,2.0,2020-01-13 09:44:08.113483,312.53,312.58,0
2020-01-13 09:44:09,N,AAPL,312.53,1.0,312.58,2.0,-1.0,1.0,2020-01-13 09:44:09.237128,312.53,312.58,0
2020-01-13 09:44:10,N,AAPL,312.53,1.0,312.58,1.0,0.0,-1.0,2020-01-13 09:44:10.122229,312.55,312.59,0
2020-01-13 09:44:11,N,AAPL,312.55,1.0,312.59,2.0,0.0,-1.0,2020-01-13 09:44:11.004622,312.56,312.59,0
2020-01-13 09:44:12,N,AAPL,312.56,2.0,312.59,2.0,-1.0,1.0,2020-01-13 09:44:12.151536,312.55,312.58,0
2020-01-13 09:44:13,N,AAPL,312.55,2.0,312.58,5.0,0.0,3.0,2020-01-13 09:44:13.689464,312.57,312.59,0
2020-01-13 09:44:14,N,AAPL,312.57,2.0,312.59,1.0,1.0,-1.0,2020-01-13 09:44:14.615195,312.54,312.58,0
2020-01-13 09:44:15,N,AAPL,312.54,1.0,312.58,4.0,-1.0,3.0,2020-01-13 09:44:15.071089,312.52,312.56,0
2020-01-13 09:44:16,N,AAPL,312.52,1.0,312.56,1.0,0.0,-1.0,2020-01-13 09:44:16.058682,312.56,312.59,0
2020-01-13 09:44:17,N,AAPL,312.56,1.0,312.59,1.0,-2.0,-1.0,2020-01-13 09:44:17.040754,312.58,312.6,0
2020-01-13 09:44:18,N,AAPL,312.58,1.0,312.6,4.0,-1.0,2.0,2020-01-13 09:44:18.923314,312.57,312.59,0
2020-01-13 09:44:19,N,AAPL,312.57,1.0,312.59,1.0,0.0,-3.0,2020-01-13 09:44:19.035367,312.58,312.62,0
2020-01-13 09:44:22,N,AAPL,312.58,4.0,312.62,2.0,3.0,1.0,2020-01-13 09:44:22.369855,312.6,312.63,0
2020-01-13 09:44:23,N,AAPL,312.6,1.0,312.63,1.0,-1.0,0.0,2020-01-13 09:44:23.763044,312.62,312.65,0
2020-01-13 09:44:24,N,AAPL,312.62,2.0,312.65,1.0,1.0,0.0,2020-01-13 09:44:24.237218,312.62,312.65,0
2020-01-13 09:44:25,N,AAPL,312.62,2.0,312.65,1.0,1.0,-1.0,2020-01-13 09:44:25.014763,312.65,312.69,0
2020-01-13 09:44:26,N,AAPL,312.65,2.0,312.69,2.0,1.0,1.0,2020-01-13 09:44:26.364455,312.63,312.65,0
2020-01-13 09:44:27,N,AAPL,312.63,3.0,312.65,2.0,1.0,1.0,2020-01-13 09:44:27.157197,312.59,312.61,-1
2020-01-13 09:44:28,N,AAPL,312.59,1.0,312.61,2.0,0.0,0.0,2020-01-13 09:44:28.233979,312.61,312.65,0
2020-01-13 09:44:29,N,AAPL,312.61,4.0,312.65,1.0,3.0,-1.0,2020-01-13 09:44:29.035236,312.64,312.67,0
2020-01-13 09:44:30,N,AAPL,312.64,1.0,312.67,1.0,0.0,0.0,2020-01-13 09:44:30.010696,312.74,312.77,1
2020-01-13 09:44:31,N,AAPL,312.74,3.0,312.77,2.0,2.0,1.0,2020-01-13 09:44:31.159045,312.79,312.83,1
2020-01-13 09:44:33,N,AAPL,312.79,3.0,312.83,1.0,2.0,0.0,2020-01-13 09:44:33.528155,312.83,312.86,0
2020-01-13 09:44:34,N,AAPL,312.83,2.0,312.86,2.0,-1.0,-2.0,2020-01-13 09:44:34.082682,312.86,312.88,0
2020-01-13 09:44:35,N,AAPL,312.86,1.0,312.88,2.0,0.0,0.0,2020-01-13 09:44:35.124847,312.82,312.86,0
2020-01-13 09:44:36,N,AAPL,312.82,3.0,312.86,1.0,-3.0,-3.0,2020-01-13 09:44:36.094491,312.85,312.9,0
2020-01-13 09:44:37,N,AAPL,312.85,2.0,312.9,2.0,0.0,0.0,2020-01-13 09:44:37.198010,312.83,312.88,0
2020-01-13 09:44:38,N,AAPL,312.83,1.0,312.88,2.0,0.0,-1.0,2020-01-13 09:44:38.647064,312.83,312.87,0
2020-01-13 09:44:39,N,AAPL,312.83,2.0,312.87,2.0,0.0,0.0,2020-01-13 09:44:39.181651,312.85,312.88,0
2020-01-13 09:44:40,N,AAPL,312.85,2.0,312.88,1.0,1.0,0.0,2020-01-13 09:44:40.051298,312.84,312.87,0
2020-01-13 09:44:41,N,AAPL,312.84,2.0,312.87,3.0,1.0,0.0,2020-01-13 09:44:41.097374,312.83,312.87,0
2020-01-13 09:44:42,N,AAPL,312.83,2.0,312.87,1.0,0.0,-1.0,2020-01-13 09:44:42.158124,312.76,312.8,-1
2020-01-13 09:44:43,N,AAPL,312.76,6.0,312.8,2.0,4.0,0.0,2020-01-13 09:44:43.038594,312.76,312.8,0
2020-01-13 09:44:44,N,AAPL,312.76,2.0,312.8,2.0,-2.0,0.0,2020-01-13 09:44:44.000153,312.71,312.76,0
2020-01-13 09:44:45,N,AAPL,312.71,6.0,312.76,2.0,1.0,0.0,2020-01-13 09:44:45.021044,312.71,312.74,0
2020-01-13 09:44:46,N,AAPL,312.71,2.0,312.74,3.0,-3.0,1.0,2020-01-13 09:44:46.142015,312.7,312.76,0
2020-01-13 09:44:47,N,AAPL,312.7,5.0,312.76,2.0,3.0,0.0,2020-01-13 09:44:47.164375,312.67,312.73,0
2020-01-13 09:44:48,N,AAPL,312.67,2.0,312.73,3.0,0.0,1.0,2020-01-13 09:44:48.123234,312.71,312.75,0
2020-01-13 09:44:49,N,AAPL,312.71,2.0,312.75,3.0,-1.0,0.0,2020-01-13 09:44:49.330243,312.67,312.7,-1
2020-01-13 09:44:50,N,AAPL,312.67,2.0,312.7,1.0,0.0,-2.0,2020-01-13 09:44:50.192897,312.67,312.72,0
2020-01-13 09:44:51,N,AAPL,312.67,2.0,312.72,3.0,1.0,0.0,2020-01-13 09:44:51.009511,312.66,312.7,0
2020-01-13 09:44:52,N,AAPL,312.66,1.0,312.7,2.0,0.0,1.0,2020-01-13 09:44:52.229192,312.66,312.7,0
2020-01-13 09:44:53,N,AAPL,312.66,1.0,312.7,2.0,0.0,0.0,2020-01-13 09:44:53.235904,312.67,312.7,0
2020-01-13 09:44:54,N,AAPL,312.67,4.0,312.7,1.0,-1.0,-2.0,2020-01-13 09:44:54.720575,312.66,312.68,0
2020-01-13 09:44:55,N,AAPL,312.66,1.0,312.68,1.0,0.0,-1.0,2020-01-13 09:44:55.447162,312.67,312.7,0
2020-01-13 09:44:56,N,AAPL,312.67,2.0,312.7,1.0,1.0,-2.0,2020-01-13 09:44:56.499748,312.66,312.7,0
2020-01-13 09:44:57,N,AAPL,312.66,2.0,312.7,2.0,1.0,1.0,2020-01-13 09:44:57.657809,312.65,312.69,0
2020-01-13 09:44:58,N,AAPL,312.65,3.0,312.69,3.0,1.0,2.0,2020-01-13 09:44:58.191304,312.69,312.7,0
2020-01-13 09:45:00,N,AAPL,312.69,1.0,312.7,1.0,0.0,-1.0,2020-01-13 09:45:00.001376,312.73,312.77,1
2020-01-13 09:45:01,N,AAPL,312.73,1.0,312.77,4.0,0.0,3.0,2020-01-13 09:45:01.252680,312.76,312.79,0
2020-01-13 09:45:02,N,AAPL,312.76,1.0,312.79,1.0,-3.0,-2.0,2020-01-13 09:45:02.038126,312.76,312.8,0
2020-01-13 09:45:03,N,AAPL,312.76,2.0,312.8,3.0,1.0,2.0,2020-01-13 09:45:03.213318,312.72,312.77,0
2020-01-13 09:45:04,N,AAPL,312.72,2.0,312.77,3.0,1.0,2.0,2020-01-13 09:45:04.040110,312.8,312.84,1
2020-01-13 09:45:05,N,AAPL,312.8,3.0,312.84,1.0,-1.0,0.0,2020-01-13 09:45:05.466285,312.83,312.85,0
2020-01-13 09:45:06,N,AAPL,312.83,1.0,312.85,2.0,-1.0,1.0,2020-01-13 09:45:06.523449,312.8,312.81,-1
2020-01-13 09:45:07,N,AAPL,312.8,1.0,312.81,1.0,0.0,0.0,2020-01-13 09:45:07.026408,312.87,312.89,1
2020-01-13 09:45:09,N,AAPL,312.87,1.0,312.89,2.0,-2.0,1.0,2020-01-13 09:45:09.215176,312.82,312.86,-1
2020-01-13 09:45:10,N,AAPL,312.82,2.0,312.86,1.0,0.0,0.0,2020-01-13 09:45:10.265139,312.78,312.82,0
2020-01-13 09:45:11,N,AAPL,312.78,21.0,312.82,4.0,19.0,2.0,2020-01-13 09:45:11.185665,312.78,312.82,0
2020-01-13 09:45:12,N,AAPL,312.78,20.0,312.82,2.0,19.0,0.0,2020-01-13 09:45:12.049293,312.8,312.83,0
2020-01-13 09:45:13,N,AAPL,312.8,1.0,312.83,5.0,0.0,4.0,2020-01-13 09:45:13.366774,312.72,312.76,-1
2020-01-13 09:45:14,N,AAPL,312.72,2.0,312.76,2.0,1.0,-3.0,2020-01-13 09:45:14.283485,312.71,312.75,0
2020-01-13 09:45:15,N,AAPL,312.71,4.0,312.75,3.0,2.0,1.0,2020-01-13 09:45:15.722432,312.71,312.74,0
2020-01-13 09:45:17,N,AAPL,312.71,3.0,312.74,4.0,-1.0,1.0,2020-01-13 09:45:17.262458,312.74,312.75,0
2020-01-13 09:45:19,N,AAPL,312.74,1.0,312.75,1.0,-2.0,-4.0,2020-01-13 09:45:19.632669,312.74,312.76,0
2020-01-13 09:45:20,N,AAPL,312.74,2.0,312.76,2.0,-1.0,0.0,2020-01-13 09:45:20.256570,312.71,312.74,0
2020-01-13 09:45:21,N,AAPL,312.71,1.0,312.74,1.0,-1.0,-2.0,2020-01-13 09:45:21.213073,312.74,312.78,0
2020-01-13 09:45:22,N,AAPL,312.74,2.0,312.78,3.0,0.0,1.0,2020-01-13 09:45:22.972672,312.76,312.79,0
2020-01-13 09:45:23,N,AAPL,312.76,1.0,312.79,2.0,0.0,0.0,2020-01-13 09:45:23.075280,312.76,312.8,0
2020-01-13 09:45:24,N,AAPL,312.76,1.0,312.8,1.0,-2.0,0.0,2020-01-13 09:45:24.252037,312.77,312.8,0
2020-01-13 09:45:25,N,AAPL,312.77,1.0,312.8,1.0,0.0,-1.0,2020-01-13 09:45:25.108937,312.77,312.81,0
2020-01-13 09:45:26,N,AAPL,312.77,2.0,312.81,2.0,1.0,1.0,2020-01-13 09:45:26.260612,312.81,312.85,0
2020-01-13 09:45:27,N,AAPL,312.81,4.0,312.85,1.0,2.0,0.0,2020-01-13 09:45:27.013671,312.79,312.81,0
2020-01-13 09:45:28,N,AAPL,312.79,1.0,312.81,1.0,0.0,0.0,2020-01-13 09:45:28.331622,312.79,312.82,0
2020-01-13 09:45:29,N,AAPL,312.79,2.0,312.82,1.0,-2.0,0.0,2020-01-13 09:45:29.073408,312.8,312.83,0
2020-01-13 09:45:30,N,AAPL,312.8,1.0,312.83,2.0,0.0,0.0,2020-01-13 09:45:30.027227,312.83,312.86,0
2020-01-13 09:45:33,N,AAPL,312.83,1.0,312.86,3.0,-3.0,2.0,2020-01-13 09:45:33.379914,312.83,312.86,0
2020-01-13 09:45:34,N,AAPL,312.83,2.0,312.86,1.0,0.0,-1.0,2020-01-13 09:45:34.003430,312.85,312.89,0
2020-01-13 09:45:35,N,AAPL,312.85,1.0,312.89,1.0,-1.0,0.0,2020-01-13 09:45:35.085422,312.83,312.86,0
2020-01-13 09:45:36,N,AAPL,312.83,2.0,312.86,1.0,1.0,-3.0,2020-01-13 09:45:36.034622,312.81,312.83,0
2020-01-13 09:45:39,N,AAPL,312.81,2.0,312.83,4.0,0.0,3.0,2020-01-13 09:45:39.194441,312.79,312.83,0
2020-01-13 09:45:40,N,AAPL,312.79,6.0,312.83,3.0,3.0,2.0,2020-01-13 09:45:40.031135,312.75,312.79,0
2020-01-13 09:45:41,N,AAPL,312.75,2.0,312.79,3.0,1.0,1.0,2020-01-13 09:45:41.399131,312.8,312.82,1
2020-01-13 09:45:42,N,AAPL,312.8,1.0,312.82,1.0,-3.0,0.0,2020-01-13 09:45:42.286877,312.79,312.83,0
2020-01-13 09:45:43,N,AAPL,312.79,1.0,312.83,1.0,-1.0,0.0,2020-01-13 09:45:43.262747,312.8,312.83,0
2020-01-13 09:45:44,N,AAPL,312.8,1.0,312.83,1.0,0.0,0.0,2020-01-13 09:45:44.780512,312.82,312.85,0
2020-01-13 09:45:47,N,AAPL,312.82,2.0,312.85,2.0,1.0,1.0,2020-01-13 09:45:47.345191,312.84,312.86,0
2020-01-13 09:45:48,N,AAPL,312.84,2.0,312.86,2.0,0.0,-5.0,2020-01-13 09:45:48.282827,312.84,312.88,0
2020-01-13 09:45:49,N,AAPL,312.84,2.0,312.88,4.0,1.0,1.0,2020-01-13 09:45:49.302796,312.85,312.88,0
2020-01-13 09:45:51,N,AAPL,312.85,2.0,312.88,3.0,0.0,-1.0,2020-01-13 09:45:51.085237,312.86,312.89,0
2020-01-13 09:45:52,N,AAPL,312.86,5.0,312.89,5.0,3.0,3.0,2020-01-13 09:45:52.093512,312.85,312.88,0
2020-01-13 09:45:55,N,AAPL,312.85,2.0,312.88,1.0,-3.0,-4.0,2020-01-13 09:45:55.013742,312.86,312.88,0
2020-01-13 09:45:57,N,AAPL,312.86,1.0,312.88,1.0,-1.0,0.0,2020-01-13 09:45:57.084919,312.81,312.85,-1
2020-01-13 09:46:00,N,AAPL,312.81,3.0,312.85,2.0,2.0,0.0,2020-01-13 09:46:00.094729,312.77,312.81,0
2020-01-13 09:46:01,N,AAPL,312.77,2.0,312.81,3.0,1.0,0.0,2020-01-13 09:46:01.716161,312.74,312.76,-1
2020-01-13 09:46:02,N,AAPL,312.74,1.0,312.76,4.0,-1.0,2.0,2020-01-13 09:46:02.774091,312.74,312.78,0
2020-01-13 09:46:03,N,AAPL,312.74,2.0,312.78,1.0,0.0,0.0,2020-01-13 09:46:03.037422,312.75,312.79,0
2020-01-13 09:46:04,N,AAPL,312.75,5.0,312.79,11.0,3.0,10.0,2020-01-13 09:46:04.199576,312.76,312.81,0
2020-01-13 09:46:05,N,AAPL,312.76,1.0,312.81,2.0,0.0,-1.0,2020-01-13 09:46:05.067184,312.82,312.84,1
2020-01-13 09:46:07,N,AAPL,312.82,5.0,312.84,2.0,4.0,-1.0,2020-01-13 09:46:07.161823,312.83,312.87,0
2020-01-13 09:46:08,N,AAPL,312.83,1.0,312.87,2.0,-1.0,-2.0,2020-01-13 09:46:08.147719,312.83,312.87,0
2020-01-13 09:46:09,N,AAPL,312.83,5.0,312.87,1.0,0.0,-2.0,2020-01-13 09:46:09.013356,312.8,312.84,0
2020-01-13 09:46:10,N,AAPL,312.8,3.0,312.84,4.0,-2.0,3.0,2020-01-13 09:46:10.069333,312.81,312.84,0
2020-01-13 09:46:12,N,AAPL,312.81,1.0,312.84,2.0,0.0,1.0,2020-01-13 09:46:12.420498,312.78,312.82,0
2020-01-13 09:46:13,N,AAPL,312.78,40.0,312.82,2.0,-1.0,0.0,2020-01-13 09:46:13.134314,312.7,312.72,-1
2020-01-13 09:46:14,N,AAPL,312.7,3.0,312.72,4.0,1.0,3.0,2020-01-13 09:46:14.098754,312.72,312.76,0
2020-01-13 09:46:15,N,AAPL,312.72,1.0,312.76,2.0,-1.0,-1.0,2020-01-13 09:46:15.031119,312.7,312.73,0
2020-01-13 09:46:17,N,AAPL,312.7,4.0,312.73,2.0,2.0,1.0,2020-01-13 09:46:17.568544,312.71,312.75,0
2020-01-13 09:46:18,N,AAPL,312.71,2.0,312.75,1.0,-2.0,0.0,2020-01-13 09:46:18.031976,312.71,312.74,0
2020-01-13 09:46:19,N,AAPL,312.71,2.0,312.74,3.0,1.0,2.0,2020-01-13 09:46:19.023527,312.7,312.73,0
2020-01-13 09:46:20,N,AAPL,312.7,3.0,312.73,3.0,-1.0,1.0,2020-01-13 09:46:20.193269,312.65,312.68,-1
2020-01-13 09:46:21,N,AAPL,312.65,5.0,312.68,2.0,2.0,1.0,2020-01-13 09:46:21.534828,312.66,312.69,0
2020-01-13 09:46:22,N,AAPL,312.66,4.0,312.69,7.0,-1.0,6.0,2020-01-13 09:46:22.639652,312.69,312.72,0
2020-01-13 09:46:23,N,AAPL,312.69,2.0,312.72,1.0,0.0,0.0,2020-01-13 09:46:23.021839,312.69,312.71,0
2020-01-13 09:46:24,N,AAPL,312.69,2.0,312.71,1.0,0.0,0.0,2020-01-13 09:46:24.227895,312.74,312.75,1
2020-01-13 09:46:25,N,AAPL,312.74,2.0,312.75,1.0,-3.0,0.0,2020-01-13 09:46:25.137937,312.71,312.73,-1
2020-01-13 09:46:26,N,AAPL,312.71,3.0,312.73,2.0,1.0,0.0,2020-01-13 09:46:26.136244,312.71,312.73,0
2020-01-13 09:46:27,N,AAPL,312.71,2.0,312.73,1.0,1.0,-1.0,2020-01-13 09:46:27.526887,312.67,312.71,0
2020-01-13 09:46:28,N,AAPL,312.67,1.0,312.71,3.0,0.0,0.0,2020-01-13 09:46:28.316539,312.67,312.72,0
2020-01-13 09:46:29,N,AAPL,312.67,1.0,312.72,3.0,0.0,0.0,2020-01-13 09:46:29.792427,312.7,312.74,0
2020-01-13 09:46:30,N,AAPL,312.7,2.0,312.74,2.0,1.0,-1.0,2020-01-13 09:46:30.098570,312.75,312.78,1
2020-01-13 09:46:31,N,AAPL,312.75,1.0,312.78,8.0,-3.0,1.0,2020-01-13 09:46:31.182268,312.8,312.84,1
2020-01-13 09:46:32,N,AAPL,312.8,1.0,312.84,3.0,-1.0,2.0,2020-01-13 09:46:32.310538,312.84,312.87,0
2020-01-13 09:46:33,N,AAPL,312.84,3.0,312.87,2.0,1.0,-1.0,2020-01-13 09:46:33.457113,312.77,312.81,-1
2020-01-13 09:46:34,N,AAPL,312.77,2.0,312.81,5.0,1.0,4.0,2020-01-13 09:46:34.198619,312.81,312.85,0
2020-01-13 09:46:35,N,AAPL,312.81,1.0,312.85,2.0,-1.0,0.0,2020-01-13 09:46:35.145838,312.8,312.84,0
2020-01-13 09:46:36,N,AAPL,312.8,1.0,312.84,1.0,-1.0,-1.0,2020-01-13 09:46:36.240550,312.78,312.8,0
2020-01-13 09:46:37,N,AAPL,312.78,1.0,312.8,1.0,0.0,-1.0,2020-01-13 09:46:37.143303,312.78,312.81,0
2020-01-13 09:46:38,N,AAPL,312.78,1.0,312.81,2.0,0.0,0.0,2020-01-13 09:46:38.190537,312.81,312.85,0
2020-01-13 09:46:39,N,AAPL,312.81,1.0,312.85,3.0,-3.0,1.0,2020-01-13 09:46:39.218852,312.81,312.84,0
2020-01-13 09:46:40,N,AAPL,312.81,2.0,312.84,2.0,0.0,1.0,2020-01-13 09:46:40.825089,312.79,312.82,0
2020-01-13 09:46:44,N,AAPL,312.79,2.0,312.82,5.0,1.0,3.0,2020-01-13 09:46:44.761858,312.78,312.81,0
2020-01-13 09:46:45,N,AAPL,312.78,18.0,312.81,2.0,16.0,-3.0,2020-01-13 09:46:45.023931,312.79,312.83,0
2020-01-13 09:46:46,N,AAPL,312.79,2.0,312.83,2.0,-1.0,1.0,2020-01-13 09:46:46.297301,312.81,312.84,0
2020-01-13 09:46:47,N,AAPL,312.81,2.0,312.84,2.0,-2.0,1.0,2020-01-13 09:46:47.736761,312.8,312.83,0
2020-01-13 09:46:48,N,AAPL,312.8,1.0,312.83,51.0,-1.0,0.0,2020-01-13 09:46:48.492587,312.79,312.81,0
2020-01-13 09:46:51,N,AAPL,312.79,1.0,312.81,3.0,0.0,-48.0,2020-01-13 09:46:51.074553,312.82,312.84,1
2020-01-13 09:46:53,N,AAPL,312.82,2.0,312.84,1.0,0.0,0.0,2020-01-13 09:46:53.393417,312.81,312.84,0
2020-01-13 09:46:54,N,AAPL,312.81,1.0,312.84,1.0,0.0,0.0,2020-01-13 09:46:54.698752,312.81,312.84,0
2020-01-13 09:46:55,N,AAPL,312.81,1.0,312.84,1.0,0.0,0.0,2020-01-13 09:46:55.259203,312.79,312.82,0
2020-01-13 09:46:56,N,AAPL,312.79,2.0,312.82,3.0,1.0,2.0,2020-01-13 09:46:56.014510,312.79,312.82,0
2020-01-13 09:46:57,N,AAPL,312.79,2.0,312.82,1.0,0.0,-2.0,2020-01-13 09:46:57.066215,312.82,312.84,0
2020-01-13 09:46:58,N,AAPL,312.82,2.0,312.84,1.0,0.0,-1.0,2020-01-13 09:46:58.242002,312.84,312.85,0
2020-01-13 09:47:01,N,AAPL,312.84,4.0,312.85,1.0,3.0,-1.0,2020-01-13 09:47:01.858203,312.8,312.84,0
2020-01-13 09:47:02,N,AAPL,312.8,4.0,312.84,2.0,2.0,1.0,2020-01-13 09:47:02.147214,312.76,312.79,-1
2020-01-13 09:47:03,N,AAPL,312.76,2.0,312.79,1.0,0.0,0.0,2020-01-13 09:47:03.102648,312.72,312.76,0
2020-01-13 09:47:04,N,AAPL,312.72,3.0,312.76,2.0,1.0,-1.0,2020-01-13 09:47:04.384815,312.72,312.76,0
2020-01-13 09:47:05,N,AAPL,312.72,4.0,312.76,4.0,1.0,2.0,2020-01-13 09:47:05.143745,312.73,312.76,0
2020-01-13 09:47:06,N,AAPL,312.73,1.0,312.76,4.0,0.0,2.0,2020-01-13 09:47:06.005791,312.73,312.77,0
2020-01-13 09:47:07,N,AAPL,312.73,2.0,312.77,2.0,0.0,1.0,2020-01-13 09:47:07.001954,312.71,312.74,0
2020-01-13 09:47:09,N,AAPL,312.71,2.0,312.74,2.0,-1.0,1.0,2020-01-13 09:47:09.367365,312.75,312.78,1
2020-01-13 09:47:10,N,AAPL,312.75,4.0,312.78,2.0,2.0,0.0,2020-01-13 09:47:10.257113,312.75,312.79,0
2020-01-13 09:47:11,N,AAPL,312.75,2.0,312.79,1.0,0.0,0.0,2020-01-13 09:47:11.180427,312.72,312.76,0
2020-01-13 09:47:12,N,AAPL,312.72,2.0,312.76,1.0,0.0,0.0,2020-01-13 09:47:12.180094,312.74,312.8,0
2020-01-13 09:47:13,N,AAPL,312.74,2.0,312.8,5.0,0.0,1.0,2020-01-13 09:47:13.012976,312.76,312.79,0
2020-01-13 09:47:15,N,AAPL,312.76,3.0,312.79,1.0,2.0,-4.0,2020-01-13 09:47:15.235908,312.77,312.8,0
2020-01-13 09:47:16,N,AAPL,312.77,2.0,312.8,4.0,-1.0,-1.0,2020-01-13 09:47:16.236091,312.76,312.79,0
2020-01-13 09:47:17,N,AAPL,312.76,2.0,312.79,2.0,0.0,-2.0,2020-01-13 09:47:17.193774,312.76,312.81,0
2020-01-13 09:47:18,N,AAPL,312.76,5.0,312.81,4.0,4.0,2.0,2020-01-13 09:47:18.056749,312.8,312.81,0
2020-01-13 09:47:19,N,AAPL,312.8,2.0,312.81,1.0,1.0,-2.0,2020-01-13 09:47:19.178299,312.82,312.85,1
2020-01-13 09:47:20,N,AAPL,312.82,2.0,312.85,12.0,1.0,11.0,2020-01-13 09:47:20.937762,312.81,312.84,0
2020-01-13 09:47:21,N,AAPL,312.81,1.0,312.84,4.0,0.0,3.0,2020-01-13 09:47:21.070549,312.78,312.81,0
2020-01-13 09:47:22,N,AAPL,312.78,2.0,312.81,3.0,1.0,-1.0,2020-01-13 09:47:22.192858,312.78,312.81,0
2020-01-13 09:47:24,N,AAPL,312.78,1.0,312.81,13.0,-3.0,11.0,2020-01-13 09:47:24.993783,312.75,312.77,-1
2020-01-13 09:47:25,N,AAPL,312.75,2.0,312.77,2.0,1.0,-11.0,2020-01-13 09:47:25.130508,312.72,312.75,0
2020-01-13 09:47:26,N,AAPL,312.72,2.0,312.75,2.0,1.0,-9.0,2020-01-13 09:47:26.131827,312.67,312.7,-1
2020-01-13 09:47:27,N,AAPL,312.67,1.0,312.7,3.0,-2.0,0.0,2020-01-13 09:47:27.958187,312.66,312.69,0
2020-01-13 09:47:28,N,AAPL,312.66,4.0,312.69,4.0,3.0,0.0,2020-01-13 09:47:28.338947,312.67,312.7,0
2020-01-13 09:47:29,N,AAPL,312.67,4.0,312.7,2.0,0.0,-2.0,2020-01-13 09:47:29.249958,312.69,312.72,0
2020-01-13 09:47:30,N,AAPL,312.69,1.0,312.72,4.0,0.0,2.0,2020-01-13 09:47:30.255585,312.67,312.7,0
2020-01-13 09:47:31,N,AAPL,312.67,5.0,312.7,3.0,0.0,0.0,2020-01-13 09:47:31.023439,312.68,312.7,0
2020-01-13 09:47:32,N,AAPL,312.68,4.0,312.7,2.0,3.0,0.0,2020-01-13 09:47:32.046473,312.66,312.68,0
2020-01-13 09:47:33,N,AAPL,312.66,3.0,312.68,1.0,1.0,-1.0,2020-01-13 09:47:33.443473,312.66,312.69,0
2020-01-13 09:47:34,N,AAPL,312.66,3.0,312.69,4.0,0.0,1.0,2020-01-13 09:47:34.147428,312.67,312.71,0
2020-01-13 09:47:35,N,AAPL,312.67,1.0,312.71,2.0,-2.0,-1.0,2020-01-13 09:47:35.113943,312.69,312.72,0
2020-01-13 09:47:36,N,AAPL,312.69,3.0,312.72,2.0,-2.0,0.0,2020-01-13 09:47:36.119533,312.68,312.71,0
2020-01-13 09:47:37,N,AAPL,312.68,2.0,312.71,2.0,0.0,1.0,2020-01-13 09:47:37.815696,312.68,312.7,0
2020-01-13 09:47:38,N,AAPL,312.68,2.0,312.7,1.0,-2.0,-1.0,2020-01-13 09:47:38.148103,312.67,312.69,0
2020-01-13 09:47:39,N,AAPL,312.67,1.0,312.69,4.0,-1.0,3.0,2020-01-13 09:47:39.026508,312.65,312.67,0
2020-01-13 09:47:40,N,AAPL,312.65,6.0,312.67,3.0,1.0,2.0,2020-01-13 09:47:40.033581,312.58,312.61,-1
2020-01-13 09:47:41,N,AAPL,312.58,2.0,312.61,2.0,1.0,-1.0,2020-01-13 09:47:41.158768,312.58,312.63,0
2020-01-13 09:47:42,N,AAPL,312.58,2.0,312.63,2.0,1.0,1.0,2020-01-13 09:47:42.259204,312.64,312.66,1
2020-01-13 09:47:43,N,AAPL,312.64,2.0,312.66,3.0,0.0,2.0,2020-01-13 09:47:43.404547,312.63,312.64,0
2020-01-13 09:47:44,N,AAPL,312.63,4.0,312.64,1.0,2.0,-2.0,2020-01-13 09:47:44.213056,312.63,312.66,0
2020-01-13 09:47:45,N,AAPL,312.63,3.0,312.66,3.0,2.0,-1.0,2020-01-13 09:47:45.689223,312.64,312.67,0
2020-01-13 09:47:48,N,AAPL,312.64,2.0,312.67,7.0,-1.0,4.0,2020-01-13 09:47:48.318509,312.66,312.67,0
2020-01-13 09:47:49,N,AAPL,312.66,3.0,312.67,1.0,1.0,-6.0,2020-01-13 09:47:49.281711,312.67,312.7,0
2020-01-13 09:47:50,N,AAPL,312.67,2.0,312.7,1.0,1.0,-1.0,2020-01-13 09:47:50.222244,312.72,312.76,1
2020-01-13 09:47:51,N,AAPL,312.72,1.0,312.76,2.0,-1.0,1.0,2020-01-13 09:47:51.145195,312.71,312.74,0
2020-01-13 09:47:52,N,AAPL,312.71,1.0,312.74,1.0,-1.0,-1.0,2020-01-13 09:47:52.301602,312.7,312.74,0
2020-01-13 09:47:53,N,AAPL,312.7,2.0,312.74,2.0,0.0,1.0,2020-01-13 09:47:53.010838,312.71,312.75,0
2020-01-13 09:47:54,N,AAPL,312.71,1.0,312.75,1.0,0.0,0.0,2020-01-13 09:47:54.147038,312.75,312.78,0
2020-01-13 09:47:55,N,AAPL,312.75,3.0,312.78,2.0,2.0,0.0,2020-01-13 09:47:55.087802,312.74,312.78,0
2020-01-13 09:47:56,N,AAPL,312.74,2.0,312.78,1.0,1.0,-1.0,2020-01-13 09:47:56.093787,312.74,312.78,0
2020-01-13 09:47:57,N,AAPL,312.74,2.0,312.78,1.0,0.0,0.0,2020-01-13 09:47:57.251635,312.74,312.77,0
2020-01-13 09:47:58,N,AAPL,312.74,2.0,312.77,1.0,0.0,0.0,2020-01-13 09:47:58.023418,312.74,312.77,0
2020-01-13 09:47:59,N,AAPL,312.74,3.0,312.77,1.0,1.0,0.0,2020-01-13 09:47:59.881332,312.74,312.77,0
2020-01-13 09:48:00,N,AAPL,312.74,3.0,312.77,1.0,1.0,0.0,2020-01-13 09:48:00.501263,312.74,312.77,0
2020-01-13 09:48:01,N,AAPL,312.74,3.0,312.77,1.0,1.0,0.0,2020-01-13 09:48:01.283513,312.73,312.75,0
2020-01-13 09:48:02,N,AAPL,312.73,2.0,312.75,1.0,0.0,0.0,2020-01-13 09:48:02.220334,312.72,312.75,0
2020-01-13 09:48:03,N,AAPL,312.72,2.0,312.75,1.0,1.0,-2.0,2020-01-13 09:48:03.971241,312.69,312.73,0
2020-01-13 09:48:04,N,AAPL,312.69,2.0,312.73,3.0,0.0,2.0,2020-01-13 09:48:04.049103,312.69,312.72,0
2020-01-13 09:48:05,N,AAPL,312.69,1.0,312.72,1.0,0.0,-2.0,2020-01-13 09:48:05.074346,312.69,312.71,0
2020-01-13 09:48:06,N,AAPL,312.69,2.0,312.71,2.0,0.0,1.0,2020-01-13 09:48:06.167975,312.69,312.72,0
2020-01-13 09:48:07,N,AAPL,312.69,4.0,312.72,1.0,3.0,-2.0,2020-01-13 09:48:07.298234,312.72,312.75,0
2020-01-13 09:48:08,N,AAPL,312.72,1.0,312.75,2.0,-1.0,0.0,2020-01-13 09:48:08.100984,312.69,312.72,0
2020-01-13 09:48:10,N,AAPL,312.69,2.0,312.72,4.0,1.0,2.0,2020-01-13 09:48:10.504829,312.69,312.72,0
2020-01-13 09:48:11,N,AAPL,312.69,2.0,312.72,2.0,0.0,-1.0,2020-01-13 09:48:11.092808,312.66,312.69,0
2020-01-13 09:48:12,N,AAPL,312.66,1.0,312.69,3.0,0.0,0.0,2020-01-13 09:48:12.247740,312.6,312.63,-1
2020-01-13 09:48:13,N,AAPL,312.6,3.0,312.63,2.0,2.0,-2.0,2020-01-13 09:48:13.160619,312.62,312.65,0
2020-01-13 09:48:14,N,AAPL,312.62,2.0,312.65,2.0,-1.0,-1.0,2020-01-13 09:48:14.136942,312.58,312.62,0
2020-01-13 09:48:15,N,AAPL,312.58,2.0,312.62,2.0,-1.0,-2.0,2020-01-13 09:48:15.352111,312.6,312.64,0
2020-01-13 09:48:16,N,AAPL,312.6,2.0,312.64,2.0,1.0,1.0,2020-01-13 09:48:16.332375,312.62,312.66,0
2020-01-13 09:48:17,N,AAPL,312.62,2.0,312.66,2.0,0.0,0.0,2020-01-13 09:48:17.012235,312.64,312.68,0
2020-01-13 09:48:18,N,AAPL,312.64,3.0,312.68,3.0,1.0,-1.0,2020-01-13 09:48:18.803995,312.64,312.65,0
2020-01-13 09:48:20,N,AAPL,312.64,1.0,312.65,4.0,-2.0,1.0,2020-01-13 09:48:20.219661,312.62,312.66,0
2020-01-13 09:48:21,N,AAPL,312.62,1.0,312.66,2.0,0.0,0.0,2020-01-13 09:48:21.016542,312.62,312.65,0
2020-01-13 09:48:22,N,AAPL,312.62,2.0,312.65,2.0,1.0,1.0,2020-01-13 09:48:22.189763,312.62,312.66,0
2020-01-13 09:48:23,N,AAPL,312.62,2.0,312.66,2.0,1.0,-1.0,2020-01-13 09:48:23.117325,312.63,312.66,0
2020-01-13 09:48:24,N,AAPL,312.63,2.0,312.66,1.0,0.0,-2.0,2020-01-13 09:48:24.144289,312.68,312.73,1
2020-01-13 09:48:25,N,AAPL,312.68,2.0,312.73,3.0,-2.0,1.0,2020-01-13 09:48:25.849039,312.67,312.72,0
2020-01-13 09:48:27,N,AAPL,312.67,2.0,312.72,3.0,0.0,0.0,2020-01-13 09:48:27.170820,312.7,312.72,0
2020-01-13 09:48:28,N,AAPL,312.7,1.0,312.72,2.0,-1.0,1.0,2020-01-13 09:48:28.843472,312.68,312.71,0
2020-01-13 09:48:29,N,AAPL,312.68,1.0,312.71,4.0,-1.0,-1.0,2020-01-13 09:48:29.245193,312.69,312.73,0
2020-01-13 09:48:30,N,AAPL,312.69,3.0,312.73,1.0,2.0,-1.0,2020-01-13 09:48:30.075175,312.71,312.74,0
2020-01-13 09:48:31,N,AAPL,312.71,2.0,312.74,2.0,0.0,0.0,2020-01-13 09:48:31.363340,312.69,312.71,0
2020-01-13 09:48:34,N,AAPL,312.69,1.0,312.71,4.0,-1.0,2.0,2020-01-13 09:48:34.632339,312.68,312.69,0
2020-01-13 09:48:37,N,AAPL,312.68,2.0,312.69,2.0,-1.0,0.0,2020-01-13 09:48:37.775142,312.61,312.64,-1
2020-01-13 09:48:38,N,AAPL,312.61,5.0,312.64,2.0,3.0,-1.0,2020-01-13 09:48:38.307484,312.59,312.61,0
2020-01-13 09:48:39,N,AAPL,312.59,1.0,312.61,1.0,-1.0,0.0,2020-01-13 09:48:39.452576,312.56,312.58,-1
2020-01-13 09:48:40,N,AAPL,312.56,2.0,312.58,2.0,1.0,-1.0,2020-01-13 09:48:40.403902,312.58,312.62,0
2020-01-13 09:48:41,N,AAPL,312.58,1.0,312.62,3.0,0.0,1.0,2020-01-13 09:48:41.309035,312.58,312.61,0
2020-01-13 09:48:42,N,AAPL,312.58,2.0,312.61,4.0,1.0,1.0,2020-01-13 09:48:42.211050,312.55,312.58,0
2020-01-13 09:48:43,N,AAPL,312.55,1.0,312.58,3.0,-1.0,2.0,2020-01-13 09:48:43.402623,312.54,312.58,0
2020-01-13 09:48:44,N,AAPL,312.54,4.0,312.58,3.0,3.0,0.0,2020-01-13 09:48:44.101077,312.56,312.6,0
2020-01-13 09:48:45,N,AAPL,312.56,2.0,312.6,2.0,0.0,1.0,2020-01-13 09:48:45.013526,312.54,312.57,0
2020-01-13 09:48:46,N,AAPL,312.54,4.0,312.57,2.0,3.0,0.0,2020-01-13 09:48:46.143401,312.56,312.59,0
2020-01-13 09:48:47,N,AAPL,312.56,1.0,312.59,4.0,-1.0,3.0,2020-01-13 09:48:47.039341,312.52,312.55,-1
2020-01-13 09:48:49,N,AAPL,312.52,2.0,312.55,5.0,0.0,2.0,2020-01-13 09:48:49.571084,312.53,312.57,0
2020-01-13 09:48:50,N,AAPL,312.53,1.0,312.57,3.0,-4.0,0.0,2020-01-13 09:48:50.080677,312.58,312.62,1
2020-01-13 09:48:51,N,AAPL,312.58,1.0,312.62,3.0,0.0,0.0,2020-01-13 09:48:51.307346,312.59,312.63,0
2020-01-13 09:48:52,N,AAPL,312.59,3.0,312.63,4.0,0.0,1.0,2020-01-13 09:48:52.099330,312.6,312.61,0
2020-01-13 09:48:54,N,AAPL,312.6,3.0,312.61,1.0,1.0,-2.0,2020-01-13 09:48:54.651504,312.58,312.61,0
2020-01-13 09:48:55,N,AAPL,312.58,1.0,312.61,1.0,-2.0,0.0,2020-01-13 09:48:55.011310,312.59,312.62,0
2020-01-13 09:48:56,N,AAPL,312.59,1.0,312.62,3.0,-2.0,1.0,2020-01-13 09:48:56.173051,312.59,312.62,0
2020-01-13 09:48:57,N,AAPL,312.59,2.0,312.62,1.0,0.0,0.0,2020-01-13 09:48:57.323067,312.62,312.63,0
2020-01-13 09:48:59,N,AAPL,312.62,4.0,312.63,4.0,2.0,3.0,2020-01-13 09:48:59.107794,312.62,312.65,0
2020-01-13 09:49:00,N,AAPL,312.62,3.0,312.65,1.0,1.0,0.0,2020-01-13 09:49:00.218694,312.63,312.65,0
2020-01-13 09:49:01,N,AAPL,312.63,1.0,312.65,1.0,-2.0,0.0,2020-01-13 09:49:01.108576,312.61,312.65,0
2020-01-13 09:49:02,N,AAPL,312.61,4.0,312.65,3.0,1.0,1.0,2020-01-13 09:49:02.017636,312.64,312.65,0
2020-01-13 09:49:03,N,AAPL,312.64,3.0,312.65,1.0,-1.0,0.0,2020-01-13 09:49:03.169645,312.66,312.69,1
2020-01-13 09:49:05,N,AAPL,312.66,3.0,312.69,2.0,0.0,1.0,2020-01-13 09:49:05.761141,312.69,312.72,0
2020-01-13 09:49:06,N,AAPL,312.69,4.0,312.72,2.0,2.0,1.0,2020-01-13 09:49:06.808360,312.7,312.73,0
2020-01-13 09:49:07,N,AAPL,312.7,4.0,312.73,2.0,2.0,1.0,2020-01-13 09:49:07.064004,312.7,312.73,0
2020-01-13 09:49:08,N,AAPL,312.7,5.0,312.73,2.0,1.0,1.0,2020-01-13 09:49:08.122601,312.7,312.75,0
2020-01-13 09:49:09,N,AAPL,312.7,3.0,312.75,4.0,-2.0,2.0,2020-01-13 09:49:09.275783,312.67,312.7,0
2020-01-13 09:49:11,N,AAPL,312.67,1.0,312.7,5.0,-2.0,1.0,2020-01-13 09:49:11.232390,312.68,312.71,0
2020-01-13 09:49:12,N,AAPL,312.68,1.0,312.71,3.0,-2.0,-8.0,2020-01-13 09:49:12.118317,312.67,312.69,0
2020-01-13 09:49:13,N,AAPL,312.67,2.0,312.69,5.0,-1.0,3.0,2020-01-13 09:49:13.198464,312.61,312.63,-1
2020-01-13 09:49:15,N,AAPL,312.61,1.0,312.63,1.0,-1.0,-3.0,2020-01-13 09:49:15.609103,312.63,312.67,0
2020-01-13 09:49:16,N,AAPL,312.63,1.0,312.67,2.0,0.0,1.0,2020-01-13 09:49:16.438071,312.65,312.69,0
2020-01-13 09:49:17,N,AAPL,312.65,3.0,312.69,1.0,2.0,-1.0,2020-01-13 09:49:17.194384,312.67,312.7,0
2020-01-13 09:49:18,N,AAPL,312.67,2.0,312.7,2.0,0.0,0.0,2020-01-13 09:49:18.115988,312.69,312.7,0
2020-01-13 09:49:20,N,AAPL,312.69,4.0,312.7,1.0,2.0,-1.0,2020-01-13 09:49:20.762870,312.72,312.75,1
2020-01-13 09:49:23,N,AAPL,312.72,2.0,312.75,2.0,-2.0,0.0,2020-01-13 09:49:23.464535,312.71,312.74,0
2020-01-13 09:49:24,N,AAPL,312.71,3.0,312.74,2.0,-1.0,1.0,2020-01-13 09:49:24.325560,312.73,312.74,0
2020-01-13 09:49:25,N,AAPL,312.73,2.0,312.74,1.0,-1.0,0.0,2020-01-13 09:49:25.629037,312.73,312.74,0
2020-01-13 09:49:27,N,AAPL,312.73,2.0,312.74,1.0,0.0,0.0,2020-01-13 09:49:27.238466,312.72,312.74,0
2020-01-13 09:49:29,N,AAPL,312.72,7.0,312.74,2.0,5.0,1.0,2020-01-13 09:49:29.018829,312.67,312.7,-1
2020-01-13 09:49:36,N,AAPL,312.67,4.0,312.7,3.0,-3.0,-1.0,2020-01-13 09:49:36.131729,312.64,312.66,-1
2020-01-13 09:49:37,N,AAPL,312.64,2.0,312.66,2.0,0.0,1.0,2020-01-13 09:49:37.201873,312.65,312.68,0
2020-01-13 09:49:38,N,AAPL,312.65,1.0,312.68,3.0,-1.0,1.0,2020-01-13 09:49:38.127930,312.62,312.65,0
2020-01-13 09:49:39,N,AAPL,312.62,1.0,312.65,2.0,-1.0,-3.0,2020-01-13 09:49:39.511038,312.64,312.67,0
2020-01-13 09:49:40,N,AAPL,312.64,3.0,312.67,1.0,2.0,-1.0,2020-01-13 09:49:40.173586,312.68,312.71,1
2020-01-13 09:49:41,N,AAPL,312.68,7.0,312.71,2.0,4.0,-1.0,2020-01-13 09:49:41.630568,312.7,312.73,0
2020-01-13 09:49:46,N,AAPL,312.7,1.0,312.73,2.0,-2.0,1.0,2020-01-13 09:49:46.737028,312.73,312.75,0
2020-01-13 09:49:48,N,AAPL,312.73,3.0,312.75,3.0,2.0,1.0,2020-01-13 09:49:48.009836,312.77,312.79,1
2020-01-13 09:49:49,N,AAPL,312.77,3.0,312.79,1.0,0.0,-2.0,2020-01-13 09:49:49.001674,312.76,312.78,0
2020-01-13 09:49:50,N,AAPL,312.76,2.0,312.78,1.0,0.0,0.0,2020-01-13 09:49:50.799333,312.72,312.74,-1
2020-01-13 09:49:51,N,AAPL,312.72,2.0,312.74,1.0,1.0,-1.0,2020-01-13 09:49:51.508217,312.68,312.7,-1
2020-01-13 09:49:52,N,AAPL,312.68,6.0,312.7,5.0,5.0,4.0,2020-01-13 09:49:52.493115,312.69,312.72,0
2020-01-13 09:49:53,N,AAPL,312.69,3.0,312.72,2.0,0.0,1.0,2020-01-13 09:49:53.005339,312.72,312.75,0
2020-01-13 09:49:54,N,AAPL,312.72,1.0,312.75,1.0,0.0,0.0,2020-01-13 09:49:54.623674,312.73,312.75,0
2020-01-13 09:49:55,N,AAPL,312.73,1.0,312.75,2.0,0.0,1.0,2020-01-13 09:49:55.562649,312.74,312.75,0
2020-01-13 09:49:56,N,AAPL,312.74,2.0,312.75,1.0,-1.0,-1.0,2020-01-13 09:49:56.398465,312.74,312.75,0
2020-01-13 09:49:57,N,AAPL,312.74,1.0,312.75,2.0,-1.0,1.0,2020-01-13 09:49:57.126100,312.72,312.74,0
2020-01-13 09:49:58,N,AAPL,312.72,1.0,312.74,1.0,0.0,0.0,2020-01-13 09:49:58.089815,312.73,312.76,0
2020-01-13 09:49:59,N,AAPL,312.73,3.0,312.76,4.0,2.0,2.0,2020-01-13 09:49:59.095674,312.76,312.78,0
2020-01-13 09:50:00,N,AAPL,312.76,2.0,312.78,4.0,1.0,2.0,2020-01-13 09:50:00.026806,312.75,312.78,0
2020-01-13 09:50:04,N,AAPL,312.75,2.0,312.78,6.0,1.0,4.0,2020-01-13 09:50:04.864599,312.73,312.77,0
2020-01-13 09:50:05,N,AAPL,312.73,2.0,312.77,2.0,1.0,0.0,2020-01-13 09:50:05.098136,312.63,312.67,-1
2020-01-13 09:50:06,N,AAPL,312.63,2.0,312.67,4.0,-1.0,1.0,2020-01-13 09:50:06.067106,312.62,312.65,0
2020-01-13 09:50:07,N,AAPL,312.62,2.0,312.65,2.0,0.0,1.0,2020-01-13 09:50:07.534544,312.58,312.61,-1
2020-01-13 09:50:08,N,AAPL,312.58,3.0,312.61,2.0,2.0,0.0,2020-01-13 09:50:08.086635,312.58,312.62,0
2020-01-13 09:50:09,N,AAPL,312.58,1.0,312.62,3.0,0.0,2.0,2020-01-13 09:50:09.001357,312.6,312.63,0
2020-01-13 09:50:10,N,AAPL,312.6,4.0,312.63,2.0,1.0,1.0,2020-01-13 09:50:10.139160,312.61,312.63,0
2020-01-13 09:50:11,N,AAPL,312.61,1.0,312.63,1.0,0.0,0.0,2020-01-13 09:50:11.082266,312.65,312.68,1
2020-01-13 09:50:13,N,AAPL,312.65,2.0,312.68,2.0,-1.0,-2.0,2020-01-13 09:50:13.541346,312.67,312.7,0
2020-01-13 09:50:14,N,AAPL,312.67,1.0,312.7,2.0,0.0,0.0,2020-01-13 09:50:14.163281,312.66,312.69,0
2020-01-13 09:50:15,N,AAPL,312.66,2.0,312.69,1.0,1.0,-1.0,2020-01-13 09:50:15.065605,312.67,312.7,0
2020-01-13 09:50:16,N,AAPL,312.67,1.0,312.7,2.0,-1.0,1.0,2020-01-13 09:50:16.101105,312.65,312.68,0
2020-01-13 09:50:17,N,AAPL,312.65,2.0,312.68,1.0,1.0,-5.0,2020-01-13 09:50:17.682306,312.6,312.64,-1
2020-01-13 09:50:18,N,AAPL,312.6,4.0,312.64,3.0,1.0,-2.0,2020-01-13 09:50:18.269803,312.64,312.67,0
2020-01-13 09:50:19,N,AAPL,312.64,1.0,312.67,2.0,-2.0,-1.0,2020-01-13 09:50:19.245242,312.67,312.69,0
2020-01-13 09:50:20,N,AAPL,312.67,5.0,312.69,1.0,3.0,-2.0,2020-01-13 09:50:20.904852,312.67,312.7,0
2020-01-13 09:50:21,N,AAPL,312.67,4.0,312.7,1.0,1.0,0.0,2020-01-13 09:50:21.061305,312.68,312.7,0
2020-01-13 09:50:22,N,AAPL,312.68,3.0,312.7,1.0,2.0,0.0,2020-01-13 09:50:22.287856,312.7,312.73,0
