last_interval,Exchange,Symbol,Best_Bid_Price,FB0,Best_Offer_Price,FA0,FB2,FA2,p_time,Next_Best_Bid,Next_Best_Offer,outcome
2020-01-15 09:30:01,N,AAPL,311.92,2.0,311.99,1.0,1.0,0.0,2020-01-15 09:30:01.004096,311.9,311.95,0
2020-01-15 09:30:02,N,AAPL,311.9,3.0,311.95,1.0,1.0,-2.0,2020-01-15 09:30:02.316396,311.95,312.0,0
2020-01-15 09:30:04,N,AAPL,311.95,1.0,312.0,73.0,-2.0,-1.0,2020-01-15 09:30:04.616660,311.59,311.62,-1
2020-01-15 09:30:09,N,AAPL,311.59,2.0,311.62,2.0,1.0,1.0,2020-01-15 09:30:09.164108,311.5,311.53,-1
2020-01-15 09:30:10,N,AAPL,311.5,1.0,311.53,3.0,-1.0,2.0,2020-01-15 09:30:10.047426,311.61,311.65,1
2020-01-15 09:30:12,N,AAPL,311.61,1.0,311.65,1.0,0.0,-2.0,2020-01-15 09:30:12.154104,311.75,311.81,1
2020-01-15 09:30:13,N,AAPL,311.75,1.0,311.81,1.0,0.0,0.0,2020-01-15 09:30:13.036859,312.29,312.34,1
2020-01-15 09:30:17,N,AAPL,312.29,15.0,312.34,2.0,14.0,1.0,2020-01-15 09:30:17.349222,312.68,312.74,1
2020-01-15 09:30:22,N,AAPL,312.68,1.0,312.74,1.0,-14.0,-1.0,2020-01-15 09:30:22.487354,312.68,312.75,0
2020-01-15 09:30:23,N,AAPL,312.68,2.0,312.75,1.0,1.0,-2.0,2020-01-15 09:30:23.204993,312.67,312.79,0
2020-01-15 09:30:24,N,AAPL,312.67,1.0,312.79,3.0,-1.0,1.0,2020-01-15 09:30:24.112204,312.64,312.72,0
2020-01-15 09:30:25,N,AAPL,312.64,2.0,312.72,1.0,1.0,-2.0,2020-01-15 09:30:25.188644,312.65,312.76,0
2020-01-15 09:30:26,N,AAPL,312.65,4.0,312.76,2.0,2.0,1.0,2020-01-15 09:30:26.065999,312.63,312.74,0
2020-01-15 09:30:27,N,AAPL,312.63,6.0,312.74,2.0,3.0,1.0,2020-01-15 09:30:27.353954,312.63,312.71,0
2020-01-15 09:30:28,N,AAPL,312.63,3.0,312.71,4.0,1.0,3.0,2020-01-15 09:30:28.076366,312.6,312.67,0
2020-01-15 09:30:29,N,AAPL,312.6,2.0,312.67,4.0,-1.0,2.0,2020-01-15 09:30:29.555579,312.57,312.67,0
2020-01-15 09:30:31,N,AAPL,312.57,2.0,312.67,2.0,0.0,1.0,2020-01-15 09:30:31.143105,312.53,312.64,0
2020-01-15 09:30:32,N,AAPL,312.53,2.0,312.64,3.0,1.0,1.0,2020-01-15 09:30:32.272276,312.48,312.55,0
2020-01-15 09:30:33,N,AAPL,312.48,1.0,312.55,1.0,0.0,0.0,2020-01-15 09:30:33.191941,312.41,312.5,0
2020-01-15 09:30:35,N,AAPL,312.41,5.0,312.5,2.0,3.0,0.0,2020-01-15 09:30:35.061425,312.41,312.5,0
2020-01-15 09:30:36,N,AAPL,312.41,5.0,312.5,1.0,0.0,-1.0,2020-01-15 09:30:36.038196,312.41,312.49,0
2020-01-15 09:30:37,N,AAPL,312.41,4.0,312.49,4.0,-1.0,3.0,2020-01-15 09:30:37.134190,312.41,312.47,0
2020-01-15 09:30:38,N,AAPL,312.41,4.0,312.47,4.0,0.0,-1.0,2020-01-15 09:30:38.049913,312.25,312.33,-1
2020-01-15 09:30:39,N,AAPL,312.25,2.0,312.33,2.0,1.0,0.0,2020-01-15 09:30:39.920040,312.18,312.25,0
2020-01-15 09:30:40,N,AAPL,312.18,4.0,312.25,1.0,3.0,-1.0,2020-01-15 09:30:40.986454,312.22,312.29,0
2020-01-15 09:30:41,N,AAPL,312.22,4.0,312.29,2.0,0.0,1.0,2020-01-15 09:30:41.743733,312.25,312.35,0
2020-01-15 09:30:42,N,AAPL,312.25,5.0,312.35,2.0,3.0,1.0,2020-01-15 09:30:42.019106,312.34,312.4,0
2020-01-15 09:30:46,N,AAPL,312.34,3.0,312.4,5.0,-1.0,4.0,2020-01-15 09:30:46.518920,312.35,312.4,0
2020-01-15 09:30:47,N,AAPL,312.35,4.0,312.4,4.0,1.0,0.0,2020-01-15 09:30:47.081145,312.36,312.48,0
2020-01-15 09:30:48,N,AAPL,312.36,2.0,312.48,2.0,0.0,-1.0,2020-01-15 09:30:48.040314,312.46,312.53,0
2020-01-15 09:30:49,N,AAPL,312.46,2.0,312.53,1.0,1.0,-4.0,2020-01-15 09:30:49.364600,312.43,312.47,0
2020-01-15 09:30:50,N,AAPL,312.43,1.0,312.47,1.0,-4.0,0.0,2020-01-15 09:30:50.766846,312.43,312.47,0
2020-01-15 09:30:52,N,AAPL,312.43,3.0,312.47,3.0,2.0,2.0,2020-01-15 09:30:52.712707,312.33,312.41,-1
2020-01-15 09:30:53,N,AAPL,312.33,1.0,312.41,1.0,-1.0,0.0,2020-01-15 09:30:53.132808,312.26,312.33,0
2020-01-15 09:30:54,N,AAPL,312.26,2.0,312.33,1.0,0.0,-1.0,2020-01-15 09:30:54.074249,312.17,312.21,-1
2020-01-15 09:30:55,N,AAPL,312.17,1.0,312.21,1.0,-1.0,0.0,2020-01-15 09:30:55.213426,312.13,312.2,0
2020-01-15 09:30:56,N,AAPL,312.13,2.0,312.2,1.0,1.0,0.0,2020-01-15 09:30:56.434739,312.22,312.27,1
2020-01-15 09:30:57,N,AAPL,312.22,1.0,312.27,1.0,0.0,0.0,2020-01-15 09:30:57.479012,312.25,312.35,0
2020-01-15 09:30:58,N,AAPL,312.25,1.0,312.35,3.0,0.0,1.0,2020-01-15 09:30:58.227950,312.25,312.35,0
2020-01-15 09:30:59,N,AAPL,312.25,1.0,312.35,3.0,0.0,1.0,2020-01-15 09:30:59.074548,312.2,312.28,0
2020-01-15 09:31:00,N,AAPL,312.2,1.0,312.28,1.0,0.0,0.0,2020-01-15 09:31:00.528450,312.27,312.34,0
2020-01-15 09:31:01,N,AAPL,312.27,2.0,312.34,2.0,1.0,1.0,2020-01-15 09:31:01.263358,312.31,312.35,0
2020-01-15 09:31:02,N,AAPL,312.31,2.0,312.35,1.0,0.0,0.0,2020-01-15 09:31:02.321583,312.38,312.42,1
2020-01-15 09:31:03,N,AAPL,312.38,2.0,312.42,2.0,0.0,-1.0,2020-01-15 09:31:03.560811,312.33,312.45,0
2020-01-15 09:31:04,N,AAPL,312.33,1.0,312.45,2.0,0.0,0.0,2020-01-15 09:31:04.124535,312.39,312.45,0
2020-01-15 09:31:05,N,AAPL,312.39,1.0,312.45,2.0,0.0,-2.0,2020-01-15 09:31:05.089682,312.4,312.43,0
2020-01-15 09:31:06,N,AAPL,312.4,4.0,312.43,2.0,0.0,0.0,2020-01-15 09:31:06.027023,312.42,312.43,0
2020-01-15 09:31:07,N,AAPL,312.42,2.0,312.43,2.0,0.0,0.0,2020-01-15 09:31:07.164598,312.44,312.49,1
2020-01-15 09:31:08,N,AAPL,312.44,2.0,312.49,2.0,1.0,0.0,2020-01-15 09:31:08.236687,312.47,312.55,0
2020-01-15 09:31:09,N,AAPL,312.47,1.0,312.55,2.0,-1.0,1.0,2020-01-15 09:31:09.259366,312.5,312.55,0
2020-01-15 09:31:10,N,AAPL,312.5,3.0,312.55,1.0,2.0,0.0,2020-01-15 09:31:10.570134,312.58,312.63,1
2020-01-15 09:31:11,N,AAPL,312.58,2.0,312.63,1.0,-2.0,0.0,2020-01-15 09:31:11.201870,312.56,312.65,0
2020-01-15 09:31:12,N,AAPL,312.56,3.0,312.65,3.0,2.0,0.0,2020-01-15 09:31:12.304668,312.51,312.55,-1
2020-01-15 09:31:13,N,AAPL,312.51,2.0,312.55,2.0,1.0,1.0,2020-01-15 09:31:13.892121,312.47,312.55,0
2020-01-15 09:31:14,N,AAPL,312.47,9.0,312.55,2.0,0.0,0.0,2020-01-15 09:31:14.034698,312.37,312.45,-1
2020-01-15 09:31:15,N,AAPL,312.37,4.0,312.45,4.0,0.0,2.0,2020-01-15 09:31:15.175318,312.41,312.49,0
2020-01-15 09:31:16,N,AAPL,312.41,1.0,312.49,2.0,-3.0,0.0,2020-01-15 09:31:16.220724,312.47,312.54,0
2020-01-15 09:31:17,N,AAPL,312.47,1.0,312.54,1.0,-1.0,0.0,2020-01-15 09:31:17.121387,312.48,312.56,0
2020-01-15 09:31:18,N,AAPL,312.48,2.0,312.56,1.0,-2.0,-2.0,2020-01-15 09:31:18.022246,312.51,312.61,0
2020-01-15 09:31:19,N,AAPL,312.51,1.0,312.61,2.0,-1.0,1.0,2020-01-15 09:31:19.061861,312.47,312.55,0
2020-01-15 09:31:20,N,AAPL,312.47,4.0,312.55,1.0,2.0,-1.0,2020-01-15 09:31:20.398391,312.51,312.58,0
2020-01-15 09:31:21,N,AAPL,312.51,1.0,312.58,1.0,-3.0,0.0,2020-01-15 09:31:21.043274,312.48,312.57,0
2020-01-15 09:31:22,N,AAPL,312.48,1.0,312.57,1.0,-1.0,-1.0,2020-01-15 09:31:22.409705,312.54,312.64,0
2020-01-15 09:31:23,N,AAPL,312.54,1.0,312.64,1.0,0.0,-1.0,2020-01-15 09:31:23.144784,312.55,312.64,0
2020-01-15 09:31:24,N,AAPL,312.55,2.0,312.64,3.0,-2.0,-1.0,2020-01-15 09:31:24.051661,312.54,312.64,0
2020-01-15 09:31:25,N,AAPL,312.54,2.0,312.64,2.0,0.0,0.0,2020-01-15 09:31:25.199935,312.57,312.64,0
2020-01-15 09:31:26,N,AAPL,312.57,2.0,312.64,2.0,0.0,0.0,2020-01-15 09:31:26.082828,312.52,312.6,0
2020-01-15 09:31:27,N,AAPL,312.52,3.0,312.6,2.0,2.0,0.0,2020-01-15 09:31:27.574306,312.5,312.57,0
2020-01-15 09:31:28,N,AAPL,312.5,3.0,312.57,2.0,2.0,1.0,2020-01-15 09:31:28.049982,312.58,312.59,1
2020-01-15 09:31:29,N,AAPL,312.58,1.0,312.59,1.0,-1.0,-1.0,2020-01-15 09:31:29.408269,312.57,312.63,0
2020-01-15 09:31:30,N,AAPL,312.57,2.0,312.63,2.0,-2.0,1.0,2020-01-15 09:31:30.067244,312.5,312.57,0
2020-01-15 09:31:31,N,AAPL,312.5,1.0,312.57,2.0,-1.0,0.0,2020-01-15 09:31:31.210701,312.52,312.61,0
2020-01-15 09:31:32,N,AAPL,312.52,1.0,312.61,1.0,-2.0,0.0,2020-01-15 09:31:32.239364,312.53,312.6,0
2020-01-15 09:31:33,N,AAPL,312.53,2.0,312.6,1.0,0.0,-1.0,2020-01-15 09:31:33.703417,312.53,312.57,0
2020-01-15 09:31:34,N,AAPL,312.53,2.0,312.57,1.0,1.0,0.0,2020-01-15 09:31:34.065653,312.5,312.54,0
2020-01-15 09:31:36,N,AAPL,312.5,1.0,312.54,3.0,-1.0,1.0,2020-01-15 09:31:36.119538,312.65,312.68,1
2020-01-15 09:31:37,N,AAPL,312.65,4.0,312.68,3.0,3.0,1.0,2020-01-15 09:31:37.558474,312.66,312.71,0
2020-01-15 09:31:39,N,AAPL,312.66,2.0,312.71,2.0,1.0,0.0,2020-01-15 09:31:39.734246,312.72,312.74,1
2020-01-15 09:31:40,N,AAPL,312.72,4.0,312.74,2.0,3.0,0.0,2020-01-15 09:31:40.495302,312.69,312.73,0
2020-01-15 09:31:41,N,AAPL,312.69,2.0,312.73,4.0,0.0,2.0,2020-01-15 09:31:41.191339,312.7,312.73,0
2020-01-15 09:31:42,N,AAPL,312.7,2.0,312.73,4.0,1.0,3.0,2020-01-15 09:31:42.198926,312.7,312.75,0
2020-01-15 09:31:43,N,AAPL,312.7,5.0,312.75,2.0,4.0,-2.0,2020-01-15 09:31:43.334576,312.73,312.78,0
2020-01-15 09:31:44,N,AAPL,312.73,2.0,312.78,2.0,-3.0,0.0,2020-01-15 09:31:44.511992,312.68,312.73,0
2020-01-15 09:31:45,N,AAPL,312.68,2.0,312.73,4.0,1.0,2.0,2020-01-15 09:31:45.015068,312.56,312.66,-1
2020-01-15 09:31:46,N,AAPL,312.56,2.0,312.66,1.0,1.0,-1.0,2020-01-15 09:31:46.183739,312.65,312.74,0
2020-01-15 09:31:47,N,AAPL,312.65,2.0,312.74,2.0,1.0,1.0,2020-01-15 09:31:47.226310,312.74,312.79,0
2020-01-15 09:31:48,N,AAPL,312.74,2.0,312.79,1.0,0.0,-1.0,2020-01-15 09:31:48.271931,312.92,313.0,1
2020-01-15 09:31:49,N,AAPL,312.92,2.0,313.0,1.0,0.0,-2.0,2020-01-15 09:31:49.142809,312.9,312.96,0
2020-01-15 09:31:50,N,AAPL,312.9,1.0,312.96,4.0,-3.0,3.0,2020-01-15 09:31:50.163752,312.84,312.92,0
2020-01-15 09:31:51,N,AAPL,312.84,2.0,312.92,4.0,-2.0,3.0,2020-01-15 09:31:51.076844,312.82,312.89,0
2020-01-15 09:31:52,N,AAPL,312.82,4.0,312.89,1.0,3.0,0.0,2020-01-15 09:31:52.002689,312.8,312.83,0
2020-01-15 09:31:53,N,AAPL,312.8,2.0,312.83,1.0,1.0,0.0,2020-01-15 09:31:53.825551,312.8,312.87,0
2020-01-15 09:31:54,N,AAPL,312.8,1.0,312.87,1.0,-1.0,-3.0,2020-01-15 09:31:54.009002,312.71,312.83,0
2020-01-15 09:31:55,N,AAPL,312.71,3.0,312.83,2.0,2.0,0.0,2020-01-15 09:31:55.216904,312.76,312.86,0
2020-01-15 09:31:57,N,AAPL,312.76,2.0,312.86,2.0,-1.0,0.0,2020-01-15 09:31:57.038081,312.91,312.99,1
2020-01-15 09:31:58,N,AAPL,312.91,2.0,312.99,1.0,-2.0,-2.0,2020-01-15 09:31:58.018481,312.9,313.0,0
2020-01-15 09:31:59,N,AAPL,312.9,1.0,313.0,2.0,-1.0,0.0,2020-01-15 09:31:59.103176,312.92,313.0,0
2020-01-15 09:32:00,N,AAPL,312.92,2.0,313.0,2.0,1.0,0.0,2020-01-15 09:32:00.000522,312.92,313.0,0
2020-01-15 09:32:01,N,AAPL,312.92,4.0,313.0,2.0,-1.0,-1.0,2020-01-15 09:32:01.254901,312.91,313.04,0
2020-01-15 09:32:02,N,AAPL,312.91,1.0,313.04,1.0,0.0,0.0,2020-01-15 09:32:02.471535,312.94,312.99,0
2020-01-15 09:32:03,N,AAPL,312.94,2.0,312.99,1.0,1.0,0.0,2020-01-15 09:32:03.053238,312.94,312.98,0
2020-01-15 09:32:04,N,AAPL,312.94,3.0,312.98,2.0,-1.0,1.0,2020-01-15 09:32:04.026548,312.95,313.01,0
2020-01-15 09:32:05,N,AAPL,312.95,1.0,313.01,2.0,0.0,-2.0,2020-01-15 09:32:05.577777,312.95,313.01,0
2020-01-15 09:32:07,N,AAPL,312.95,1.0,313.01,1.0,0.0,-1.0,2020-01-15 09:32:07.998450,312.96,313.04,0
2020-01-15 09:32:08,N,AAPL,312.96,2.0,313.04,2.0,1.0,1.0,2020-01-15 09:32:08.014184,312.98,313.03,0
2020-01-15 09:32:09,N,AAPL,312.98,2.0,313.03,1.0,1.0,-1.0,2020-01-15 09:32:09.374365,312.94,313.0,0
2020-01-15 09:32:10,N,AAPL,312.94,1.0,313.0,1.0,-1.0,-2.0,2020-01-15 09:32:10.000752,312.95,312.99,0
2020-01-15 09:32:11,N,AAPL,312.95,2.0,312.99,2.0,0.0,1.0,2020-01-15 09:32:11.014790,312.93,312.99,0
2020-01-15 09:32:12,N,AAPL,312.93,4.0,312.99,5.0,3.0,3.0,2020-01-15 09:32:12.077579,312.9,312.95,0
2020-01-15 09:32:13,N,AAPL,312.9,1.0,312.95,5.0,0.0,3.0,2020-01-15 09:32:13.117000,312.89,312.96,0
2020-01-15 09:32:14,N,AAPL,312.89,1.0,312.96,2.0,-3.0,1.0,2020-01-15 09:32:14.220911,312.86,312.93,0
2020-01-15 09:32:15,N,AAPL,312.86,1.0,312.93,2.0,-2.0,1.0,2020-01-15 09:32:15.362676,312.88,312.97,0
2020-01-15 09:32:16,N,AAPL,312.88,2.0,312.97,2.0,1.0,0.0,2020-01-15 09:32:16.252916,312.86,312.94,0
2020-01-15 09:32:17,N,AAPL,312.86,1.0,312.94,1.0,0.0,-1.0,2020-01-15 09:32:17.076850,312.94,312.99,0
2020-01-15 09:32:19,N,AAPL,312.94,1.0,312.99,2.0,0.0,0.0,2020-01-15 09:32:19.128192,312.94,312.99,0
2020-01-15 09:32:20,N,AAPL,312.94,1.0,312.99,2.0,0.0,1.0,2020-01-15 09:32:20.041266,312.89,312.94,0
2020-01-15 09:32:21,N,AAPL,312.89,3.0,312.94,2.0,1.0,1.0,2020-01-15 09:32:21.305703,312.93,312.97,0
2020-01-15 09:32:22,N,AAPL,312.93,2.0,312.97,2.0,-2.0,1.0,2020-01-15 09:32:22.026414,312.99,312.99,1
2020-01-15 09:32:23,N,AAPL,312.99,1.0,312.99,4.0,-3.0,3.0,2020-01-15 09:32:23.228955,312.99,313.02,0
2020-01-15 09:32:24,N,AAPL,312.99,4.0,313.02,2.0,3.0,-2.0,2020-01-15 09:32:24.475939,312.97,313.04,0
2020-01-15 09:32:25,N,AAPL,312.97,2.0,313.04,1.0,1.0,-3.0,2020-01-15 09:32:25.206875,312.98,313.04,0
2020-01-15 09:32:26,N,AAPL,312.98,1.0,313.04,2.0,0.0,0.0,2020-01-15 09:32:26.043871,312.98,313.05,0
2020-01-15 09:32:27,N,AAPL,312.98,1.0,313.05,4.0,-4.0,3.0,2020-01-15 09:32:27.063733,313.08,313.13,1
2020-01-15 09:32:28,N,AAPL,313.08,4.0,313.13,2.0,2.0,0.0,2020-01-15 09:32:28.017388,313.13,313.19,0
2020-01-15 09:32:29,N,AAPL,313.13,2.0,313.19,2.0,0.0,0.0,2020-01-15 09:32:29.799762,313.11,313.18,0
2020-01-15 09:32:30,N,AAPL,313.11,1.0,313.18,1.0,0.0,-3.0,2020-01-15 09:32:30.622592,313.13,313.2,0
2020-01-15 09:32:31,N,AAPL,313.13,2.0,313.2,4.0,0.0,3.0,2020-01-15 09:32:31.194608,313.16,313.21,0
2020-01-15 09:32:32,N,AAPL,313.16,2.0,313.21,2.0,1.0,-2.0,2020-01-15 09:32:32.111014,313.06,313.14,-1
2020-01-15 09:32:33,N,AAPL,313.06,4.0,313.14,2.0,2.0,-2.0,2020-01-15 09:32:33.073849,313.1,313.2,0
2020-01-15 09:32:34,N,AAPL,313.1,21.0,313.2,2.0,1.0,0.0,2020-01-15 09:32:34.221332,313.11,313.19,0
2020-01-15 09:32:35,N,AAPL,313.11,2.0,313.19,3.0,-19.0,0.0,2020-01-15 09:32:35.547032,313.16,313.18,0
2020-01-15 09:32:36,N,AAPL,313.16,4.0,313.18,4.0,2.0,1.0,2020-01-15 09:32:36.427167,313.14,313.18,0
2020-01-15 09:32:37,N,AAPL,313.14,201.0,313.18,1.0,1.0,0.0,2020-01-15 09:32:37.797234,313.14,313.19,0
2020-01-15 09:32:38,N,AAPL,313.14,188.0,313.19,1.0,0.0,0.0,2020-01-15 09:32:38.247549,313.14,313.19,0
2020-01-15 09:32:39,N,AAPL,313.14,188.0,313.19,1.0,0.0,0.0,2020-01-15 09:32:39.131457,313.14,313.19,0
2020-01-15 09:32:40,N,AAPL,313.14,91.0,313.19,1.0,-4.0,-5.0,2020-01-15 09:32:40.619446,313.15,313.19,0
2020-01-15 09:32:41,N,AAPL,313.15,1.0,313.19,1.0,-90.0,0.0,2020-01-15 09:32:41.311636,313.11,313.16,0
2020-01-15 09:32:42,N,AAPL,313.11,1.0,313.16,4.0,-90.0,3.0,2020-01-15 09:32:42.176364,313.0,313.07,-1
2020-01-15 09:32:43,N,AAPL,313.0,3.0,313.07,4.0,0.0,2.0,2020-01-15 09:32:43.059488,313.01,313.09,0
2020-01-15 09:32:44,N,AAPL,313.01,1.0,313.09,1.0,-3.0,0.0,2020-01-15 09:32:44.060250,313.08,313.12,0
2020-01-15 09:32:47,N,AAPL,313.08,4.0,313.12,1.0,3.0,-1.0,2020-01-15 09:32:47.344838,313.1,313.13,0
2020-01-15 09:32:48,N,AAPL,313.1,2.0,313.13,1.0,-2.0,0.0,2020-01-15 09:32:48.091057,312.97,313.03,-1
2020-01-15 09:32:49,N,AAPL,312.97,2.0,313.03,2.0,0.0,1.0,2020-01-15 09:32:49.059054,312.97,313.06,0
2020-01-15 09:32:50,N,AAPL,312.97,2.0,313.06,2.0,-4.0,-2.0,2020-01-15 09:32:50.085575,312.98,313.06,0
2020-01-15 09:32:51,N,AAPL,312.98,2.0,313.06,2.0,1.0,0.0,2020-01-15 09:32:51.105601,312.98,313.03,0
2020-01-15 09:32:52,N,AAPL,312.98,1.0,313.03,2.0,-1.0,-1.0,2020-01-15 09:32:52.024066,312.95,313.0,0
2020-01-15 09:32:53,N,AAPL,312.95,2.0,313.0,2.0,0.0,0.0,2020-01-15 09:32:53.034695,312.95,313.0,0
2020-01-15 09:32:55,N,AAPL,312.95,1.0,313.0,6.0,0.0,5.0,2020-01-15 09:32:55.552107,312.96,313.0,0
2020-01-15 09:32:57,N,AAPL,312.96,1.0,313.0,6.0,-1.0,0.0,2020-01-15 09:32:57.668734,312.98,313.0,0
2020-01-15 09:32:58,N,AAPL,312.98,2.0,313.0,6.0,-1.0,1.0,2020-01-15 09:32:58.005908,312.99,313.0,0
2020-01-15 09:32:59,N,AAPL,312.99,1.0,313.0,4.0,0.0,1.0,2020-01-15 09:32:59.111943,312.98,313.0,0
2020-01-15 09:33:00,N,AAPL,312.98,2.0,313.0,6.0,1.0,5.0,2020-01-15 09:33:00.000454,312.96,313.0,0
2020-01-15 09:33:01,N,AAPL,312.96,2.0,313.0,6.0,1.0,0.0,2020-01-15 09:33:01.384359,312.97,313.04,0
2020-01-15 09:33:02,N,AAPL,312.97,4.0,313.04,2.0,2.0,-3.0,2020-01-15 09:33:02.829583,312.98,313.03,0
2020-01-15 09:33:04,N,AAPL,312.98,4.0,313.03,2.0,-194.0,-3.0,2020-01-15 09:33:04.482244,312.97,313.0,0
2020-01-15 09:33:05,N,AAPL,312.97,1.0,313.0,5.0,-3.0,4.0,2020-01-15 09:33:05.248773,312.99,313.04,0
2020-01-15 09:33:09,N,AAPL,312.99,2.0,313.04,2.0,-1.0,0.0,2020-01-15 09:33:09.816562,312.96,312.98,-1
2020-01-15 09:33:10,N,AAPL,312.96,191.0,312.98,1.0,189.0,0.0,2020-01-15 09:33:10.439435,312.99,313.01,1
2020-01-15 09:33:11,N,AAPL,312.99,4.0,313.01,1.0,-187.0,0.0,2020-01-15 09:33:11.109538,312.97,313.0,0
2020-01-15 09:33:14,N,AAPL,312.97,2.0,313.0,1.0,1.0,-3.0,2020-01-15 09:33:14.031991,313.01,313.09,1
2020-01-15 09:33:15,N,AAPL,313.01,4.0,313.09,1.0,0.0,-1.0,2020-01-15 09:33:15.058679,313.04,313.08,0
2020-01-15 09:33:16,N,AAPL,313.04,2.0,313.08,2.0,-2.0,1.0,2020-01-15 09:33:16.345321,313.14,313.19,1
2020-01-15 09:33:17,N,AAPL,313.14,2.0,313.19,2.0,0.0,0.0,2020-01-15 09:33:17.420797,313.09,313.15,0
2020-01-15 09:33:18,N,AAPL,313.09,2.0,313.15,4.0,1.0,0.0,2020-01-15 09:33:18.248604,313.07,313.12,0
2020-01-15 09:33:19,N,AAPL,313.07,2.0,313.12,6.0,-2.0,4.0,2020-01-15 09:33:19.252260,313.02,313.08,0
2020-01-15 09:33:20,N,AAPL,313.02,1.0,313.08,4.0,-1.0,0.0,2020-01-15 09:33:20.260599,312.98,313.01,-1
2020-01-15 09:33:23,N,AAPL,312.98,4.0,313.01,2.0,2.0,-2.0,2020-01-15 09:33:23.308071,312.9,312.92,-1
2020-01-15 09:33:24,N,AAPL,312.9,4.0,312.92,2.0,3.0,-1.0,2020-01-15 09:33:24.890941,312.93,312.98,1
2020-01-15 09:33:25,N,AAPL,312.93,2.0,312.98,1.0,0.0,0.0,2020-01-15 09:33:25.334610,312.94,313.0,0
2020-01-15 09:33:26,N,AAPL,312.94,4.0,313.0,2.0,2.0,0.0,2020-01-15 09:33:26.334063,312.93,312.98,0
2020-01-15 09:33:27,N,AAPL,312.93,1.0,312.98,2.0,0.0,0.0,2020-01-15 09:33:27.403532,312.94,312.97,0
2020-01-15 09:33:28,N,AAPL,312.94,1.0,312.97,2.0,0.0,1.0,2020-01-15 09:33:28.044822,312.93,312.99,0
2020-01-15 09:33:29,N,AAPL,312.93,1.0,312.99,4.0,0.0,2.0,2020-01-15 09:33:29.107379,312.98,313.01,0
2020-01-15 09:33:30,N,AAPL,312.98,1.0,313.01,2.0,0.0,-2.0,2020-01-15 09:33:30.544424,313.03,313.11,1
2020-01-15 09:33:31,N,AAPL,313.03,4.0,313.11,2.0,0.0,0.0,2020-01-15 09:33:31.010710,312.98,313.03,0
2020-01-15 09:33:32,N,AAPL,312.98,1.0,313.03,2.0,-1.0,1.0,2020-01-15 09:33:32.107463,313.0,313.08,0
2020-01-15 09:33:33,N,AAPL,313.0,4.0,313.08,2.0,0.0,0.0,2020-01-15 09:33:33.288648,313.0,313.07,0
2020-01-15 09:33:34,N,AAPL,313.0,4.0,313.07,2.0,0.0,0.0,2020-01-15 09:33:34.417598,313.01,313.08,0
2020-01-15 09:33:35,N,AAPL,313.01,1.0,313.08,2.0,-3.0,0.0,2020-01-15 09:33:35.246751,313.01,313.09,0
2020-01-15 09:33:36,N,AAPL,313.01,2.0,313.09,2.0,1.0,0.0,2020-01-15 09:33:36.107967,312.94,312.97,-1
2020-01-15 09:33:37,N,AAPL,312.94,1.0,312.97,1.0,-3.0,-1.0,2020-01-15 09:33:37.322528,312.94,313.0,0
2020-01-15 09:33:38,N,AAPL,312.94,4.0,313.0,5.0,3.0,4.0,2020-01-15 09:33:38.820500,312.94,312.98,0
2020-01-15 09:33:39,N,AAPL,312.94,1.0,312.98,4.0,-3.0,-1.0,2020-01-15 09:33:39.630017,312.94,312.99,0
2020-01-15 09:33:40,N,AAPL,312.94,2.0,312.99,1.0,-2.0,0.0,2020-01-15 09:33:40.017990,313.03,313.09,1
2020-01-15 09:33:41,N,AAPL,313.03,9.0,313.09,3.0,5.0,1.0,2020-01-15 09:33:41.389448,313.05,313.09,0
2020-01-15 09:33:42,N,AAPL,313.05,1.0,313.09,2.0,-8.0,-1.0,2020-01-15 09:33:42.346073,313.05,313.09,0
2020-01-15 09:33:43,N,AAPL,313.05,1.0,313.09,2.0,0.0,0.0,2020-01-15 09:33:43.130433,313.02,313.07,0
2020-01-15 09:33:44,N,AAPL,313.02,2.0,313.07,1.0,-2.0,-1.0,2020-01-15 09:33:44.171995,313.02,313.05,0
2020-01-15 09:33:45,N,AAPL,313.02,2.0,313.05,1.0,0.0,-1.0,2020-01-15 09:33:45.096357,312.99,313.02,0
2020-01-15 09:33:46,N,AAPL,312.99,2.0,313.02,3.0,-3.0,1.0,2020-01-15 09:33:46.683593,312.95,312.99,0
2020-01-15 09:33:47,N,AAPL,312.95,5.0,312.99,1.0,0.0,0.0,2020-01-15 09:33:47.068138,313.04,313.09,1
2020-01-15 09:33:48,N,AAPL,313.04,1.0,313.09,1.0,0.0,-2.0,2020-01-15 09:33:48.917347,313.06,313.07,0
2020-01-15 09:33:49,N,AAPL,313.06,1.0,313.07,1.0,0.0,0.0,2020-01-15 09:33:49.473233,313.01,313.06,0
2020-01-15 09:33:51,N,AAPL,313.01,1.0,313.06,1.0,0.0,0.0,2020-01-15 09:33:51.131880,313.01,313.07,0
2020-01-15 09:33:52,N,AAPL,313.01,2.0,313.07,1.0,-2.0,-2.0,2020-01-15 09:33:52.403406,312.95,312.99,-1
2020-01-15 09:33:54,N,AAPL,312.95,2.0,312.99,2.0,1.0,0.0,2020-01-15 09:33:54.881216,312.97,313.03,0
2020-01-15 09:33:55,N,AAPL,312.97,1.0,313.03,2.0,-1.0,0.0,2020-01-15 09:33:55.171019,312.99,313.03,0
2020-01-15 09:33:56,N,AAPL,312.99,2.0,313.03,4.0,1.0,2.0,2020-01-15 09:33:56.110934,313.06,313.09,1
2020-01-15 09:33:57,N,AAPL,313.06,1.0,313.09,2.0,-1.0,0.0,2020-01-15 09:33:57.985395,313.14,313.17,1
2020-01-15 09:34:01,N,AAPL,313.14,2.0,313.17,2.0,1.0,0.0,2020-01-15 09:34:01.081393,313.19,313.2,1
2020-01-15 09:34:02,N,AAPL,313.19,2.0,313.2,2.0,-4.0,0.0,2020-01-15 09:34:02.079076,313.27,313.28,1
2020-01-15 09:34:03,N,AAPL,313.27,1.0,313.28,6.0,-1.0,4.0,2020-01-15 09:34:03.100008,313.32,313.38,1
2020-01-15 09:34:04,N,AAPL,313.32,1.0,313.38,1.0,-2.0,-5.0,2020-01-15 09:34:04.079110,313.29,313.32,0
2020-01-15 09:34:06,N,AAPL,313.29,2.0,313.32,7.0,0.0,5.0,2020-01-15 09:34:06.408278,313.34,313.38,1
2020-01-15 09:34:07,N,AAPL,313.34,1.0,313.38,2.0,0.0,1.0,2020-01-15 09:34:07.513918,313.3,313.33,-1
2020-01-15 09:34:09,N,AAPL,313.3,1.0,313.33,1.0,0.0,-1.0,2020-01-15 09:34:09.461461,313.3,313.34,0
2020-01-15 09:34:10,N,AAPL,313.3,1.0,313.34,2.0,0.0,1.0,2020-01-15 09:34:10.170424,313.31,313.36,0
2020-01-15 09:34:12,N,AAPL,313.31,2.0,313.36,2.0,-9.0,0.0,2020-01-15 09:34:12.356516,313.24,313.31,0
2020-01-15 09:34:13,N,AAPL,313.24,1.0,313.31,4.0,-1.0,2.0,2020-01-15 09:34:13.062770,313.26,313.35,0
2020-01-15 09:34:14,N,AAPL,313.26,1.0,313.35,2.0,0.0,0.0,2020-01-15 09:34:14.134567,313.35,313.39,0
2020-01-15 09:34:15,N,AAPL,313.35,1.0,313.39,2.0,-2.0,1.0,2020-01-15 09:34:15.448764,313.32,313.35,0
2020-01-15 09:34:16,N,AAPL,313.32,1.0,313.35,1.0,0.0,-1.0,2020-01-15 09:34:16.106171,313.3,313.35,0
2020-01-15 09:34:17,N,AAPL,313.3,1.0,313.35,4.0,0.0,2.0,2020-01-15 09:34:17.295203,313.27,313.33,0
2020-01-15 09:34:18,N,AAPL,313.27,2.0,313.33,2.0,0.0,0.0,2020-01-15 09:34:18.965116,313.27,313.33,0
2020-01-15 09:34:19,N,AAPL,313.27,2.0,313.33,2.0,0.0,1.0,2020-01-15 09:34:19.046745,313.29,313.35,0
2020-01-15 09:34:20,N,AAPL,313.29,1.0,313.35,2.0,0.0,0.0,2020-01-15 09:34:20.100002,313.29,313.33,0
2020-01-15 09:34:21,N,AAPL,313.29,1.0,313.33,4.0,0.0,2.0,2020-01-15 09:34:21.162104,313.32,313.36,0
2020-01-15 09:34:22,N,AAPL,313.32,2.0,313.36,1.0,0.0,0.0,2020-01-15 09:34:22.037839,313.32,313.36,0
2020-01-15 09:34:25,N,AAPL,313.32,2.0,313.36,2.0,0.0,1.0,2020-01-15 09:34:25.225517,313.16,313.2,-1
2020-01-15 09:34:26,N,AAPL,313.16,1.0,313.2,4.0,-1.0,2.0,2020-01-15 09:34:26.829457,313.22,313.23,1
2020-01-15 09:34:27,N,AAPL,313.22,4.0,313.23,1.0,3.0,-1.0,2020-01-15 09:34:27.085142,313.17,313.23,0
2020-01-15 09:34:28,N,AAPL,313.17,2.0,313.23,4.0,1.0,0.0,2020-01-15 09:34:28.174524,313.03,313.08,-1
2020-01-15 09:34:29,N,AAPL,313.03,1.0,313.08,1.0,0.0,-1.0,2020-01-15 09:34:29.633128,313.03,313.07,0
2020-01-15 09:34:30,N,AAPL,313.03,1.0,313.07,3.0,0.0,2.0,2020-01-15 09:34:30.671929,312.99,313.01,-1
2020-01-15 09:34:31,N,AAPL,312.99,1.0,313.01,1.0,-1.0,-4.0,2020-01-15 09:34:31.181336,313.03,313.1,1
2020-01-15 09:34:32,N,AAPL,313.03,2.0,313.1,2.0,1.0,0.0,2020-01-15 09:34:32.056833,313.09,313.13,0
2020-01-15 09:34:34,N,AAPL,313.09,2.0,313.13,2.0,0.0,1.0,2020-01-15 09:34:34.084244,313.12,313.19,0
2020-01-15 09:34:35,N,AAPL,313.12,2.0,313.19,2.0,-2.0,0.0,2020-01-15 09:34:35.048674,313.08,313.15,0
2020-01-15 09:34:36,N,AAPL,313.08,1.0,313.15,2.0,-3.0,-2.0,2020-01-15 09:34:36.005542,313.05,313.09,0
2020-01-15 09:34:37,N,AAPL,313.05,1.0,313.09,2.0,-4.0,1.0,2020-01-15 09:34:37.463668,313.04,313.09,0
2020-01-15 09:34:38,N,AAPL,313.04,1.0,313.09,4.0,0.0,2.0,2020-01-15 09:34:38.567394,313.05,313.1,0
2020-01-15 09:34:39,N,AAPL,313.05,1.0,313.1,1.0,-1.0,-1.0,2020-01-15 09:34:39.303378,313.09,313.12,0
2020-01-15 09:34:41,N,AAPL,313.09,1.0,313.12,2.0,0.0,1.0,2020-01-15 09:34:41.399408,313.11,313.14,0
2020-01-15 09:34:42,N,AAPL,313.11,1.0,313.14,10.0,-29.0,9.0,2020-01-15 09:34:42.348000,313.06,313.11,0
2020-01-15 09:34:43,N,AAPL,313.06,1.0,313.11,2.0,0.0,1.0,2020-01-15 09:34:43.389504,313.12,313.18,1
2020-01-15 09:34:45,N,AAPL,313.12,2.0,313.18,2.0,1.0,0.0,2020-01-15 09:34:45.694530,313.15,313.22,0
2020-01-15 09:34:46,N,AAPL,313.15,2.0,313.22,1.0,0.0,-1.0,2020-01-15 09:34:46.112983,313.14,313.19,0
2020-01-15 09:34:47,N,AAPL,313.14,1.0,313.19,3.0,-1.0,2.0,2020-01-15 09:34:47.378735,313.08,313.16,0
2020-01-15 09:34:48,N,AAPL,313.08,2.0,313.16,2.0,1.0,-1.0,2020-01-15 09:34:48.391780,313.08,313.11,0
2020-01-15 09:34:49,N,AAPL,313.08,1.0,313.11,4.0,-2.0,2.0,2020-01-15 09:34:49.943700,313.08,313.13,0
2020-01-15 09:34:50,N,AAPL,313.08,1.0,313.13,2.0,0.0,-2.0,2020-01-15 09:34:50.071521,313.1,313.16,0
2020-01-15 09:34:51,N,AAPL,313.1,1.0,313.16,2.0,0.0,0.0,2020-01-15 09:34:51.153667,313.12,313.15,0
2020-01-15 09:34:52,N,AAPL,313.12,1.0,313.15,2.0,0.0,0.0,2020-01-15 09:34:52.538382,313.14,313.2,0
2020-01-15 09:34:53,N,AAPL,313.14,2.0,313.2,2.0,1.0,1.0,2020-01-15 09:34:53.108382,313.16,313.2,0
2020-01-15 09:34:56,N,AAPL,313.16,3.0,313.2,4.0,2.0,3.0,2020-01-15 09:34:56.336039,313.13,313.17,0
2020-01-15 09:34:57,N,AAPL,313.13,1.0,313.17,2.0,-1.0,-1.0,2020-01-15 09:34:57.472824,313.12,313.16,0
2020-01-15 09:34:59,N,AAPL,313.12,9.0,313.16,2.0,8.0,0.0,2020-01-15 09:34:59.243530,313.14,313.18,0
2020-01-15 09:35:02,N,AAPL,313.14,2.0,313.18,5.0,1.0,4.0,2020-01-15 09:35:02.413622,313.11,313.13,-1
2020-01-15 09:35:05,N,AAPL,313.11,5.0,313.13,3.0,3.0,-2.0,2020-01-15 09:35:05.457764,313.09,313.11,0
2020-01-15 09:35:06,N,AAPL,313.09,1.0,313.11,1.0,0.0,0.0,2020-01-15 09:35:06.757049,313.14,313.17,1
2020-01-15 09:35:08,N,AAPL,313.14,2.0,313.17,1.0,1.0,-4.0,2020-01-15 09:35:08.698338,313.15,313.18,0
2020-01-15 09:35:10,N,AAPL,313.15,2.0,313.18,1.0,0.0,0.0,2020-01-15 09:35:10.009708,313.25,313.28,1
2020-01-15 09:35:11,N,AAPL,313.25,2.0,313.28,2.0,1.0,0.0,2020-01-15 09:35:11.274406,313.29,313.33,1
2020-01-15 09:35:12,N,AAPL,313.29,4.0,313.33,2.0,3.0,1.0,2020-01-15 09:35:12.125597,313.4,313.46,1
2020-01-15 09:35:13,N,AAPL,313.4,4.0,313.46,2.0,1.0,0.0,2020-01-15 09:35:13.183618,313.44,313.49,0
2020-01-15 09:35:14,N,AAPL,313.44,2.0,313.49,2.0,-2.0,0.0,2020-01-15 09:35:14.065992,313.57,313.62,1
2020-01-15 09:35:15,N,AAPL,313.57,1.0,313.62,2.0,0.0,-2.0,2020-01-15 09:35:15.106386,313.46,313.52,-1
2020-01-15 09:35:16,N,AAPL,313.46,1.0,313.52,1.0,0.0,-1.0,2020-01-15 09:35:16.218063,313.46,313.53,0
2020-01-15 09:35:17,N,AAPL,313.46,1.0,313.53,1.0,0.0,-2.0,2020-01-15 09:35:17.870638,313.49,313.52,0
2020-01-15 09:35:19,N,AAPL,313.49,4.0,313.52,2.0,0.0,1.0,2020-01-15 09:35:19.496879,313.45,313.48,-1
2020-01-15 09:35:21,N,AAPL,313.45,1.0,313.48,4.0,-3.0,2.0,2020-01-15 09:35:21.240006,313.45,313.5,0
2020-01-15 09:35:22,N,AAPL,313.45,1.0,313.5,1.0,0.0,-1.0,2020-01-15 09:35:22.235762,313.46,313.51,0
2020-01-15 09:35:23,N,AAPL,313.46,2.0,313.51,2.0,1.0,1.0,2020-01-15 09:35:23.584574,313.56,313.58,1
2020-01-15 09:35:25,N,AAPL,313.56,4.0,313.58,1.0,2.0,0.0,2020-01-15 09:35:25.882985,313.57,313.61,0
2020-01-15 09:35:26,N,AAPL,313.57,1.0,313.61,4.0,-1.0,2.0,2020-01-15 09:35:26.517975,313.61,313.64,0
2020-01-15 09:35:27,N,AAPL,313.61,2.0,313.64,1.0,0.0,-4.0,2020-01-15 09:35:27.086262,313.54,313.61,0
2020-01-15 09:35:28,N,AAPL,313.54,4.0,313.61,2.0,2.0,0.0,2020-01-15 09:35:28.026929,313.51,313.56,0
2020-01-15 09:35:29,N,AAPL,313.51,1.0,313.56,2.0,-4.0,1.0,2020-01-15 09:35:29.196646,313.58,313.62,1
2020-01-15 09:35:30,N,AAPL,313.58,2.0,313.62,1.0,-1.0,-1.0,2020-01-15 09:35:30.354340,313.62,313.66,0
2020-01-15 09:35:31,N,AAPL,313.62,2.0,313.66,5.0,1.0,3.0,2020-01-15 09:35:31.848435,313.6,313.64,0
2020-01-15 09:35:32,N,AAPL,313.6,2.0,313.64,1.0,0.0,-4.0,2020-01-15 09:35:32.010749,313.62,313.66,0
2020-01-15 09:35:33,N,AAPL,313.62,2.0,313.66,1.0,0.0,0.0,2020-01-15 09:35:33.995462,313.61,313.65,0
2020-01-15 09:35:34,N,AAPL,313.61,3.0,313.65,1.0,1.0,0.0,2020-01-15 09:35:34.026064,313.58,313.61,0
2020-01-15 09:35:35,N,AAPL,313.58,2.0,313.61,1.0,-1.0,0.0,2020-01-15 09:35:35.059652,313.57,313.64,0
2020-01-15 09:35:36,N,AAPL,313.57,2.0,313.64,2.0,0.0,0.0,2020-01-15 09:35:36.209428,313.56,313.65,0
2020-01-15 09:35:37,N,AAPL,313.56,7.0,313.65,2.0,5.0,0.0,2020-01-15 09:35:37.160190,313.58,313.62,0
2020-01-15 09:35:38,N,AAPL,313.58,1.0,313.62,2.0,-6.0,0.0,2020-01-15 09:35:38.148646,313.61,313.66,0
2020-01-15 09:35:40,N,AAPL,313.61,4.0,313.66,1.0,2.0,-1.0,2020-01-15 09:35:40.693682,313.58,313.61,0
2020-01-15 09:35:41,N,AAPL,313.58,1.0,313.61,1.0,-3.0,0.0,2020-01-15 09:35:41.357340,313.54,313.59,0
2020-01-15 09:35:42,N,AAPL,313.54,4.0,313.59,2.0,-3.0,0.0,2020-01-15 09:35:42.069732,313.6,313.67,1
2020-01-15 09:35:43,N,AAPL,313.6,2.0,313.67,5.0,0.0,3.0,2020-01-15 09:35:43.001259,313.65,313.68,0
2020-01-15 09:35:45,N,AAPL,313.65,4.0,313.68,2.0,2.0,-3.0,2020-01-15 09:35:45.978136,313.62,313.65,0
2020-01-15 09:35:46,N,AAPL,313.62,2.0,313.65,4.0,0.0,3.0,2020-01-15 09:35:46.572603,313.62,313.68,0
2020-01-15 09:35:47,N,AAPL,313.62,2.0,313.68,2.0,1.0,0.0,2020-01-15 09:35:47.071127,313.69,313.72,1
2020-01-15 09:35:48,N,AAPL,313.69,4.0,313.72,2.0,2.0,0.0,2020-01-15 09:35:48.940490,313.71,313.75,0
2020-01-15 09:35:49,N,AAPL,313.71,2.0,313.75,2.0,0.0,0.0,2020-01-15 09:35:49.076561,313.65,313.68,-1
2020-01-15 09:35:50,N,AAPL,313.65,2.0,313.68,6.0,0.0,4.0,2020-01-15 09:35:50.427462,313.67,313.73,0
2020-01-15 09:35:51,N,AAPL,313.67,2.0,313.73,2.0,1.0,0.0,2020-01-15 09:35:51.101865,313.71,313.73,0
2020-01-15 09:35:52,N,AAPL,313.71,2.0,313.73,1.0,1.0,-1.0,2020-01-15 09:35:52.265828,313.71,313.74,0
2020-01-15 09:35:53,N,AAPL,313.71,1.0,313.74,24.0,-1.0,23.0,2020-01-15 09:35:53.091196,313.72,313.75,0
2020-01-15 09:35:54,N,AAPL,313.72,4.0,313.75,2.0,2.0,-22.0,2020-01-15 09:35:54.495378,313.76,313.83,1
2020-01-15 09:35:55,N,AAPL,313.76,4.0,313.83,2.0,3.0,0.0,2020-01-15 09:35:55.002813,313.78,313.81,0
2020-01-15 09:35:56,N,AAPL,313.78,2.0,313.81,2.0,1.0,1.0,2020-01-15 09:35:56.077596,313.73,313.78,0
2020-01-15 09:35:57,N,AAPL,313.73,1.0,313.78,4.0,-5.0,2.0,2020-01-15 09:35:57.148307,313.75,313.81,0
2020-01-15 09:35:58,N,AAPL,313.75,2.0,313.81,1.0,1.0,-1.0,2020-01-15 09:35:58.424853,313.76,313.81,0
2020-01-15 09:36:00,N,AAPL,313.76,2.0,313.81,5.0,0.0,4.0,2020-01-15 09:36:00.034850,313.79,313.83,0
2020-01-15 09:36:02,N,AAPL,313.79,2.0,313.83,6.0,-2.0,-4.0,2020-01-15 09:36:02.251913,313.85,313.88,1
2020-01-15 09:36:03,N,AAPL,313.85,1.0,313.88,2.0,-1.0,0.0,2020-01-15 09:36:03.119608,313.84,313.89,0
2020-01-15 09:36:04,N,AAPL,313.84,1.0,313.89,1.0,0.0,0.0,2020-01-15 09:36:04.114659,313.84,313.88,0
2020-01-15 09:36:05,N,AAPL,313.84,2.0,313.88,2.0,1.0,0.0,2020-01-15 09:36:05.051798,313.82,313.86,0
2020-01-15 09:36:06,N,AAPL,313.82,1.0,313.86,2.0,0.0,1.0,2020-01-15 09:36:06.461103,313.8,313.84,0
2020-01-15 09:36:07,N,AAPL,313.8,1.0,313.84,2.0,0.0,-2.0,2020-01-15 09:36:07.055454,313.78,313.84,0
2020-01-15 09:36:08,N,AAPL,313.78,2.0,313.84,1.0,1.0,-1.0,2020-01-15 09:36:08.572934,313.82,313.86,0
2020-01-15 09:36:09,N,AAPL,313.82,1.0,313.86,1.0,-1.0,0.0,2020-01-15 09:36:09.337094,313.86,313.89,0
2020-01-15 09:36:10,N,AAPL,313.86,1.0,313.89,1.0,0.0,0.0,2020-01-15 09:36:10.481981,313.84,313.87,0
2020-01-15 09:36:11,N,AAPL,313.84,2.0,313.87,2.0,0.0,0.0,2020-01-15 09:36:11.712362,313.83,313.88,0
2020-01-15 09:36:12,N,AAPL,313.83,2.0,313.88,1.0,0.0,-1.0,2020-01-15 09:36:12.161939,313.82,313.88,0
2020-01-15 09:36:13,N,AAPL,313.82,2.0,313.88,2.0,0.0,-2.0,2020-01-15 09:36:13.093667,313.87,313.93,0
2020-01-15 09:36:14,N,AAPL,313.87,4.0,313.93,3.0,0.0,-1.0,2020-01-15 09:36:14.598216,313.91,313.94,0
2020-01-15 09:36:15,N,AAPL,313.91,1.0,313.94,25.0,-3.0,22.0,2020-01-15 09:36:15.157804,313.95,313.99,1
2020-01-15 09:36:16,N,AAPL,313.95,2.0,313.99,5.0,1.0,4.0,2020-01-15 09:36:16.074123,313.94,314.0,0
2020-01-15 09:36:17,N,AAPL,313.94,2.0,314.0,6.0,-3.0,5.0,2020-01-15 09:36:17.280663,313.88,313.93,-1
2020-01-15 09:36:18,N,AAPL,313.88,2.0,313.93,1.0,0.0,-1.0,2020-01-15 09:36:18.099208,313.95,313.99,1
2020-01-15 09:36:19,N,AAPL,313.95,1.0,313.99,1.0,-1.0,-3.0,2020-01-15 09:36:19.243105,314.0,314.03,1
2020-01-15 09:36:20,N,AAPL,314.0,4.0,314.03,1.0,0.0,-3.0,2020-01-15 09:36:20.166158,314.04,314.06,1
2020-01-15 09:36:21,N,AAPL,314.04,2.0,314.06,4.0,0.0,3.0,2020-01-15 09:36:21.463171,314.0,314.03,-1
2020-01-15 09:36:22,N,AAPL,314.0,1.0,314.03,2.0,0.0,0.0,2020-01-15 09:36:22.211872,314.02,314.06,0
2020-01-15 09:36:23,N,AAPL,314.02,1.0,314.06,1.0,-1.0,-1.0,2020-01-15 09:36:23.509784,313.98,314.01,-1
2020-01-15 09:36:24,N,AAPL,313.98,1.0,314.01,2.0,0.0,0.0,2020-01-15 09:36:24.476940,314.0,314.05,0
2020-01-15 09:36:25,N,AAPL,314.0,3.0,314.05,1.0,2.0,-1.0,2020-01-15 09:36:25.233601,314.02,314.06,0
2020-01-15 09:36:26,N,AAPL,314.02,2.0,314.06,1.0,1.0,-1.0,2020-01-15 09:36:26.044002,314.01,314.04,0
2020-01-15 09:36:27,N,AAPL,314.01,2.0,314.04,4.0,-2.0,2.0,2020-01-15 09:36:27.009945,314.09,314.11,1
2020-01-15 09:36:28,N,AAPL,314.09,4.0,314.11,2.0,3.0,0.0,2020-01-15 09:36:28.074521,314.06,314.13,0
2020-01-15 09:36:29,N,AAPL,314.06,3.0,314.13,2.0,-1.0,1.0,2020-01-15 09:36:29.311131,314.1,314.15,0
2020-01-15 09:36:30,N,AAPL,314.1,1.0,314.15,2.0,-1.0,0.0,2020-01-15 09:36:30.201390,314.13,314.18,0
2020-01-15 09:36:32,N,AAPL,314.13,4.0,314.18,2.0,1.0,1.0,2020-01-15 09:36:32.002791,314.15,314.18,0
2020-01-15 09:36:33,N,AAPL,314.15,2.0,314.18,1.0,1.0,0.0,2020-01-15 09:36:33.148662,314.12,314.19,0
2020-01-15 09:36:34,N,AAPL,314.12,1.0,314.19,2.0,0.0,0.0,2020-01-15 09:36:34.405467,314.17,314.22,0
2020-01-15 09:36:36,N,AAPL,314.17,1.0,314.22,4.0,0.0,3.0,2020-01-15 09:36:36.939039,314.15,314.2,0
2020-01-15 09:36:37,N,AAPL,314.15,2.0,314.2,2.0,1.0,0.0,2020-01-15 09:36:37.118571,314.11,314.15,0
2020-01-15 09:36:38,N,AAPL,314.11,2.0,314.15,1.0,1.0,0.0,2020-01-15 09:36:38.964777,314.13,314.17,0
2020-01-15 09:36:39,N,AAPL,314.13,2.0,314.17,2.0,0.0,-1.0,2020-01-15 09:36:39.451374,314.13,314.16,0
2020-01-15 09:36:40,N,AAPL,314.13,3.0,314.16,2.0,2.0,0.0,2020-01-15 09:36:40.159583,314.08,314.13,0
2020-01-15 09:36:41,N,AAPL,314.08,2.0,314.13,2.0,-1.0,-5.0,2020-01-15 09:36:41.005267,314.09,314.14,0
2020-01-15 09:36:43,N,AAPL,314.09,2.0,314.14,2.0,1.0,1.0,2020-01-15 09:36:43.060783,314.14,314.16,0
2020-01-15 09:36:44,N,AAPL,314.14,17.0,314.16,2.0,15.0,0.0,2020-01-15 09:36:44.673944,314.15,314.17,0
2020-01-15 09:36:45,N,AAPL,314.15,2.0,314.17,3.0,-14.0,1.0,2020-01-15 09:36:45.056171,314.15,314.2,0
2020-01-15 09:36:46,N,AAPL,314.15,2.0,314.2,3.0,1.0,1.0,2020-01-15 09:36:46.662176,314.17,314.2,0
2020-01-15 09:36:47,N,AAPL,314.17,1.0,314.2,1.0,0.0,-2.0,2020-01-15 09:36:47.002453,314.17,314.22,0
2020-01-15 09:36:48,N,AAPL,314.17,1.0,314.22,1.0,-1.0,-1.0,2020-01-15 09:36:48.113465,314.16,314.21,0
2020-01-15 09:36:49,N,AAPL,314.16,4.0,314.21,2.0,2.0,1.0,2020-01-15 09:36:49.907633,314.2,314.22,0
2020-01-15 09:36:50,N,AAPL,314.2,2.0,314.22,2.0,-2.0,0.0,2020-01-15 09:36:50.653085,314.18,314.19,-1
2020-01-15 09:36:51,N,AAPL,314.18,2.0,314.19,1.0,0.0,-1.0,2020-01-15 09:36:51.778692,314.14,314.18,0
2020-01-15 09:36:52,N,AAPL,314.14,17.0,314.18,4.0,16.0,3.0,2020-01-15 09:36:52.137838,314.13,314.16,0
2020-01-15 09:36:53,N,AAPL,314.13,2.0,314.16,4.0,1.0,2.0,2020-01-15 09:36:53.006511,314.11,314.16,0
2020-01-15 09:36:54,N,AAPL,314.11,1.0,314.16,2.0,-3.0,0.0,2020-01-15 09:36:54.020029,314.09,314.14,0
2020-01-15 09:36:55,N,AAPL,314.09,2.0,314.14,2.0,1.0,1.0,2020-01-15 09:36:55.019595,314.05,314.08,-1
2020-01-15 09:36:56,N,AAPL,314.05,16.0,314.08,4.0,14.0,3.0,2020-01-15 09:36:56.199542,314.1,314.14,1
2020-01-15 09:36:57,N,AAPL,314.1,4.0,314.14,2.0,3.0,1.0,2020-01-15 09:36:57.223025,314.03,314.07,-1
2020-01-15 09:36:58,N,AAPL,314.03,2.0,314.07,4.0,1.0,2.0,2020-01-15 09:36:58.248825,314.01,314.04,0
2020-01-15 09:36:59,N,AAPL,314.01,1.0,314.04,2.0,-1.0,0.0,2020-01-15 09:36:59.311946,313.97,314.01,0
2020-01-15 09:37:00,N,AAPL,313.97,2.0,314.01,1.0,1.0,-1.0,2020-01-15 09:37:00.052395,313.97,314.01,0
2020-01-15 09:37:01,N,AAPL,313.97,1.0,314.01,1.0,0.0,-1.0,2020-01-15 09:37:01.096109,313.95,313.99,0
2020-01-15 09:37:02,N,AAPL,313.95,1.0,313.99,2.0,0.0,1.0,2020-01-15 09:37:02.063613,313.91,313.96,0
2020-01-15 09:37:03,N,AAPL,313.91,2.0,313.96,2.0,-2.0,-2.0,2020-01-15 09:37:03.122521,313.88,313.91,0
2020-01-15 09:37:04,N,AAPL,313.88,6.0,313.91,2.0,5.0,0.0,2020-01-15 09:37:04.206109,313.89,313.93,0
2020-01-15 09:37:05,N,AAPL,313.89,4.0,313.93,1.0,2.0,0.0,2020-01-15 09:37:05.033539,313.89,313.94,0
2020-01-15 09:37:06,N,AAPL,313.89,2.0,313.94,1.0,-3.0,-2.0,2020-01-15 09:37:06.573115,313.95,313.99,1
2020-01-15 09:37:07,N,AAPL,313.95,4.0,313.99,4.0,2.0,3.0,2020-01-15 09:37:07.770288,313.95,313.99,0
2020-01-15 09:37:08,N,AAPL,313.95,4.0,313.99,2.0,2.0,-4.0,2020-01-15 09:37:08.020770,313.99,314.02,0
2020-01-15 09:37:09,N,AAPL,313.99,1.0,314.02,1.0,-1.0,0.0,2020-01-15 09:37:09.541109,314.0,314.05,0
2020-01-15 09:37:10,N,AAPL,314.0,2.0,314.05,4.0,-2.0,2.0,2020-01-15 09:37:10.534209,314.07,314.12,1
2020-01-15 09:37:11,N,AAPL,314.07,3.0,314.12,2.0,2.0,1.0,2020-01-15 09:37:11.386205,314.11,314.15,0
2020-01-15 09:37:12,N,AAPL,314.11,2.0,314.15,4.0,1.0,0.0,2020-01-15 09:37:12.118140,314.05,314.11,0
2020-01-15 09:37:13,N,AAPL,314.05,2.0,314.11,10.0,1.0,0.0,2020-01-15 09:37:13.444665,314.04,314.07,0
2020-01-15 09:37:14,N,AAPL,314.04,2.0,314.07,2.0,0.0,-7.0,2020-01-15 09:37:14.976826,314.0,314.03,-1
2020-01-15 09:37:15,N,AAPL,314.0,2.0,314.03,2.0,1.0,-2.0,2020-01-15 09:37:15.004809,314.0,314.05,0
2020-01-15 09:37:16,N,AAPL,314.0,1.0,314.05,2.0,0.0,1.0,2020-01-15 09:37:16.212764,314.02,314.07,0
2020-01-15 09:37:17,N,AAPL,314.02,3.0,314.07,2.0,2.0,0.0,2020-01-15 09:37:17.017072,314.05,314.1,0
2020-01-15 09:37:18,N,AAPL,314.05,4.0,314.1,1.0,2.0,-1.0,2020-01-15 09:37:18.268364,314.13,314.18,1
2020-01-15 09:37:19,N,AAPL,314.13,2.0,314.18,2.0,1.0,1.0,2020-01-15 09:37:19.798851,314.13,314.16,0
2020-01-15 09:37:20,N,AAPL,314.13,2.0,314.16,1.0,0.0,-2.0,2020-01-15 09:37:20.766548,314.09,314.12,-1
2020-01-15 09:37:21,N,AAPL,314.09,1.0,314.12,1.0,-1.0,-1.0,2020-01-15 09:37:21.298960,314.1,314.16,0
2020-01-15 09:37:22,N,AAPL,314.1,2.0,314.16,2.0,1.0,0.0,2020-01-15 09:37:22.654992,314.06,314.11,0
2020-01-15 09:37:25,N,AAPL,314.06,1.0,314.11,2.0,-1.0,0.0,2020-01-15 09:37:25.365238,314.03,314.04,-1
2020-01-15 09:37:26,N,AAPL,314.03,1.0,314.04,2.0,0.0,0.0,2020-01-15 09:37:26.159798,314.01,314.06,0
2020-01-15 09:37:27,N,AAPL,314.01,1.0,314.06,1.0,0.0,-1.0,2020-01-15 09:37:27.150407,314.02,314.07,0
2020-01-15 09:37:28,N,AAPL,314.02,2.0,314.07,2.0,0.0,0.0,2020-01-15 09:37:28.054985,314.03,314.06,0
2020-01-15 09:37:29,N,AAPL,314.03,2.0,314.06,1.0,1.0,-1.0,2020-01-15 09:37:29.161654,313.99,314.04,0
2020-01-15 09:37:30,N,AAPL,313.99,2.0,314.04,2.0,1.0,0.0,2020-01-15 09:37:30.177730,313.99,314.01,0
2020-01-15 09:37:31,N,AAPL,313.99,1.0,314.01,4.0,-1.0,2.0,2020-01-15 09:37:31.825856,313.9,313.94,-1
2020-01-15 09:37:33,N,AAPL,313.9,3.0,313.94,1.0,2.0,-1.0,2020-01-15 09:37:33.152148,313.85,313.9,0
2020-01-15 09:37:34,N,AAPL,313.85,1.0,313.9,2.0,-2.0,1.0,2020-01-15 09:37:34.228070,313.92,313.97,1
2020-01-15 09:37:35,N,AAPL,313.92,1.0,313.97,2.0,0.0,0.0,2020-01-15 09:37:35.720547,313.9,313.96,0
2020-01-15 09:37:36,N,AAPL,313.9,8.0,313.96,5.0,7.0,3.0,2020-01-15 09:37:36.132165,313.94,313.97,0
2020-01-15 09:37:37,N,AAPL,313.94,1.0,313.97,1.0,0.0,0.0,2020-01-15 09:37:37.611493,313.93,313.97,0
2020-01-15 09:37:38,N,AAPL,313.93,1.0,313.97,2.0,0.0,0.0,2020-01-15 09:37:38.163038,313.98,314.0,1
2020-01-15 09:37:39,N,AAPL,313.98,2.0,314.0,2.0,1.0,0.0,2020-01-15 09:37:39.653862,314.0,314.04,0
2020-01-15 09:37:40,N,AAPL,314.0,1.0,314.04,2.0,0.0,1.0,2020-01-15 09:37:40.435096,313.95,313.99,-1
2020-01-15 09:37:41,N,AAPL,313.95,13.0,313.99,2.0,0.0,1.0,2020-01-15 09:37:41.586441,313.96,314.0,0
2020-01-15 09:37:43,N,AAPL,313.96,1.0,314.0,5.0,-12.0,3.0,2020-01-15 09:37:43.119675,314.0,314.04,0
2020-01-15 09:37:46,N,AAPL,314.0,2.0,314.04,2.0,1.0,1.0,2020-01-15 09:37:46.096155,313.93,313.97,-1
2020-01-15 09:37:48,N,AAPL,313.93,1.0,313.97,2.0,-1.0,0.0,2020-01-15 09:37:48.128524,313.99,314.04,1
2020-01-15 09:37:49,N,AAPL,313.99,1.0,314.04,1.0,0.0,-1.0,2020-01-15 09:37:49.188999,314.08,314.11,1
2020-01-15 09:37:50,N,AAPL,314.08,1.0,314.11,2.0,0.0,-3.0,2020-01-15 09:37:50.234573,314.1,314.15,0
2020-01-15 09:37:51,N,AAPL,314.1,1.0,314.15,4.0,-1.0,3.0,2020-01-15 09:37:51.235682,314.13,314.16,0
2020-01-15 09:37:52,N,AAPL,314.13,1.0,314.16,1.0,0.0,-1.0,2020-01-15 09:37:52.275791,314.12,314.16,0
2020-01-15 09:37:53,N,AAPL,314.12,2.0,314.16,2.0,1.0,-2.0,2020-01-15 09:37:53.592827,314.13,314.17,0
2020-01-15 09:37:55,N,AAPL,314.13,1.0,314.17,2.0,-1.0,0.0,2020-01-15 09:37:55.199221,314.07,314.12,-1
2020-01-15 09:37:56,N,AAPL,314.07,2.0,314.12,2.0,1.0,0.0,2020-01-15 09:37:56.905222,314.03,314.08,0
2020-01-15 09:37:57,N,AAPL,314.03,3.0,314.08,2.0,1.0,0.0,2020-01-15 09:37:57.284055,313.96,314.01,-1
2020-01-15 09:37:58,N,AAPL,313.96,1.0,314.01,2.0,0.0,0.0,2020-01-15 09:37:58.018033,313.92,313.95,-1
2020-01-15 09:37:59,N,AAPL,313.92,1.0,313.95,2.0,-1.0,-2.0,2020-01-15 09:37:59.321425,313.94,313.96,0
2020-01-15 09:38:00,N,AAPL,313.94,1.0,313.96,1.0,-1.0,-3.0,2020-01-15 09:38:00.313588,314.01,314.05,1
2020-01-15 09:38:01,N,AAPL,314.01,1.0,314.05,4.0,-4.0,2.0,2020-01-15 09:38:01.736474,313.96,314.01,0
2020-01-15 09:38:02,N,AAPL,313.96,2.0,314.01,2.0,0.0,0.0,2020-01-15 09:38:02.500023,313.95,314.0,0
2020-01-15 09:38:03,N,AAPL,313.95,1.0,314.0,4.0,-1.0,2.0,2020-01-15 09:38:03.586204,313.96,314.01,0
2020-01-15 09:38:04,N,AAPL,313.96,1.0,314.01,2.0,0.0,-2.0,2020-01-15 09:38:04.045724,313.91,313.96,0
2020-01-15 09:38:05,N,AAPL,313.91,2.0,313.96,2.0,1.0,0.0,2020-01-15 09:38:05.035299,313.82,313.88,-1
2020-01-15 09:38:06,N,AAPL,313.82,2.0,313.88,2.0,-4.0,-1.0,2020-01-15 09:38:06.565252,313.78,313.81,-1
2020-01-15 09:38:07,N,AAPL,313.78,1.0,313.81,4.0,0.0,0.0,2020-01-15 09:38:07.158085,313.82,313.89,1
2020-01-15 09:38:08,N,AAPL,313.82,3.0,313.89,4.0,1.0,3.0,2020-01-15 09:38:08.023395,313.88,313.94,0
2020-01-15 09:38:09,N,AAPL,313.88,4.0,313.94,2.0,1.0,0.0,2020-01-15 09:38:09.143624,313.9,313.91,0
2020-01-15 09:38:11,N,AAPL,313.9,1.0,313.91,4.0,0.0,0.0,2020-01-15 09:38:11.473647,313.91,313.95,0
2020-01-15 09:38:12,N,AAPL,313.91,3.0,313.95,3.0,0.0,2.0,2020-01-15 09:38:12.333808,313.98,314.0,1
2020-01-15 09:38:13,N,AAPL,313.98,4.0,314.0,2.0,1.0,1.0,2020-01-15 09:38:13.354760,313.97,314.01,0
2020-01-15 09:38:14,N,AAPL,313.97,1.0,314.01,1.0,-2.0,0.0,2020-01-15 09:38:14.072750,313.99,314.04,0
2020-01-15 09:38:15,N,AAPL,313.99,4.0,314.04,2.0,3.0,0.0,2020-01-15 09:38:15.061053,314.0,314.04,0
2020-01-15 09:38:16,N,AAPL,314.0,4.0,314.04,2.0,3.0,0.0,2020-01-15 09:38:16.010956,313.94,314.0,0
2020-01-15 09:38:17,N,AAPL,313.94,4.0,314.0,2.0,3.0,0.0,2020-01-15 09:38:17.132062,313.89,313.92,-1
2020-01-15 09:38:18,N,AAPL,313.89,2.0,313.92,2.0,1.0,-3.0,2020-01-15 09:38:18.487600,313.84,313.91,0
2020-01-15 09:38:19,N,AAPL,313.84,2.0,313.91,2.0,1.0,0.0,2020-01-15 09:38:19.027458,313.9,313.91,0
2020-01-15 09:38:20,N,AAPL,313.9,1.0,313.91,4.0,-1.0,1.0,2020-01-15 09:38:20.634677,313.85,313.91,0
2020-01-15 09:38:21,N,AAPL,313.85,1.0,313.91,5.0,0.0,4.0,2020-01-15 09:38:21.604876,313.85,313.92,0
2020-01-15 09:38:22,N,AAPL,313.85,3.0,313.92,2.0,2.0,-3.0,2020-01-15 09:38:22.197725,313.79,313.82,-1
2020-01-15 09:38:23,N,AAPL,313.79,1.0,313.82,2.0,0.0,0.0,2020-01-15 09:38:23.267332,313.77,313.83,0
2020-01-15 09:38:24,N,AAPL,313.77,2.0,313.83,2.0,-8.0,0.0,2020-01-15 09:38:24.675071,313.79,313.83,0
2020-01-15 09:38:25,N,AAPL,313.79,1.0,313.83,2.0,-1.0,0.0,2020-01-15 09:38:25.777016,313.78,313.83,0
2020-01-15 09:38:26,N,AAPL,313.78,1.0,313.83,2.0,-1.0,0.0,2020-01-15 09:38:26.577206,313.78,313.83,0
2020-01-15 09:38:27,N,AAPL,313.78,3.0,313.83,2.0,2.0,0.0,2020-01-15 09:38:27.160442,313.82,313.86,0
2020-01-15 09:38:29,N,AAPL,313.82,4.0,313.86,2.0,2.0,0.0,2020-01-15 09:38:29.109519,313.75,313.77,-1
2020-01-15 09:38:32,N,AAPL,313.75,2.0,313.77,5.0,1.0,3.0,2020-01-15 09:38:32.342644,313.65,313.69,-1
2020-01-15 09:38:33,N,AAPL,313.65,3.0,313.69,2.0,-2.0,0.0,2020-01-15 09:38:33.083833,313.71,313.76,1
2020-01-15 09:38:34,N,AAPL,313.71,2.0,313.76,2.0,1.0,-2.0,2020-01-15 09:38:34.492239,313.79,313.83,1
2020-01-15 09:38:35,N,AAPL,313.79,2.0,313.83,2.0,1.0,0.0,2020-01-15 09:38:35.852899,313.75,313.79,0
2020-01-15 09:38:36,N,AAPL,313.75,1.0,313.79,2.0,-1.0,0.0,2020-01-15 09:38:36.131574,313.74,313.78,0
2020-01-15 09:38:37,N,AAPL,313.74,2.0,313.78,1.0,1.0,-1.0,2020-01-15 09:38:37.508167,313.74,313.79,0
2020-01-15 09:38:38,N,AAPL,313.74,2.0,313.79,2.0,-1.0,1.0,2020-01-15 09:38:38.035985,313.81,313.83,1
2020-01-15 09:38:40,N,AAPL,313.81,1.0,313.83,2.0,0.0,-4.0,2020-01-15 09:38:40.971113,313.8,313.85,0
2020-01-15 09:38:41,N,AAPL,313.8,2.0,313.85,4.0,-16.0,2.0,2020-01-15 09:38:41.004026,313.8,313.85,0
2020-01-15 09:38:42,N,AAPL,313.8,1.0,313.85,3.0,-17.0,1.0,2020-01-15 09:38:42.017654,313.8,313.84,0
2020-01-15 09:38:43,N,AAPL,313.8,4.0,313.84,2.0,-11.0,-1.0,2020-01-15 09:38:43.779134,313.8,313.85,0
2020-01-15 09:38:44,N,AAPL,313.8,2.0,313.85,3.0,-2.0,0.0,2020-01-15 09:38:44.053842,313.83,313.86,0
2020-01-15 09:38:45,N,AAPL,313.83,2.0,313.86,4.0,0.0,1.0,2020-01-15 09:38:45.359888,313.76,313.78,-1
2020-01-15 09:38:46,N,AAPL,313.76,2.0,313.78,3.0,-1.0,-3.0,2020-01-15 09:38:46.927375,313.76,313.8,0
2020-01-15 09:38:47,N,AAPL,313.76,2.0,313.8,6.0,1.0,1.0,2020-01-15 09:38:47.195152,313.73,313.77,0
2020-01-15 09:38:48,N,AAPL,313.73,2.0,313.77,3.0,0.0,1.0,2020-01-15 09:38:48.368360,313.73,313.76,0
2020-01-15 09:38:49,N,AAPL,313.73,2.0,313.76,1.0,1.0,0.0,2020-01-15 09:38:49.331005,313.74,313.79,0
2020-01-15 09:38:50,N,AAPL,313.74,2.0,313.79,1.0,0.0,-1.0,2020-01-15 09:38:50.206674,313.73,313.76,0
2020-01-15 09:38:51,N,AAPL,313.73,2.0,313.76,4.0,0.0,3.0,2020-01-15 09:38:51.224885,313.66,313.71,-1
2020-01-15 09:38:52,N,AAPL,313.66,1.0,313.71,2.0,-1.0,0.0,2020-01-15 09:38:52.339271,313.67,313.72,0
2020-01-15 09:38:53,N,AAPL,313.67,2.0,313.72,2.0,0.0,1.0,2020-01-15 09:38:53.164139,313.67,313.7,0
2020-01-15 09:38:55,N,AAPL,313.67,1.0,313.7,1.0,-1.0,-1.0,2020-01-15 09:38:55.179989,313.7,313.71,0
2020-01-15 09:38:57,N,AAPL,313.7,1.0,313.71,1.0,0.0,0.0,2020-01-15 09:38:57.263416,313.58,313.63,-1
2020-01-15 09:38:58,N,AAPL,313.58,2.0,313.63,2.0,0.0,-2.0,2020-01-15 09:38:58.266646,313.63,313.69,0
2020-01-15 09:38:59,N,AAPL,313.63,2.0,313.69,4.0,1.0,2.0,2020-01-15 09:38:59.115873,313.58,313.63,0
2020-01-15 09:39:00,N,AAPL,313.58,2.0,313.63,2.0,0.0,-1.0,2020-01-15 09:39:00.000380,313.64,313.65,1
2020-01-15 09:39:01,N,AAPL,313.64,1.0,313.65,2.0,0.0,-4.0,2020-01-15 09:39:01.104798,313.67,313.69,1
2020-01-15 09:39:02,N,AAPL,313.67,1.0,313.69,1.0,-3.0,0.0,2020-01-15 09:39:02.721395,313.68,313.7,0
2020-01-15 09:39:03,N,AAPL,313.68,4.0,313.7,2.0,2.0,1.0,2020-01-15 09:39:03.223047,313.7,313.75,0
2020-01-15 09:39:04,N,AAPL,313.7,2.0,313.75,2.0,-1.0,1.0,2020-01-15 09:39:04.216335,313.71,313.77,0
2020-01-15 09:39:05,N,AAPL,313.71,2.0,313.77,2.0,1.0,0.0,2020-01-15 09:39:05.583314,313.74,313.79,0
2020-01-15 09:39:06,N,AAPL,313.74,2.0,313.79,2.0,1.0,0.0,2020-01-15 09:39:06.004966,313.76,313.79,0
2020-01-15 09:39:07,N,AAPL,313.76,3.0,313.79,2.0,1.0,1.0,2020-01-15 09:39:07.403912,313.79,313.81,0
2020-01-15 09:39:09,N,AAPL,313.79,2.0,313.81,2.0,-1.0,1.0,2020-01-15 09:39:09.498022,313.81,313.86,0
2020-01-15 09:39:10,N,AAPL,313.81,2.0,313.86,2.0,0.0,0.0,2020-01-15 09:39:10.006106,313.86,313.91,0
2020-01-15 09:39:11,N,AAPL,313.86,1.0,313.91,1.0,-1.0,-3.0,2020-01-15 09:39:11.020160,313.89,313.94,0
2020-01-15 09:39:12,N,AAPL,313.89,2.0,313.94,4.0,1.0,2.0,2020-01-15 09:39:12.424813,313.89,313.94,0
2020-01-15 09:39:13,N,AAPL,313.89,1.0,313.94,2.0,-1.0,0.0,2020-01-15 09:39:13.103543,313.88,313.89,0
2020-01-15 09:39:16,N,AAPL,313.88,1.0,313.89,1.0,0.0,0.0,2020-01-15 09:39:16.085260,313.84,313.85,-1
2020-01-15 09:39:17,N,AAPL,313.84,1.0,313.85,1.0,-1.0,0.0,2020-01-15 09:39:17.322579,313.86,313.89,1
2020-01-15 09:39:19,N,AAPL,313.86,2.0,313.89,1.0,1.0,-2.0,2020-01-15 09:39:19.569271,313.86,313.91,0
2020-01-15 09:39:20,N,AAPL,313.86,2.0,313.91,6.0,0.0,5.0,2020-01-15 09:39:20.002183,313.92,313.95,1
2020-01-15 09:39:21,N,AAPL,313.92,2.0,313.95,2.0,0.0,0.0,2020-01-15 09:39:21.025743,313.96,314.0,1
2020-01-15 09:39:22,N,AAPL,313.96,1.0,314.0,6.0,-1.0,5.0,2020-01-15 09:39:22.150368,314.08,314.1,1
2020-01-15 09:39:23,N,AAPL,314.08,5.0,314.1,17.0,3.0,14.0,2020-01-15 09:39:23.579367,314.12,314.15,1
2020-01-15 09:39:24,N,AAPL,314.12,4.0,314.15,3.0,2.0,1.0,2020-01-15 09:39:24.291981,314.06,314.12,0
2020-01-15 09:39:25,N,AAPL,314.06,1.0,314.12,2.0,0.0,0.0,2020-01-15 09:39:25.066212,314.12,314.17,0
2020-01-15 09:39:26,N,AAPL,314.12,2.0,314.17,2.0,-2.0,1.0,2020-01-15 09:39:26.016672,314.11,314.16,0
2020-01-15 09:39:27,N,AAPL,314.11,2.0,314.16,5.0,0.0,3.0,2020-01-15 09:39:27.023217,314.15,314.18,0
2020-01-15 09:39:28,N,AAPL,314.15,2.0,314.18,2.0,-2.0,-2.0,2020-01-15 09:39:28.282653,314.15,314.19,0
2020-01-15 09:39:29,N,AAPL,314.15,3.0,314.19,2.0,-1.0,0.0,2020-01-15 09:39:29.913179,314.13,314.17,0
2020-01-15 09:39:30,N,AAPL,314.13,4.0,314.17,2.0,1.0,0.0,2020-01-15 09:39:30.213107,314.01,314.05,-1
2020-01-15 09:39:31,N,AAPL,314.01,1.0,314.05,2.0,-5.0,1.0,2020-01-15 09:39:31.001212,313.99,314.05,0
2020-01-15 09:39:32,N,AAPL,313.99,3.0,314.05,2.0,1.0,0.0,2020-01-15 09:39:32.152128,313.98,314.01,0
2020-01-15 09:39:33,N,AAPL,313.98,2.0,314.01,1.0,0.0,-1.0,2020-01-15 09:39:33.259283,314.0,314.01,0
2020-01-15 09:39:34,N,AAPL,314.0,1.0,314.01,1.0,-3.0,0.0,2020-01-15 09:39:34.284985,313.96,313.99,-1
2020-01-15 09:39:35,N,AAPL,313.96,2.0,313.99,4.0,1.0,3.0,2020-01-15 09:39:35.518868,313.94,313.99,0
2020-01-15 09:39:36,N,AAPL,313.94,2.0,313.99,2.0,-3.0,1.0,2020-01-15 09:39:36.236986,313.88,313.9,-1
2020-01-15 09:39:37,N,AAPL,313.88,2.0,313.9,2.0,-3.0,0.0,2020-01-15 09:39:37.287213,313.87,313.9,0
2020-01-15 09:39:38,N,AAPL,313.87,2.0,313.9,3.0,0.0,2.0,2020-01-15 09:39:38.081081,313.87,313.93,0
2020-01-15 09:39:39,N,AAPL,313.87,2.0,313.93,2.0,0.0,-5.0,2020-01-15 09:39:39.039798,313.88,313.91,0
2020-01-15 09:39:40,N,AAPL,313.88,2.0,313.91,1.0,1.0,0.0,2020-01-15 09:39:40.952681,313.85,313.9,0
2020-01-15 09:39:41,N,AAPL,313.85,1.0,313.9,2.0,-2.0,1.0,2020-01-15 09:39:41.067024,313.85,313.91,0
2020-01-15 09:39:42,N,AAPL,313.85,5.0,313.91,2.0,3.0,1.0,2020-01-15 09:39:42.804527,313.89,313.94,0
2020-01-15 09:39:43,N,AAPL,313.89,2.0,313.94,2.0,0.0,0.0,2020-01-15 09:39:43.117609,313.89,313.93,0
2020-01-15 09:39:44,N,AAPL,313.89,4.0,313.93,4.0,2.0,2.0,2020-01-15 09:39:44.007324,313.88,313.92,0
2020-01-15 09:39:45,N,AAPL,313.88,2.0,313.92,2.0,0.0,0.0,2020-01-15 09:39:45.300468,313.97,314.01,1
2020-01-15 09:39:46,N,AAPL,313.97,2.0,314.01,2.0,0.0,-4.0,2020-01-15 09:39:46.193479,314.07,314.1,1
2020-01-15 09:39:47,N,AAPL,314.07,1.0,314.1,2.0,-1.0,1.0,2020-01-15 09:39:47.839927,314.03,314.08,0
2020-01-15 09:39:48,N,AAPL,314.03,2.0,314.08,3.0,0.0,1.0,2020-01-15 09:39:48.360110,314.06,314.07,0
2020-01-15 09:39:49,N,AAPL,314.06,1.0,314.07,2.0,-2.0,0.0,2020-01-15 09:39:49.058459,314.1,314.13,1
2020-01-15 09:39:50,N,AAPL,314.1,1.0,314.13,1.0,0.0,-1.0,2020-01-15 09:39:50.194371,314.13,314.18,0
2020-01-15 09:39:51,N,AAPL,314.13,1.0,314.18,2.0,-1.0,0.0,2020-01-15 09:39:51.148850,314.1,314.13,0
2020-01-15 09:39:52,N,AAPL,314.1,1.0,314.13,2.0,-2.0,1.0,2020-01-15 09:39:52.875220,314.09,314.14,0
2020-01-15 09:39:53,N,AAPL,314.09,2.0,314.14,2.0,0.0,0.0,2020-01-15 09:39:53.014985,314.09,314.13,0
2020-01-15 09:39:54,N,AAPL,314.09,3.0,314.13,2.0,1.0,1.0,2020-01-15 09:39:54.287962,314.09,314.13,0
2020-01-15 09:39:55,N,AAPL,314.09,1.0,314.13,2.0,-4.0,0.0,2020-01-15 09:39:55.061786,314.09,314.13,0
2020-01-15 09:39:56,N,AAPL,314.09,2.0,314.13,1.0,-4.0,-1.0,2020-01-15 09:39:56.740698,314.07,314.1,0
2020-01-15 09:39:57,N,AAPL,314.07,2.0,314.1,2.0,0.0,1.0,2020-01-15 09:39:57.378385,314.09,314.12,0
2020-01-15 09:39:59,N,AAPL,314.09,5.0,314.12,1.0,3.0,0.0,2020-01-15 09:39:59.772817,314.11,314.15,0
2020-01-15 09:40:00,N,AAPL,314.11,1.0,314.15,13.0,0.0,12.0,2020-01-15 09:40:00.354756,314.1,314.13,0
2020-01-15 09:40:01,N,AAPL,314.1,4.0,314.13,1.0,3.0,0.0,2020-01-15 09:40:01.290727,314.1,314.13,0
2020-01-15 09:40:03,N,AAPL,314.1,4.0,314.13,1.0,3.0,0.0,2020-01-15 09:40:03.532363,314.12,314.13,0
2020-01-15 09:40:05,N,AAPL,314.12,3.0,314.13,1.0,-1.0,0.0,2020-01-15 09:40:05.136737,314.05,314.09,-1
2020-01-15 09:40:06,N,AAPL,314.05,1.0,314.09,4.0,-1.0,2.0,2020-01-15 09:40:06.180970,314.01,314.06,0
2020-01-15 09:40:07,N,AAPL,314.01,4.0,314.06,2.0,-7.0,1.0,2020-01-15 09:40:07.004372,314.04,314.06,0
2020-01-15 09:40:08,N,AAPL,314.04,1.0,314.06,1.0,0.0,-1.0,2020-01-15 09:40:08.796433,314.03,314.06,0
2020-01-15 09:40:09,N,AAPL,314.03,1.0,314.06,2.0,0.0,1.0,2020-01-15 09:40:09.148028,314.01,314.05,0
2020-01-15 09:40:10,N,AAPL,314.01,2.0,314.05,6.0,1.0,4.0,2020-01-15 09:40:10.067416,314.06,314.1,1
2020-01-15 09:40:11,N,AAPL,314.06,5.0,314.1,6.0,4.0,2.0,2020-01-15 09:40:11.734864,314.04,314.08,0
2020-01-15 09:40:13,N,AAPL,314.04,2.0,314.08,1.0,0.0,-5.0,2020-01-15 09:40:13.245405,314.06,314.1,0
2020-01-15 09:40:14,N,AAPL,314.06,3.0,314.1,7.0,2.0,0.0,2020-01-15 09:40:14.412547,314.14,314.18,1
2020-01-15 09:40:15,N,AAPL,314.14,2.0,314.18,4.0,-1.0,-3.0,2020-01-15 09:40:15.597350,314.22,314.24,1
2020-01-15 09:40:17,N,AAPL,314.22,2.0,314.24,2.0,1.0,0.0,2020-01-15 09:40:17.328214,314.24,314.28,0
2020-01-15 09:40:18,N,AAPL,314.24,6.0,314.28,2.0,4.0,0.0,2020-01-15 09:40:18.006282,314.22,314.26,0
2020-01-15 09:40:19,N,AAPL,314.22,2.0,314.26,1.0,1.0,0.0,2020-01-15 09:40:19.100220,314.2,314.25,0
2020-01-15 09:40:20,N,AAPL,314.2,2.0,314.25,1.0,1.0,0.0,2020-01-15 09:40:20.169534,314.18,314.22,0
2020-01-15 09:40:22,N,AAPL,314.18,3.0,314.22,2.0,1.0,1.0,2020-01-15 09:40:22.268614,314.18,314.21,0
2020-01-15 09:40:23,N,AAPL,314.18,1.0,314.21,1.0,0.0,-1.0,2020-01-15 09:40:23.087698,314.1,314.12,-1
2020-01-15 09:40:24,N,AAPL,314.1,1.0,314.12,1.0,-1.0,0.0,2020-01-15 09:40:24.046886,314.09,314.12,0
2020-01-15 09:40:25,N,AAPL,314.09,1.0,314.12,1.0,0.0,0.0,2020-01-15 09:40:25.429706,314.09,314.13,0
2020-01-15 09:40:26,N,AAPL,314.09,2.0,314.13,2.0,0.0,0.0,2020-01-15 09:40:26.185984,314.09,314.13,0
2020-01-15 09:40:27,N,AAPL,314.09,3.0,314.13,1.0,1.0,-1.0,2020-01-15 09:40:27.397359,314.12,314.14,0
2020-01-15 09:40:28,N,AAPL,314.12,1.0,314.14,2.0,-1.0,1.0,2020-01-15 09:40:28.766011,314.17,314.2,1
2020-01-15 09:40:29,N,AAPL,314.17,4.0,314.2,9.0,2.0,8.0,2020-01-15 09:40:29.612605,314.19,314.22,0
2020-01-15 09:40:30,N,AAPL,314.19,6.0,314.22,1.0,2.0,-8.0,2020-01-15 09:40:30.979615,314.19,314.22,0
2020-01-15 09:40:31,N,AAPL,314.19,2.0,314.22,1.0,-4.0,0.0,2020-01-15 09:40:31.059858,314.19,314.22,0
2020-01-15 09:40:32,N,AAPL,314.19,1.0,314.22,2.0,-1.0,1.0,2020-01-15 09:40:32.198565,314.14,314.19,0
2020-01-15 09:40:33,N,AAPL,314.14,4.0,314.19,2.0,3.0,0.0,2020-01-15 09:40:33.002932,314.2,314.23,1
2020-01-15 09:40:34,N,AAPL,314.2,2.0,314.23,2.0,-3.0,0.0,2020-01-15 09:40:34.325813,314.17,314.21,0
2020-01-15 09:40:36,N,AAPL,314.17,2.0,314.21,4.0,0.0,2.0,2020-01-15 09:40:36.099184,314.17,314.21,0
2020-01-15 09:40:37,N,AAPL,314.17,1.0,314.21,2.0,0.0,1.0,2020-01-15 09:40:37.149271,314.17,314.21,0
2020-01-15 09:40:38,N,AAPL,314.17,2.0,314.21,2.0,0.0,0.0,2020-01-15 09:40:38.865538,314.16,314.19,0
2020-01-15 09:40:39,N,AAPL,314.16,1.0,314.19,1.0,0.0,-1.0,2020-01-15 09:40:39.217859,314.16,314.2,0
2020-01-15 09:40:40,N,AAPL,314.16,1.0,314.2,2.0,-1.0,0.0,2020-01-15 09:40:40.085384,314.16,314.22,0
2020-01-15 09:40:41,N,AAPL,314.16,1.0,314.22,2.0,0.0,0.0,2020-01-15 09:40:41.001536,314.18,314.22,0
2020-01-15 09:40:42,N,AAPL,314.18,1.0,314.22,2.0,0.0,0.0,2020-01-15 09:40:42.767101,314.11,314.15,-1
2020-01-15 09:40:43,N,AAPL,314.11,4.0,314.15,4.0,3.0,0.0,2020-01-15 09:40:43.862674,314.13,314.16,0
2020-01-15 09:40:44,N,AAPL,314.13,2.0,314.16,1.0,-2.0,0.0,2020-01-15 09:40:44.242957,314.1,314.12,-1
2020-01-15 09:40:45,N,AAPL,314.1,2.0,314.12,6.0,-2.0,4.0,2020-01-15 09:40:45.010784,314.1,314.13,0
2020-01-15 09:40:46,N,AAPL,314.1,1.0,314.13,5.0,-3.0,1.0,2020-01-15 09:40:46.148093,314.09,314.12,0
2020-01-15 09:40:47,N,AAPL,314.09,4.0,314.12,4.0,2.0,-3.0,2020-01-15 09:40:47.607816,314.08,314.12,0
2020-01-15 09:40:48,N,AAPL,314.08,3.0,314.12,2.0,0.0,-2.0,2020-01-15 09:40:48.005519,314.08,314.11,0
2020-01-15 09:40:49,N,AAPL,314.08,2.0,314.11,2.0,-1.0,-2.0,2020-01-15 09:40:49.060686,314.05,314.07,-1
2020-01-15 09:40:50,N,AAPL,314.05,2.0,314.07,4.0,-3.0,1.0,2020-01-15 09:40:50.072884,314.03,314.09,0
2020-01-15 09:40:51,N,AAPL,314.03,2.0,314.09,3.0,0.0,0.0,2020-01-15 09:40:51.032512,314.03,314.03,0
2020-01-15 09:40:52,N,AAPL,314.03,4.0,314.03,2.0,-40.0,1.0,2020-01-15 09:40:52.735846,313.94,313.97,-1
2020-01-15 09:40:53,N,AAPL,313.94,2.0,313.97,5.0,-1.0,3.0,2020-01-15 09:40:53.000812,313.96,313.99,0
2020-01-15 09:40:54,N,AAPL,313.96,1.0,313.99,1.0,-1.0,0.0,2020-01-15 09:40:54.026381,313.9,313.95,-1
2020-01-15 09:40:55,N,AAPL,313.9,2.0,313.95,4.0,-2.0,0.0,2020-01-15 09:40:55.149707,313.84,313.89,-1
2020-01-15 09:40:56,N,AAPL,313.84,1.0,313.89,2.0,0.0,-1.0,2020-01-15 09:40:56.041533,313.87,313.9,0
2020-01-15 09:40:57,N,AAPL,313.87,2.0,313.9,1.0,1.0,0.0,2020-01-15 09:40:57.113174,313.88,313.91,0
2020-01-15 09:40:59,N,AAPL,313.88,1.0,313.91,5.0,-2.0,4.0,2020-01-15 09:40:59.627874,313.88,313.91,0
2020-01-15 09:41:00,N,AAPL,313.88,2.0,313.91,5.0,1.0,0.0,2020-01-15 09:41:00.000491,313.89,313.91,0
2020-01-15 09:41:02,N,AAPL,313.89,1.0,313.91,4.0,-1.0,3.0,2020-01-15 09:41:02.241538,313.88,313.92,0
2020-01-15 09:41:03,N,AAPL,313.88,1.0,313.92,2.0,-1.0,-1.0,2020-01-15 09:41:03.161741,313.88,313.91,0
2020-01-15 09:41:04,N,AAPL,313.88,2.0,313.91,2.0,1.0,0.0,2020-01-15 09:41:04.148356,313.88,313.91,0
2020-01-15 09:41:05,N,AAPL,313.88,2.0,313.91,3.0,0.0,1.0,2020-01-15 09:41:05.265318,313.81,313.84,-1
2020-01-15 09:41:06,N,AAPL,313.81,4.0,313.84,2.0,3.0,-3.0,2020-01-15 09:41:06.008384,313.84,313.87,0
2020-01-15 09:41:07,N,AAPL,313.84,2.0,313.87,4.0,0.0,3.0,2020-01-15 09:41:07.195851,313.87,313.89,0
2020-01-15 09:41:08,N,AAPL,313.87,4.0,313.89,1.0,3.0,-3.0,2020-01-15 09:41:08.504741,313.88,313.91,0
2020-01-15 09:41:09,N,AAPL,313.88,4.0,313.91,4.0,0.0,0.0,2020-01-15 09:41:09.028692,313.88,313.91,0
2020-01-15 09:41:10,N,AAPL,313.88,2.0,313.91,2.0,-2.0,1.0,2020-01-15 09:41:10.892817,313.9,313.93,0
2020-01-15 09:41:11,N,AAPL,313.9,2.0,313.93,2.0,0.0,1.0,2020-01-15 09:41:11.076288,313.95,313.95,1
2020-01-15 09:41:16,N,AAPL,313.95,1.0,313.95,1.0,-1.0,-1.0,2020-01-15 09:41:16.019984,314.0,314.03,1
2020-01-15 09:41:17,N,AAPL,314.0,2.0,314.03,1.0,1.0,-6.0,2020-01-15 09:41:17.492217,313.96,313.99,-1
2020-01-15 09:41:18,N,AAPL,313.96,1.0,313.99,2.0,0.0,1.0,2020-01-15 09:41:18.280092,313.89,313.9,-1
2020-01-15 09:41:20,N,AAPL,313.89,2.0,313.9,4.0,1.0,2.0,2020-01-15 09:41:20.201610,313.87,313.89,0
2020-01-15 09:41:21,N,AAPL,313.87,5.0,313.89,2.0,0.0,1.0,2020-01-15 09:41:21.040459,313.85,313.88,0
2020-01-15 09:41:22,N,AAPL,313.85,2.0,313.88,6.0,-3.0,4.0,2020-01-15 09:41:22.324178,313.87,313.88,0
2020-01-15 09:41:25,N,AAPL,313.87,1.0,313.88,1.0,-1.0,0.0,2020-01-15 09:41:25.077240,313.85,313.88,0
2020-01-15 09:41:26,N,AAPL,313.85,6.0,313.88,4.0,3.0,3.0,2020-01-15 09:41:26.049079,313.85,313.88,0
2020-01-15 09:41:27,N,AAPL,313.85,2.0,313.88,2.0,1.0,-3.0,2020-01-15 09:41:27.283747,313.87,313.89,0
2020-01-15 09:41:29,N,AAPL,313.87,4.0,313.89,1.0,3.0,-2.0,2020-01-15 09:41:29.831387,313.87,313.89,0
2020-01-15 09:41:30,N,AAPL,313.87,2.0,313.89,3.0,-2.0,2.0,2020-01-15 09:41:30.075915,313.91,313.93,1
2020-01-15 09:41:31,N,AAPL,313.91,3.0,313.93,1.0,0.0,0.0,2020-01-15 09:41:31.203832,313.98,314.01,1
2020-01-15 09:41:32,N,AAPL,313.98,1.0,314.01,2.0,0.0,1.0,2020-01-15 09:41:32.867447,313.96,313.99,0
2020-01-15 09:41:33,N,AAPL,313.96,2.0,313.99,5.0,1.0,2.0,2020-01-15 09:41:33.386913,313.91,313.93,-1
2020-01-15 09:41:35,N,AAPL,313.91,1.0,313.93,3.0,-1.0,2.0,2020-01-15 09:41:35.000934,313.9,313.92,0
2020-01-15 09:41:36,N,AAPL,313.9,2.0,313.92,2.0,1.0,1.0,2020-01-15 09:41:36.265251,313.88,313.92,0
2020-01-15 09:41:37,N,AAPL,313.88,1.0,313.92,5.0,0.0,2.0,2020-01-15 09:41:37.322386,313.85,313.88,0
2020-01-15 09:41:38,N,AAPL,313.85,2.0,313.88,2.0,0.0,-1.0,2020-01-15 09:41:38.627851,313.85,313.87,0
2020-01-15 09:41:39,N,AAPL,313.85,4.0,313.87,1.0,2.0,-1.0,2020-01-15 09:41:39.805518,313.82,313.84,-1
2020-01-15 09:41:40,N,AAPL,313.82,2.0,313.84,2.0,-2.0,1.0,2020-01-15 09:41:40.154158,313.81,313.83,0
2020-01-15 09:41:43,N,AAPL,313.81,4.0,313.83,5.0,0.0,4.0,2020-01-15 09:41:43.119007,313.8,313.81,0
2020-01-15 09:41:44,N,AAPL,313.8,2.0,313.81,3.0,-28.0,2.0,2020-01-15 09:41:44.586639,313.8,313.82,0
2020-01-15 09:41:46,N,AAPL,313.8,3.0,313.82,4.0,0.0,2.0,2020-01-15 09:41:46.713860,313.8,313.83,0
2020-01-15 09:41:47,N,AAPL,313.8,3.0,313.83,1.0,0.0,-3.0,2020-01-15 09:41:47.051906,313.82,313.85,0
2020-01-15 09:41:48,N,AAPL,313.82,1.0,313.85,4.0,-1.0,2.0,2020-01-15 09:41:48.545015,313.84,313.85,0
2020-01-15 09:41:50,N,AAPL,313.84,1.0,313.85,5.0,0.0,1.0,2020-01-15 09:41:50.668284,313.79,313.84,0
2020-01-15 09:41:52,N,AAPL,313.79,2.0,313.84,2.0,0.0,0.0,2020-01-15 09:41:52.100781,313.83,313.85,0
2020-01-15 09:41:54,N,AAPL,313.83,4.0,313.85,1.0,0.0,-2.0,2020-01-15 09:41:54.176352,313.81,313.85,0
2020-01-15 09:41:55,N,AAPL,313.81,1.0,313.85,2.0,0.0,-1.0,2020-01-15 09:41:55.251653,313.83,313.85,0
2020-01-15 09:41:56,N,AAPL,313.83,3.0,313.85,1.0,2.0,-1.0,2020-01-15 09:41:56.491084,313.85,313.88,0
2020-01-15 09:41:57,N,AAPL,313.85,3.0,313.88,3.0,0.0,2.0,2020-01-15 09:41:57.911955,313.83,313.85,0
2020-01-15 09:41:58,N,AAPL,313.83,1.0,313.85,4.0,-2.0,1.0,2020-01-15 09:41:58.745805,313.82,313.87,0
2020-01-15 09:41:59,N,AAPL,313.82,1.0,313.87,2.0,-3.0,1.0,2020-01-15 09:41:59.000395,313.83,313.86,0
2020-01-15 09:42:00,N,AAPL,313.83,2.0,313.86,2.0,1.0,1.0,2020-01-15 09:42:00.047000,313.82,313.85,0
2020-01-15 09:42:01,N,AAPL,313.82,1.0,313.85,5.0,0.0,3.0,2020-01-15 09:42:01.010992,313.82,313.85,0
2020-01-15 09:42:02,N,AAPL,313.82,2.0,313.85,4.0,0.0,-1.0,2020-01-15 09:42:02.124448,313.8,313.84,0
2020-01-15 09:42:03,N,AAPL,313.8,1.0,313.84,4.0,-1.0,2.0,2020-01-15 09:42:03.506600,313.78,313.81,0
2020-01-15 09:42:04,N,AAPL,313.78,7.0,313.81,3.0,6.0,0.0,2020-01-15 09:42:04.555858,313.78,313.82,0
2020-01-15 09:42:05,N,AAPL,313.78,17.0,313.82,5.0,0.0,2.0,2020-01-15 09:42:05.147894,313.78,313.79,0
2020-01-15 09:42:06,N,AAPL,313.78,14.0,313.79,3.0,-3.0,1.0,2020-01-15 09:42:06.299999,313.75,313.79,0
2020-01-15 09:42:07,N,AAPL,313.75,1.0,313.79,3.0,0.0,2.0,2020-01-15 09:42:07.344872,313.76,313.79,0
2020-01-15 09:42:08,N,AAPL,313.76,1.0,313.79,2.0,-2.0,0.0,2020-01-15 09:42:08.343011,313.78,313.79,0
2020-01-15 09:42:09,N,AAPL,313.78,4.0,313.79,1.0,3.0,-1.0,2020-01-15 09:42:09.128333,313.71,313.72,-1
2020-01-15 09:42:10,N,AAPL,313.71,1.0,313.72,6.0,0.0,4.0,2020-01-15 09:42:10.622011,313.7,313.73,0
2020-01-15 09:42:12,N,AAPL,313.7,5.0,313.73,2.0,1.0,-1.0,2020-01-15 09:42:12.085792,313.7,313.73,0
2020-01-15 09:42:14,N,AAPL,313.7,2.0,313.73,2.0,-2.0,0.0,2020-01-15 09:42:14.181374,313.7,313.73,0
2020-01-15 09:42:15,N,AAPL,313.7,2.0,313.73,4.0,0.0,3.0,2020-01-15 09:42:15.361042,313.69,313.72,0
2020-01-15 09:42:18,N,AAPL,313.69,2.0,313.72,3.0,1.0,2.0,2020-01-15 09:42:18.202623,313.64,313.67,-1
2020-01-15 09:42:19,N,AAPL,313.64,2.0,313.67,2.0,0.0,-1.0,2020-01-15 09:42:19.269093,313.63,313.67,0
2020-01-15 09:42:20,N,AAPL,313.63,1.0,313.67,3.0,-1.0,2.0,2020-01-15 09:42:20.064882,313.65,313.67,0
2020-01-15 09:42:21,N,AAPL,313.65,1.0,313.67,2.0,-1.0,1.0,2020-01-15 09:42:21.869119,313.63,313.67,0
2020-01-15 09:42:23,N,AAPL,313.63,1.0,313.67,2.0,0.0,0.0,2020-01-15 09:42:23.213924,313.61,313.65,0
2020-01-15 09:42:24,N,AAPL,313.61,1.0,313.65,2.0,-1.0,1.0,2020-01-15 09:42:24.002780,313.64,313.67,0
2020-01-15 09:42:25,N,AAPL,313.64,2.0,313.67,1.0,1.0,-1.0,2020-01-15 09:42:25.849874,313.63,313.67,0
2020-01-15 09:42:26,N,AAPL,313.63,2.0,313.67,3.0,0.0,1.0,2020-01-15 09:42:26.054525,313.65,313.67,0
2020-01-15 09:42:27,N,AAPL,313.65,2.0,313.67,2.0,-1.0,0.0,2020-01-15 09:42:27.141686,313.66,313.67,0
2020-01-15 09:42:28,N,AAPL,313.66,1.0,313.67,2.0,-2.0,0.0,2020-01-15 09:42:28.300763,313.56,313.6,-1
2020-01-15 09:42:29,N,AAPL,313.56,15.0,313.6,5.0,13.0,4.0,2020-01-15 09:42:29.001110,313.5,313.51,-1
2020-01-15 09:42:30,N,AAPL,313.5,34.0,313.51,5.0,32.0,3.0,2020-01-15 09:42:30.940883,313.45,313.48,-1
2020-01-15 09:42:31,N,AAPL,313.45,2.0,313.48,1.0,0.0,0.0,2020-01-15 09:42:31.233615,313.48,313.5,0
2020-01-15 09:42:32,N,AAPL,313.48,1.0,313.5,1.0,0.0,0.0,2020-01-15 09:42:32.220358,313.55,313.57,1
2020-01-15 09:42:33,N,AAPL,313.55,1.0,313.57,5.0,0.0,3.0,2020-01-15 09:42:33.496767,313.48,313.52,-1
2020-01-15 09:42:34,N,AAPL,313.48,2.0,313.52,5.0,1.0,3.0,2020-01-15 09:42:34.144101,313.51,313.54,0
2020-01-15 09:42:35,N,AAPL,313.51,2.0,313.54,1.0,0.0,-1.0,2020-01-15 09:42:35.340326,313.59,313.62,1
2020-01-15 09:42:36,N,AAPL,313.59,2.0,313.62,2.0,-3.0,1.0,2020-01-15 09:42:36.900800,313.61,313.64,0
2020-01-15 09:42:37,N,AAPL,313.61,3.0,313.64,1.0,1.0,-1.0,2020-01-15 09:42:37.307523,313.57,313.6,-1
2020-01-15 09:42:38,N,AAPL,313.57,2.0,313.6,2.0,-4.0,0.0,2020-01-15 09:42:38.531601,313.58,313.6,0
2020-01-15 09:42:39,N,AAPL,313.58,1.0,313.6,4.0,0.0,1.0,2020-01-15 09:42:39.034590,313.55,313.58,0
2020-01-15 09:42:40,N,AAPL,313.55,7.0,313.58,4.0,5.0,0.0,2020-01-15 09:42:40.040882,313.49,313.53,-1
2020-01-15 09:42:41,N,AAPL,313.49,2.0,313.53,7.0,0.0,5.0,2020-01-15 09:42:41.054269,313.47,313.51,0
2020-01-15 09:42:42,N,AAPL,313.47,1.0,313.51,3.0,0.0,-2.0,2020-01-15 09:42:42.080494,313.51,313.53,0
2020-01-15 09:42:43,N,AAPL,313.51,2.0,313.53,1.0,0.0,0.0,2020-01-15 09:42:43.213665,313.55,313.59,1
2020-01-15 09:42:44,N,AAPL,313.55,2.0,313.59,2.0,1.0,-1.0,2020-01-15 09:42:44.164632,313.54,313.57,0
2020-01-15 09:42:45,N,AAPL,313.54,2.0,313.57,4.0,0.0,2.0,2020-01-15 09:42:45.316251,313.57,313.6,0
2020-01-15 09:42:46,N,AAPL,313.57,2.0,313.6,1.0,0.0,-1.0,2020-01-15 09:42:46.489835,313.59,313.63,0
2020-01-15 09:42:47,N,AAPL,313.59,2.0,313.63,2.0,-1.0,-1.0,2020-01-15 09:42:47.036657,313.59,313.64,0
2020-01-15 09:42:48,N,AAPL,313.59,1.0,313.64,2.0,-1.0,0.0,2020-01-15 09:42:48.015483,313.59,313.62,0
2020-01-15 09:42:49,N,AAPL,313.59,1.0,313.62,4.0,-2.0,3.0,2020-01-15 09:42:49.068978,313.55,313.59,0
2020-01-15 09:42:50,N,AAPL,313.55,4.0,313.59,4.0,2.0,2.0,2020-01-15 09:42:50.072505,313.57,313.6,0
2020-01-15 09:42:51,N,AAPL,313.57,1.0,313.6,1.0,0.0,0.0,2020-01-15 09:42:51.022236,313.55,313.58,0
2020-01-15 09:42:52,N,AAPL,313.55,2.0,313.58,1.0,-6.0,0.0,2020-01-15 09:42:52.013840,313.44,313.48,-1
2020-01-15 09:42:53,N,AAPL,313.44,3.0,313.48,1.0,2.0,0.0,2020-01-15 09:42:53.003664,313.44,313.48,0
2020-01-15 09:42:54,N,AAPL,313.44,5.0,313.48,5.0,4.0,4.0,2020-01-15 09:42:54.231914,313.49,313.52,1
2020-01-15 09:42:55,N,AAPL,313.49,2.0,313.52,4.0,0.0,2.0,2020-01-15 09:42:55.035482,313.5,313.53,0
2020-01-15 09:42:57,N,AAPL,313.5,4.0,313.53,1.0,3.0,-1.0,2020-01-15 09:42:57.824624,313.48,313.51,0
2020-01-15 09:42:58,N,AAPL,313.48,2.0,313.51,5.0,-2.0,4.0,2020-01-15 09:42:58.026980,313.47,313.5,0
2020-01-15 09:42:59,N,AAPL,313.47,1.0,313.5,2.0,0.0,0.0,2020-01-15 09:42:59.061851,313.46,313.5,0
2020-01-15 09:43:00,N,AAPL,313.46,2.0,313.5,2.0,-1.0,-1.0,2020-01-15 09:43:00.033420,313.54,313.56,1
2020-01-15 09:43:01,N,AAPL,313.54,1.0,313.56,2.0,0.0,1.0,2020-01-15 09:43:01.131206,313.47,313.5,-1
2020-01-15 09:43:02,N,AAPL,313.47,2.0,313.5,1.0,1.0,-2.0,2020-01-15 09:43:02.043973,313.48,313.53,0
2020-01-15 09:43:03,N,AAPL,313.48,3.0,313.53,3.0,2.0,1.0,2020-01-15 09:43:03.085825,313.45,313.49,0
2020-01-15 09:43:04,N,AAPL,313.45,2.0,313.49,2.0,-1.0,-1.0,2020-01-15 09:43:04.404071,313.48,313.53,0
2020-01-15 09:43:05,N,AAPL,313.48,5.0,313.53,2.0,3.0,1.0,2020-01-15 09:43:05.230965,313.52,313.55,0
2020-01-15 09:43:06,N,AAPL,313.52,1.0,313.55,2.0,0.0,0.0,2020-01-15 09:43:06.390486,313.52,313.56,0
2020-01-15 09:43:07,N,AAPL,313.52,2.0,313.56,2.0,-1.0,-1.0,2020-01-15 09:43:07.006996,313.53,313.55,0
2020-01-15 09:43:08,N,AAPL,313.53,1.0,313.55,1.0,0.0,-1.0,2020-01-15 09:43:08.607763,313.51,313.54,0
2020-01-15 09:43:09,N,AAPL,313.51,1.0,313.54,2.0,-1.0,1.0,2020-01-15 09:43:09.113491,313.58,313.6,1
2020-01-15 09:43:10,N,AAPL,313.58,1.0,313.6,1.0,-1.0,-1.0,2020-01-15 09:43:10.097940,313.55,313.58,0
2020-01-15 09:43:11,N,AAPL,313.55,1.0,313.58,1.0,0.0,0.0,2020-01-15 09:43:11.073020,313.55,313.58,0
2020-01-15 09:43:12,N,AAPL,313.55,1.0,313.58,3.0,-1.0,1.0,2020-01-15 09:43:12.370830,313.57,313.6,0
2020-01-15 09:43:13,N,AAPL,313.57,1.0,313.6,6.0,-1.0,2.0,2020-01-15 09:43:13.588400,313.59,313.62,0
2020-01-15 09:43:14,N,AAPL,313.59,1.0,313.62,3.0,-2.0,2.0,2020-01-15 09:43:14.041624,313.64,313.66,1
2020-01-15 09:43:15,N,AAPL,313.64,2.0,313.66,1.0,0.0,-4.0,2020-01-15 09:43:15.088608,313.63,313.67,0
2020-01-15 09:43:16,N,AAPL,313.63,3.0,313.67,2.0,1.0,0.0,2020-01-15 09:43:16.337694,313.6,313.65,0
2020-01-15 09:43:17,N,AAPL,313.6,2.0,313.65,1.0,0.0,-1.0,2020-01-15 09:43:17.018166,313.65,313.67,0
2020-01-15 09:43:18,N,AAPL,313.65,5.0,313.67,1.0,4.0,-1.0,2020-01-15 09:43:18.997284,313.64,313.67,0
2020-01-15 09:43:19,N,AAPL,313.64,2.0,313.67,1.0,-2.0,0.0,2020-01-15 09:43:19.012188,313.63,313.66,0
2020-01-15 09:43:23,N,AAPL,313.63,4.0,313.66,2.0,0.0,-5.0,2020-01-15 09:43:23.264099,313.62,313.65,0
2020-01-15 09:43:24,N,AAPL,313.62,1.0,313.65,3.0,-2.0,2.0,2020-01-15 09:43:24.731588,313.61,313.62,0
2020-01-15 09:43:25,N,AAPL,313.61,2.0,313.62,5.0,1.0,3.0,2020-01-15 09:43:25.478512,313.59,313.62,0
2020-01-15 09:43:26,N,AAPL,313.59,6.0,313.62,4.0,4.0,2.0,2020-01-15 09:43:26.032136,313.59,313.61,0
2020-01-15 09:43:30,N,AAPL,313.59,2.0,313.61,3.0,1.0,1.0,2020-01-15 09:43:30.125584,313.64,313.68,1
2020-01-15 09:43:31,N,AAPL,313.64,3.0,313.68,1.0,0.0,0.0,2020-01-15 09:43:31.267983,313.63,313.67,0
2020-01-15 09:43:32,N,AAPL,313.63,1.0,313.67,4.0,-2.0,3.0,2020-01-15 09:43:32.169638,313.71,313.73,1
2020-01-15 09:43:33,N,AAPL,313.71,4.0,313.73,3.0,-1.0,1.0,2020-01-15 09:43:33.137507,313.74,313.77,1
2020-01-15 09:43:34,N,AAPL,313.74,1.0,313.77,2.0,-3.0,-5.0,2020-01-15 09:43:34.150545,313.77,313.8,0
2020-01-15 09:43:35,N,AAPL,313.77,1.0,313.8,1.0,0.0,0.0,2020-01-15 09:43:35.137268,313.84,313.88,1
2020-01-15 09:43:36,N,AAPL,313.84,3.0,313.88,2.0,0.0,0.0,2020-01-15 09:43:36.006606,313.84,313.88,0
2020-01-15 09:43:37,N,AAPL,313.84,3.0,313.88,4.0,1.0,2.0,2020-01-15 09:43:37.008305,313.83,313.87,0
2020-01-15 09:43:38,N,AAPL,313.83,1.0,313.87,2.0,0.0,0.0,2020-01-15 09:43:38.207870,313.8,313.82,-1
2020-01-15 09:43:39,N,AAPL,313.8,1.0,313.82,4.0,-1.0,3.0,2020-01-15 09:43:39.182348,313.77,313.81,0
2020-01-15 09:43:40,N,AAPL,313.77,2.0,313.81,2.0,1.0,0.0,2020-01-15 09:43:40.546163,313.73,313.77,0
2020-01-15 09:43:41,N,AAPL,313.73,3.0,313.77,1.0,0.0,0.0,2020-01-15 09:43:41.032919,313.79,313.82,1
2020-01-15 09:43:43,N,AAPL,313.79,6.0,313.82,2.0,5.0,-2.0,2020-01-15 09:43:43.085151,313.78,313.81,0
2020-01-15 09:43:44,N,AAPL,313.78,1.0,313.81,1.0,0.0,-4.0,2020-01-15 09:43:44.247949,313.75,313.78,0
2020-01-15 09:43:45,N,AAPL,313.75,2.0,313.78,2.0,1.0,1.0,2020-01-15 09:43:45.249265,313.74,313.77,0
2020-01-15 09:43:48,N,AAPL,313.74,4.0,313.77,2.0,2.0,-3.0,2020-01-15 09:43:48.016425,313.79,313.83,1
2020-01-15 09:43:49,N,AAPL,313.79,5.0,313.83,2.0,2.0,-1.0,2020-01-15 09:43:49.909926,313.84,313.86,1
2020-01-15 09:43:50,N,AAPL,313.84,4.0,313.86,2.0,-1.0,0.0,2020-01-15 09:43:50.974313,313.87,313.9,1
2020-01-15 09:43:51,N,AAPL,313.87,1.0,313.9,1.0,0.0,-1.0,2020-01-15 09:43:51.429068,313.89,313.92,0
2020-01-15 09:43:52,N,AAPL,313.89,7.0,313.92,1.0,6.0,0.0,2020-01-15 09:43:52.008851,313.91,313.93,0
2020-01-15 09:43:54,N,AAPL,313.91,4.0,313.93,3.0,-3.0,2.0,2020-01-15 09:43:54.568267,313.87,313.89,-1
2020-01-15 09:43:55,N,AAPL,313.87,2.0,313.89,2.0,0.0,1.0,2020-01-15 09:43:55.073933,313.86,313.88,0
2020-01-15 09:43:56,N,AAPL,313.86,1.0,313.88,1.0,0.0,0.0,2020-01-15 09:43:56.019792,313.81,313.85,-1
2020-01-15 09:43:57,N,AAPL,313.81,1.0,313.85,2.0,0.0,-2.0,2020-01-15 09:43:57.088910,313.84,313.88,0
2020-01-15 09:43:58,N,AAPL,313.84,1.0,313.88,1.0,0.0,-1.0,2020-01-15 09:43:58.399021,313.86,313.88,0
2020-01-15 09:43:59,N,AAPL,313.86,1.0,313.88,1.0,0.0,0.0,2020-01-15 09:43:59.138001,313.84,313.88,0
2020-01-15 09:44:00,N,AAPL,313.84,2.0,313.88,2.0,1.0,1.0,2020-01-15 09:44:00.012080,313.83,313.87,0
2020-01-15 09:44:02,N,AAPL,313.83,4.0,313.87,2.0,1.0,0.0,2020-01-15 09:44:02.027990,313.84,313.85,0
2020-01-15 09:44:03,N,AAPL,313.84,3.0,313.85,1.0,-1.0,-1.0,2020-01-15 09:44:03.050540,313.92,313.96,1
2020-01-15 09:44:05,N,AAPL,313.92,2.0,313.96,3.0,0.0,2.0,2020-01-15 09:44:05.042983,313.9,313.94,0
2020-01-15 09:44:06,N,AAPL,313.9,2.0,313.94,5.0,1.0,2.0,2020-01-15 09:44:06.050363,313.94,313.96,0
2020-01-15 09:44:07,N,AAPL,313.94,1.0,313.96,1.0,-1.0,0.0,2020-01-15 09:44:07.960473,313.91,313.94,0
2020-01-15 09:44:08,N,AAPL,313.91,1.0,313.94,5.0,0.0,4.0,2020-01-15 09:44:08.380714,313.89,313.91,0
2020-01-15 09:44:09,N,AAPL,313.89,1.0,313.91,1.0,0.0,0.0,2020-01-15 09:44:09.007857,313.89,313.93,0
2020-01-15 09:44:10,N,AAPL,313.89,1.0,313.93,2.0,0.0,1.0,2020-01-15 09:44:10.257623,313.91,313.94,0
2020-01-15 09:44:11,N,AAPL,313.91,1.0,313.94,1.0,0.0,-1.0,2020-01-15 09:44:11.411950,313.91,313.93,0
2020-01-15 09:44:14,N,AAPL,313.91,1.0,313.93,3.0,-1.0,2.0,2020-01-15 09:44:14.009099,313.91,313.92,0
2020-01-15 09:44:15,N,AAPL,313.91,4.0,313.92,3.0,3.0,-2.0,2020-01-15 09:44:15.085746,313.9,313.92,0
2020-01-15 09:44:16,N,AAPL,313.9,7.0,313.92,1.0,1.0,0.0,2020-01-15 09:44:16.073310,313.93,313.95,1
2020-01-15 09:44:17,N,AAPL,313.93,5.0,313.95,1.0,3.0,0.0,2020-01-15 09:44:17.363797,313.93,313.97,0
2020-01-15 09:44:18,N,AAPL,313.93,4.0,313.97,2.0,1.0,1.0,2020-01-15 09:44:18.031554,313.97,313.99,0
2020-01-15 09:44:19,N,AAPL,313.97,2.0,313.99,1.0,-2.0,-1.0,2020-01-15 09:44:19.902248,314.0,314.01,1
2020-01-15 09:44:20,N,AAPL,314.0,2.0,314.01,2.0,0.0,1.0,2020-01-15 09:44:20.036394,313.96,313.99,-1
2020-01-15 09:44:21,N,AAPL,313.96,1.0,313.99,1.0,-1.0,-1.0,2020-01-15 09:44:21.544021,313.97,314.0,0
2020-01-15 09:44:22,N,AAPL,313.97,2.0,314.0,3.0,1.0,1.0,2020-01-15 09:44:22.206529,313.96,313.98,0
2020-01-15 09:44:23,N,AAPL,313.96,1.0,313.98,2.0,-3.0,-1.0,2020-01-15 09:44:23.436338,313.95,313.98,0
2020-01-15 09:44:24,N,AAPL,313.95,2.0,313.98,2.0,0.0,1.0,2020-01-15 09:44:24.044112,313.97,313.98,0
2020-01-15 09:44:25,N,AAPL,313.97,2.0,313.98,3.0,0.0,1.0,2020-01-15 09:44:25.001356,313.91,313.95,-1
2020-01-15 09:44:26,N,AAPL,313.91,3.0,313.95,3.0,0.0,1.0,2020-01-15 09:44:26.052036,313.94,313.97,0
2020-01-15 09:44:27,N,AAPL,313.94,1.0,313.97,2.0,0.0,-2.0,2020-01-15 09:44:27.621892,313.93,313.95,0
2020-01-15 09:44:28,N,AAPL,313.93,1.0,313.95,2.0,0.0,-3.0,2020-01-15 09:44:28.019562,313.91,313.94,0
2020-01-15 09:44:31,N,AAPL,313.91,2.0,313.94,3.0,-2.0,-1.0,2020-01-15 09:44:31.373819,313.92,313.93,0
2020-01-15 09:44:32,N,AAPL,313.92,1.0,313.93,4.0,-1.0,1.0,2020-01-15 09:44:32.998236,313.89,313.9,-1
2020-01-15 09:44:33,N,AAPL,313.89,2.0,313.9,1.0,1.0,-4.0,2020-01-15 09:44:33.002667,313.9,313.92,0
2020-01-15 09:44:34,N,AAPL,313.9,1.0,313.92,2.0,0.0,0.0,2020-01-15 09:44:34.046275,313.86,313.88,-1
2020-01-15 09:44:35,N,AAPL,313.86,2.0,313.88,3.0,-3.0,0.0,2020-01-15 09:44:35.039607,313.83,313.86,0
2020-01-15 09:44:36,N,AAPL,313.83,2.0,313.86,2.0,0.0,-3.0,2020-01-15 09:44:36.000334,313.76,313.79,-1
2020-01-15 09:44:37,N,AAPL,313.76,5.0,313.79,4.0,4.0,2.0,2020-01-15 09:44:37.473918,313.76,313.79,0
2020-01-15 09:44:38,N,AAPL,313.76,1.0,313.79,3.0,-1.0,0.0,2020-01-15 09:44:38.152524,313.75,313.78,0
2020-01-15 09:44:42,N,AAPL,313.75,2.0,313.78,2.0,0.0,1.0,2020-01-15 09:44:42.907808,313.75,313.78,0
2020-01-15 09:44:43,N,AAPL,313.75,2.0,313.78,3.0,0.0,1.0,2020-01-15 09:44:43.137505,313.68,313.7,-1
2020-01-15 09:44:45,N,AAPL,313.68,2.0,313.7,3.0,0.0,2.0,2020-01-15 09:44:45.117787,313.68,313.7,0
2020-01-15 09:44:46,N,AAPL,313.68,1.0,313.7,1.0,0.0,0.0,2020-01-15 09:44:46.583322,313.69,313.71,0
2020-01-15 09:44:50,N,AAPL,313.69,1.0,313.71,3.0,0.0,2.0,2020-01-15 09:44:50.565142,313.69,313.71,0
2020-01-15 09:44:51,N,AAPL,313.69,1.0,313.71,3.0,0.0,0.0,2020-01-15 09:44:51.383454,313.67,313.7,0
2020-01-15 09:44:52,N,AAPL,313.67,2.0,313.7,5.0,1.0,2.0,2020-01-15 09:44:52.143914,313.67,313.71,0
2020-01-15 09:44:53,N,AAPL,313.67,3.0,313.71,2.0,1.0,1.0,2020-01-15 09:44:53.175333,313.68,313.71,0
2020-01-15 09:44:54,N,AAPL,313.68,4.0,313.71,1.0,3.0,-1.0,2020-01-15 09:44:54.854414,313.68,313.71,0
2020-01-15 09:44:55,N,AAPL,313.68,1.0,313.71,2.0,-3.0,1.0,2020-01-15 09:44:55.045160,313.66,313.69,0
2020-01-15 09:44:56,N,AAPL,313.66,1.0,313.69,4.0,0.0,2.0,2020-01-15 09:44:56.542739,313.65,313.66,0
2020-01-15 09:44:58,N,AAPL,313.65,1.0,313.66,4.0,-1.0,3.0,2020-01-15 09:44:58.585430,313.61,313.64,-1
2020-01-15 09:44:59,N,AAPL,313.61,1.0,313.64,5.0,0.0,2.0,2020-01-15 09:44:59.167608,313.62,313.63,0
2020-01-15 09:45:00,N,AAPL,313.62,4.0,313.63,2.0,1.0,0.0,2020-01-15 09:45:00.001367,313.62,313.63,0
2020-01-15 09:45:01,N,AAPL,313.62,3.0,313.63,2.0,-1.0,0.0,2020-01-15 09:45:01.656903,313.6,313.62,0
2020-01-15 09:45:02,N,AAPL,313.6,2.0,313.62,2.0,1.0,0.0,2020-01-15 09:45:02.163294,313.61,313.63,0
2020-01-15 09:45:03,N,AAPL,313.61,4.0,313.63,1.0,2.0,-1.0,2020-01-15 09:45:03.942140,313.6,313.61,0
2020-01-15 09:45:07,N,AAPL,313.6,4.0,313.61,3.0,0.0,2.0,2020-01-15 09:45:07.110880,313.61,313.62,0
2020-01-15 09:45:08,N,AAPL,313.61,3.0,313.62,1.0,1.0,-2.0,2020-01-15 09:45:08.858354,313.66,313.66,1
2020-01-15 09:45:09,N,AAPL,313.66,4.0,313.66,1.0,0.0,0.0,2020-01-15 09:45:09.618923,313.66,313.68,0
2020-01-15 09:45:10,N,AAPL,313.66,2.0,313.68,4.0,-2.0,3.0,2020-01-15 09:45:10.903352,313.61,313.64,-1
2020-01-15 09:45:11,N,AAPL,313.61,2.0,313.64,2.0,0.0,0.0,2020-01-15 09:45:11.442599,313.64,313.67,0
2020-01-15 09:45:13,N,AAPL,313.64,2.0,313.67,2.0,0.0,1.0,2020-01-15 09:45:13.897592,313.61,313.64,0
2020-01-15 09:45:14,N,AAPL,313.61,1.0,313.64,2.0,0.0,1.0,2020-01-15 09:45:14.137430,313.61,313.64,0
2020-01-15 09:45:15,N,AAPL,313.61,4.0,313.64,1.0,3.0,-2.0,2020-01-15 09:45:15.108132,313.62,313.64,0
2020-01-15 09:45:17,N,AAPL,313.62,1.0,313.64,2.0,-3.0,1.0,2020-01-15 09:45:17.254113,313.6,313.62,0
2020-01-15 09:45:18,N,AAPL,313.6,3.0,313.62,4.0,2.0,2.0,2020-01-15 09:45:18.464866,313.58,313.62,0
2020-01-15 09:45:19,N,AAPL,313.58,2.0,313.62,2.0,0.0,0.0,2020-01-15 09:45:19.200672,313.61,313.63,0
2020-01-15 09:45:20,N,AAPL,313.61,3.0,313.63,2.0,2.0,0.0,2020-01-15 09:45:20.618324,313.67,313.69,1
2020-01-15 09:45:22,N,AAPL,313.67,3.0,313.69,2.0,2.0,0.0,2020-01-15 09:45:22.594750,313.68,313.69,0
2020-01-15 09:45:24,N,AAPL,313.68,4.0,313.69,2.0,1.0,0.0,2020-01-15 09:45:24.370425,313.62,313.65,-1
2020-01-15 09:45:25,N,AAPL,313.62,17.0,313.65,1.0,0.0,-3.0,2020-01-15 09:45:25.063674,313.62,313.65,0
2020-01-15 09:45:26,N,AAPL,313.62,17.0,313.65,2.0,16.0,0.0,2020-01-15 09:45:26.103072,313.62,313.63,0
2020-01-15 09:45:30,N,AAPL,313.62,1.0,313.63,7.0,-16.0,5.0,2020-01-15 09:45:30.667960,313.66,313.68,1
2020-01-15 09:45:31,N,AAPL,313.66,6.0,313.68,2.0,5.0,1.0,2020-01-15 09:45:31.302205,313.73,313.75,1
2020-01-15 09:45:32,N,AAPL,313.73,2.0,313.75,3.0,1.0,1.0,2020-01-15 09:45:32.308621,313.73,313.76,0
2020-01-15 09:45:33,N,AAPL,313.73,1.0,313.76,1.0,-1.0,0.0,2020-01-15 09:45:33.003152,313.75,313.78,0
2020-01-15 09:45:34,N,AAPL,313.75,3.0,313.78,2.0,2.0,1.0,2020-01-15 09:45:34.249238,313.69,313.71,-1
2020-01-15 09:45:35,N,AAPL,313.69,1.0,313.71,1.0,-1.0,0.0,2020-01-15 09:45:35.536999,313.71,313.74,0
2020-01-15 09:45:36,N,AAPL,313.71,5.0,313.74,4.0,4.0,2.0,2020-01-15 09:45:36.062543,313.68,313.71,0
2020-01-15 09:45:37,N,AAPL,313.68,2.0,313.71,2.0,1.0,-1.0,2020-01-15 09:45:37.180975,313.66,313.68,0
2020-01-15 09:45:40,N,AAPL,313.66,1.0,313.68,4.0,-1.0,0.0,2020-01-15 09:45:40.070260,313.66,313.67,0
2020-01-15 09:45:41,N,AAPL,313.66,1.0,313.67,1.0,0.0,0.0,2020-01-15 09:45:41.214697,313.65,313.67,0
2020-01-15 09:45:42,N,AAPL,313.65,2.0,313.67,1.0,1.0,0.0,2020-01-15 09:45:42.895254,313.65,313.67,0
2020-01-15 09:45:43,N,AAPL,313.65,2.0,313.67,1.0,0.0,0.0,2020-01-15 09:45:43.565877,313.61,313.63,-1
2020-01-15 09:45:44,N,AAPL,313.61,1.0,313.63,2.0,0.0,0.0,2020-01-15 09:45:44.563268,313.56,313.58,-1
2020-01-15 09:45:45,N,AAPL,313.56,2.0,313.58,5.0,0.0,4.0,2020-01-15 09:45:45.054870,313.52,313.56,0
2020-01-15 09:45:46,N,AAPL,313.52,6.0,313.56,3.0,0.0,1.0,2020-01-15 09:45:46.039931,313.51,313.54,0
2020-01-15 09:45:47,N,AAPL,313.51,1.0,313.54,2.0,0.0,-1.0,2020-01-15 09:45:47.292312,313.52,313.54,0
2020-01-15 09:45:48,N,AAPL,313.52,1.0,313.54,1.0,0.0,0.0,2020-01-15 09:45:48.033262,313.47,313.5,-1
2020-01-15 09:45:49,N,AAPL,313.47,1.0,313.5,3.0,-1.0,1.0,2020-01-15 09:45:49.158757,313.43,313.45,-1
2020-01-15 09:45:50,N,AAPL,313.43,2.0,313.45,4.0,0.0,0.0,2020-01-15 09:45:50.382710,313.4,313.43,0
2020-01-15 09:45:51,N,AAPL,313.4,1.0,313.43,2.0,-1.0,0.0,2020-01-15 09:45:51.054117,313.41,313.44,0
2020-01-15 09:45:52,N,AAPL,313.41,2.0,313.44,2.0,0.0,1.0,2020-01-15 09:45:52.031619,313.41,313.45,0
2020-01-15 09:45:53,N,AAPL,313.41,2.0,313.45,3.0,0.0,0.0,2020-01-15 09:45:53.140308,313.37,313.41,0
2020-01-15 09:45:54,N,AAPL,313.37,2.0,313.41,5.0,0.0,2.0,2020-01-15 09:45:54.049265,313.44,313.46,1
2020-01-15 09:45:55,N,AAPL,313.44,1.0,313.46,1.0,0.0,-3.0,2020-01-15 09:45:55.020856,313.39,313.42,-1
2020-01-15 09:45:56,N,AAPL,313.39,1.0,313.42,2.0,0.0,0.0,2020-01-15 09:45:56.639380,313.39,313.4,0
2020-01-15 09:45:57,N,AAPL,313.39,2.0,313.4,1.0,-6.0,-1.0,2020-01-15 09:45:57.753549,313.31,313.34,-1
2020-01-15 09:45:58,N,AAPL,313.31,3.0,313.34,4.0,1.0,3.0,2020-01-15 09:45:58.139591,313.3,313.32,0
2020-01-15 09:45:59,N,AAPL,313.3,10.0,313.32,1.0,7.0,-3.0,2020-01-15 09:45:59.579595,313.3,313.34,0
2020-01-15 09:46:00,N,AAPL,313.3,12.0,313.34,2.0,2.0,-1.0,2020-01-15 09:46:00.178624,313.28,313.3,0
2020-01-15 09:46:02,N,AAPL,313.28,2.0,313.3,2.0,1.0,1.0,2020-01-15 09:46:02.200033,313.27,313.31,0
2020-01-15 09:46:03,N,AAPL,313.27,2.0,313.31,4.0,0.0,-12.0,2020-01-15 09:46:03.063629,313.24,313.28,0
2020-01-15 09:46:04,N,AAPL,313.24,4.0,313.28,1.0,3.0,-2.0,2020-01-15 09:46:04.120052,313.24,313.26,0
2020-01-15 09:46:06,N,AAPL,313.24,4.0,313.26,3.0,3.0,0.0,2020-01-15 09:46:06.068541,313.24,313.26,0
2020-01-15 09:46:07,N,AAPL,313.24,7.0,313.26,8.0,6.0,7.0,2020-01-15 09:46:07.769740,313.24,313.26,0
2020-01-15 09:46:08,N,AAPL,313.24,6.0,313.26,2.0,-1.0,-6.0,2020-01-15 09:46:08.690967,313.25,313.26,0
2020-01-15 09:46:09,N,AAPL,313.25,2.0,313.26,1.0,-4.0,-1.0,2020-01-15 09:46:09.837485,313.24,313.26,0
2020-01-15 09:46:10,N,AAPL,313.24,6.0,313.26,1.0,3.0,0.0,2020-01-15 09:46:10.056088,313.27,313.28,1
2020-01-15 09:46:11,N,AAPL,313.27,5.0,313.28,2.0,1.0,0.0,2020-01-15 09:46:11.004392,313.26,313.29,0
2020-01-15 09:46:12,N,AAPL,313.26,1.0,313.29,3.0,-1.0,-13.0,2020-01-15 09:46:12.112668,313.28,313.3,0
2020-01-15 09:46:13,N,AAPL,313.28,4.0,313.3,16.0,-1.0,0.0,2020-01-15 09:46:13.590959,313.36,313.39,1
2020-01-15 09:46:14,N,AAPL,313.36,1.0,313.39,3.0,-2.0,2.0,2020-01-15 09:46:14.123350,313.38,313.41,0
2020-01-15 09:46:15,N,AAPL,313.38,3.0,313.41,3.0,1.0,0.0,2020-01-15 09:46:15.090636,313.4,313.44,0
2020-01-15 09:46:16,N,AAPL,313.4,2.0,313.44,3.0,-1.0,2.0,2020-01-15 09:46:16.270582,313.42,313.43,0
2020-01-15 09:46:17,N,AAPL,313.42,1.0,313.43,5.0,-1.0,2.0,2020-01-15 09:46:17.302501,313.4,313.42,0
2020-01-15 09:46:18,N,AAPL,313.4,2.0,313.42,1.0,0.0,0.0,2020-01-15 09:46:18.083142,313.4,313.43,0
2020-01-15 09:46:19,N,AAPL,313.4,1.0,313.43,2.0,-3.0,1.0,2020-01-15 09:46:19.521023,313.4,313.42,0
2020-01-15 09:46:20,N,AAPL,313.4,5.0,313.42,4.0,4.0,1.0,2020-01-15 09:46:20.113283,313.39,313.42,0
2020-01-15 09:46:21,N,AAPL,313.39,2.0,313.42,1.0,0.0,-1.0,2020-01-15 09:46:21.105177,313.43,313.48,1
2020-01-15 09:46:22,N,AAPL,313.43,2.0,313.48,3.0,0.0,2.0,2020-01-15 09:46:22.493524,313.45,313.49,0
2020-01-15 09:46:23,N,AAPL,313.45,1.0,313.49,1.0,0.0,-1.0,2020-01-15 09:46:23.073811,313.51,313.52,1
2020-01-15 09:46:24,N,AAPL,313.51,1.0,313.52,1.0,-1.0,0.0,2020-01-15 09:46:24.143123,313.54,313.56,1
2020-01-15 09:46:26,N,AAPL,313.54,2.0,313.56,1.0,1.0,-1.0,2020-01-15 09:46:26.640488,313.53,313.58,0
2020-01-15 09:46:27,N,AAPL,313.53,2.0,313.58,1.0,0.0,-2.0,2020-01-15 09:46:27.036489,313.58,313.62,0
2020-01-15 09:46:28,N,AAPL,313.58,1.0,313.62,2.0,-4.0,-3.0,2020-01-15 09:46:28.210982,313.57,313.59,0
2020-01-15 09:46:29,N,AAPL,313.57,1.0,313.59,2.0,-1.0,1.0,2020-01-15 09:46:29.034957,313.65,313.69,1
2020-01-15 09:46:30,N,AAPL,313.65,1.0,313.69,3.0,0.0,2.0,2020-01-15 09:46:30.022245,313.68,313.73,0
2020-01-15 09:46:31,N,AAPL,313.68,3.0,313.73,2.0,1.0,0.0,2020-01-15 09:46:31.137547,313.71,313.74,0
2020-01-15 09:46:32,N,AAPL,313.71,1.0,313.74,3.0,-1.0,2.0,2020-01-15 09:46:32.261645,313.67,313.71,0
2020-01-15 09:46:33,N,AAPL,313.67,3.0,313.71,2.0,2.0,1.0,2020-01-15 09:46:33.500264,313.66,313.7,0
2020-01-15 09:46:34,N,AAPL,313.66,4.0,313.7,2.0,2.0,1.0,2020-01-15 09:46:34.388066,313.72,313.76,1
2020-01-15 09:46:35,N,AAPL,313.72,5.0,313.76,2.0,3.0,0.0,2020-01-15 09:46:35.557843,313.69,313.71,-1
2020-01-15 09:46:36,N,AAPL,313.69,2.0,313.71,2.0,-1.0,1.0,2020-01-15 09:46:36.679761,313.7,313.74,0
2020-01-15 09:46:37,N,AAPL,313.7,1.0,313.74,2.0,-1.0,0.0,2020-01-15 09:46:37.381039,313.68,313.73,0
2020-01-15 09:46:38,N,AAPL,313.68,25.0,313.73,3.0,23.0,1.0,2020-01-15 09:46:38.630698,313.58,313.59,-1
2020-01-15 09:46:42,N,AAPL,313.58,1.0,313.59,4.0,-24.0,1.0,2020-01-15 09:46:42.993294,313.58,313.6,0
2020-01-15 09:46:43,N,AAPL,313.58,4.0,313.6,2.0,3.0,0.0,2020-01-15 09:46:43.132514,313.61,313.62,1
2020-01-15 09:46:44,N,AAPL,313.61,1.0,313.62,2.0,-1.0,1.0,2020-01-15 09:46:44.458721,313.66,313.69,1
2020-01-15 09:46:47,N,AAPL,313.66,3.0,313.69,2.0,-4.0,-21.0,2020-01-15 09:46:47.078644,313.71,313.73,1
2020-01-15 09:46:49,N,AAPL,313.71,1.0,313.73,2.0,-2.0,0.0,2020-01-15 09:46:49.537701,313.69,313.73,0
2020-01-15 09:46:50,N,AAPL,313.69,2.0,313.73,5.0,1.0,3.0,2020-01-15 09:46:50.354811,313.69,313.71,0
2020-01-15 09:46:52,N,AAPL,313.69,1.0,313.71,6.0,-1.0,4.0,2020-01-15 09:46:52.860037,313.65,313.68,-1
2020-01-15 09:46:53,N,AAPL,313.65,1.0,313.68,3.0,0.0,-3.0,2020-01-15 09:46:53.463243,313.65,313.67,0
2020-01-15 09:46:54,N,AAPL,313.65,5.0,313.67,4.0,2.0,3.0,2020-01-15 09:46:54.273191,313.57,313.59,-1
2020-01-15 09:46:55,N,AAPL,313.57,2.0,313.59,1.0,0.0,0.0,2020-01-15 09:46:55.435100,313.57,313.59,0
2020-01-15 09:46:56,N,AAPL,313.57,3.0,313.59,1.0,1.0,0.0,2020-01-15 09:46:56.715925,313.58,313.62,0
2020-01-15 09:46:57,N,AAPL,313.58,3.0,313.62,2.0,0.0,1.0,2020-01-15 09:46:57.325139,313.57,313.6,0
2020-01-15 09:46:58,N,AAPL,313.57,2.0,313.6,4.0,-1.0,2.0,2020-01-15 09:46:58.896017,313.57,313.59,0
2020-01-15 09:46:59,N,AAPL,313.57,2.0,313.59,1.0,0.0,-3.0,2020-01-15 09:46:59.184022,313.59,313.61,0
2020-01-15 09:47:00,N,AAPL,313.59,1.0,313.61,2.0,-1.0,1.0,2020-01-15 09:47:00.067360,313.58,313.61,0
2020-01-15 09:47:01,N,AAPL,313.58,2.0,313.61,4.0,1.0,2.0,2020-01-15 09:47:01.922320,313.58,313.62,0
2020-01-15 09:47:02,N,AAPL,313.58,3.0,313.62,1.0,0.0,-2.0,2020-01-15 09:47:02.124392,313.61,313.64,0
2020-01-15 09:47:06,N,AAPL,313.61,2.0,313.64,2.0,-1.0,0.0,2020-01-15 09:47:06.916394,313.63,313.65,0
2020-01-15 09:47:09,N,AAPL,313.63,5.0,313.65,2.0,3.0,0.0,2020-01-15 09:47:09.790878,313.64,313.67,0
2020-01-15 09:47:11,N,AAPL,313.64,1.0,313.67,2.0,-1.0,1.0,2020-01-15 09:47:11.251587,313.66,313.7,0
2020-01-15 09:47:12,N,AAPL,313.66,4.0,313.7,2.0,3.0,0.0,2020-01-15 09:47:12.420370,313.59,313.61,-1
2020-01-15 09:47:13,N,AAPL,313.59,2.0,313.61,1.0,0.0,0.0,2020-01-15 09:47:13.454758,313.57,313.6,0
2020-01-15 09:47:14,N,AAPL,313.57,1.0,313.6,1.0,0.0,-2.0,2020-01-15 09:47:14.272795,313.57,313.6,0
2020-01-15 09:47:15,N,AAPL,313.57,2.0,313.6,1.0,1.0,0.0,2020-01-15 09:47:15.004269,313.66,313.69,1
2020-01-15 09:47:16,N,AAPL,313.66,2.0,313.69,2.0,-1.0,1.0,2020-01-15 09:47:16.527901,313.66,313.69,0
2020-01-15 09:47:17,N,AAPL,313.66,3.0,313.69,2.0,1.0,-1.0,2020-01-15 09:47:17.206931,313.67,313.69,0
2020-01-15 09:47:18,N,AAPL,313.67,1.0,313.69,1.0,-2.0,-1.0,2020-01-15 09:47:18.547539,313.7,313.72,1
2020-01-15 09:47:20,N,AAPL,313.7,3.0,313.72,3.0,-1.0,2.0,2020-01-15 09:47:20.228656,313.69,313.73,0
2020-01-15 09:47:21,N,AAPL,313.69,3.0,313.73,2.0,2.0,-1.0,2020-01-15 09:47:21.668632,313.71,313.74,0
2020-01-15 09:47:23,N,AAPL,313.71,2.0,313.74,5.0,-1.0,3.0,2020-01-15 09:47:23.900359,313.73,313.75,0
2020-01-15 09:47:24,N,AAPL,313.73,4.0,313.75,40.0,2.0,35.0,2020-01-15 09:47:24.923915,313.77,313.78,1
2020-01-15 09:47:25,N,AAPL,313.77,4.0,313.78,3.0,2.0,-37.0,2020-01-15 09:47:25.552004,313.81,313.84,1
2020-01-15 09:47:27,N,AAPL,313.81,2.0,313.84,3.0,0.0,-4.0,2020-01-15 09:47:27.022140,313.83,313.85,0
2020-01-15 09:47:28,N,AAPL,313.83,1.0,313.85,2.0,0.0,-1.0,2020-01-15 09:47:28.467926,313.82,313.85,0
2020-01-15 09:47:29,N,AAPL,313.82,2.0,313.85,1.0,0.0,0.0,2020-01-15 09:47:29.526493,313.83,313.86,0
2020-01-15 09:47:30,N,AAPL,313.83,1.0,313.86,2.0,-1.0,1.0,2020-01-15 09:47:30.107960,313.76,313.78,-1
2020-01-15 09:47:32,N,AAPL,313.76,2.0,313.78,4.0,0.0,2.0,2020-01-15 09:47:32.523722,313.74,313.78,0
2020-01-15 09:47:33,N,AAPL,313.74,2.0,313.78,3.0,0.0,1.0,2020-01-15 09:47:33.204647,313.74,313.79,0
2020-01-15 09:47:34,N,AAPL,313.74,3.0,313.79,2.0,1.0,0.0,2020-01-15 09:47:34.009467,313.69,313.72,-1
2020-01-15 09:47:35,N,AAPL,313.69,2.0,313.72,1.0,-3.0,0.0,2020-01-15 09:47:35.257751,313.73,313.75,1
2020-01-15 09:47:36,N,AAPL,313.73,3.0,313.75,1.0,1.0,0.0,2020-01-15 09:47:36.201098,313.69,313.73,0
2020-01-15 09:47:37,N,AAPL,313.69,2.0,313.73,3.0,-3.0,2.0,2020-01-15 09:47:37.287874,313.66,313.69,0
2020-01-15 09:47:38,N,AAPL,313.66,2.0,313.69,1.0,1.0,0.0,2020-01-15 09:47:38.344323,313.65,313.67,0
2020-01-15 09:47:39,N,AAPL,313.65,2.0,313.67,7.0,0.0,5.0,2020-01-15 09:47:39.579417,313.65,313.68,0
2020-01-15 09:47:40,N,AAPL,313.65,1.0,313.68,2.0,-2.0,0.0,2020-01-15 09:47:40.186045,313.58,313.61,-1
2020-01-15 09:47:41,N,AAPL,313.58,10.0,313.61,5.0,9.0,1.0,2020-01-15 09:47:41.465011,313.59,313.63,0
2020-01-15 09:47:42,N,AAPL,313.59,1.0,313.63,6.0,-9.0,3.0,2020-01-15 09:47:42.488506,313.6,313.63,0
2020-01-15 09:47:43,N,AAPL,313.6,1.0,313.63,2.0,-1.0,1.0,2020-01-15 09:47:43.421047,313.62,313.64,0
2020-01-15 09:47:45,N,AAPL,313.62,4.0,313.64,8.0,2.0,7.0,2020-01-15 09:47:45.655310,313.61,313.63,0
2020-01-15 09:47:46,N,AAPL,313.61,2.0,313.63,2.0,-1.0,-6.0,2020-01-15 09:47:46.053710,313.62,313.64,0
2020-01-15 09:47:47,N,AAPL,313.62,5.0,313.64,4.0,4.0,2.0,2020-01-15 09:47:47.338433,313.66,313.7,1
2020-01-15 09:47:49,N,AAPL,313.66,3.0,313.7,4.0,-1.0,3.0,2020-01-15 09:47:49.126733,313.67,313.7,0
2020-01-15 09:47:50,N,AAPL,313.67,2.0,313.7,2.0,0.0,0.0,2020-01-15 09:47:50.455900,313.65,313.67,0
2020-01-15 09:47:52,N,AAPL,313.65,1.0,313.67,1.0,-1.0,-1.0,2020-01-15 09:47:52.084815,313.63,313.65,0
2020-01-15 09:47:53,N,AAPL,313.63,1.0,313.65,2.0,0.0,0.0,2020-01-15 09:47:53.140999,313.61,313.64,0
2020-01-15 09:47:54,N,AAPL,313.61,1.0,313.64,4.0,-1.0,3.0,2020-01-15 09:47:54.236352,313.6,313.62,0
2020-01-15 09:47:56,N,AAPL,313.6,1.0,313.62,2.0,0.0,-1.0,2020-01-15 09:47:56.034824,313.6,313.63,0
2020-01-15 09:47:58,N,AAPL,313.6,3.0,313.63,1.0,2.0,-1.0,2020-01-15 09:47:58.324346,313.62,313.64,0
2020-01-15 09:47:59,N,AAPL,313.62,2.0,313.64,1.0,0.0,0.0,2020-01-15 09:47:59.317314,313.59,313.63,0
2020-01-15 09:48:00,N,AAPL,313.59,2.0,313.63,2.0,0.0,0.0,2020-01-15 09:48:00.146063,313.53,313.56,-1
2020-01-15 09:48:01,N,AAPL,313.53,2.0,313.56,4.0,0.0,3.0,2020-01-15 09:48:01.114301,313.53,313.55,0
2020-01-15 09:48:02,N,AAPL,313.53,1.0,313.55,2.0,0.0,-1.0,2020-01-15 09:48:02.268194,313.52,313.55,0
2020-01-15 09:48:03,N,AAPL,313.52,1.0,313.55,1.0,-1.0,-2.0,2020-01-15 09:48:03.046746,313.48,313.51,-1
2020-01-15 09:48:04,N,AAPL,313.48,1.0,313.51,3.0,-1.0,1.0,2020-01-15 09:48:04.061356,313.5,313.51,0
2020-01-15 09:48:05,N,AAPL,313.5,2.0,313.51,2.0,1.0,-1.0,2020-01-15 09:48:05.073783,313.48,313.5,0
2020-01-15 09:48:06,N,AAPL,313.48,1.0,313.5,5.0,-1.0,4.0,2020-01-15 09:48:06.103584,313.51,313.52,1
2020-01-15 09:48:07,N,AAPL,313.51,5.0,313.52,8.0,3.0,7.0,2020-01-15 09:48:07.283388,313.54,313.56,1
2020-01-15 09:48:08,N,AAPL,313.54,1.0,313.56,4.0,0.0,3.0,2020-01-15 09:48:08.144969,313.53,313.57,0
2020-01-15 09:48:09,N,AAPL,313.53,2.0,313.57,4.0,-1.0,0.0,2020-01-15 09:48:09.108706,313.54,313.57,0
2020-01-15 09:48:10,N,AAPL,313.54,4.0,313.57,4.0,2.0,0.0,2020-01-15 09:48:10.308192,313.51,313.53,-1
2020-01-15 09:48:11,N,AAPL,313.51,3.0,313.53,2.0,1.0,1.0,2020-01-15 09:48:11.134008,313.54,313.56,1
2020-01-15 09:48:12,N,AAPL,313.54,1.0,313.56,1.0,-1.0,-2.0,2020-01-15 09:48:12.031246,313.54,313.57,0
2020-01-15 09:48:13,N,AAPL,313.54,2.0,313.57,3.0,0.0,2.0,2020-01-15 09:48:13.398523,313.49,313.51,-1
2020-01-15 09:48:14,N,AAPL,313.49,2.0,313.51,8.0,-3.0,6.0,2020-01-15 09:48:14.029583,313.58,313.61,1
2020-01-15 09:48:15,N,AAPL,313.58,1.0,313.61,2.0,0.0,0.0,2020-01-15 09:48:15.208605,313.58,313.62,0
2020-01-15 09:48:16,N,AAPL,313.58,1.0,313.62,2.0,-1.0,-2.0,2020-01-15 09:48:16.558744,313.57,313.59,0
2020-01-15 09:48:17,N,AAPL,313.57,2.0,313.59,2.0,1.0,0.0,2020-01-15 09:48:17.202150,313.54,313.57,0
2020-01-15 09:48:18,N,AAPL,313.54,2.0,313.57,5.0,-1.0,1.0,2020-01-15 09:48:18.110595,313.55,313.56,0
2020-01-15 09:48:19,N,AAPL,313.55,1.0,313.56,2.0,-2.0,1.0,2020-01-15 09:48:19.023085,313.54,313.56,0
2020-01-15 09:48:20,N,AAPL,313.54,1.0,313.56,2.0,0.0,1.0,2020-01-15 09:48:20.376197,313.53,313.54,0
2020-01-15 09:48:21,N,AAPL,313.53,4.0,313.54,4.0,-1.0,0.0,2020-01-15 09:48:21.001251,313.53,313.55,0
2020-01-15 09:48:22,N,AAPL,313.53,4.0,313.55,5.0,0.0,4.0,2020-01-15 09:48:22.064972,313.55,313.58,0
2020-01-15 09:48:23,N,AAPL,313.55,2.0,313.58,4.0,0.0,2.0,2020-01-15 09:48:23.007542,313.55,313.58,0
2020-01-15 09:48:25,N,AAPL,313.55,2.0,313.58,1.0,1.0,0.0,2020-01-15 09:48:25.064557,313.51,313.53,-1
2020-01-15 09:48:26,N,AAPL,313.51,23.0,313.53,2.0,17.0,0.0,2020-01-15 09:48:26.175457,313.5,313.5,-1
2020-01-15 09:48:27,N,AAPL,313.5,1.0,313.5,1.0,-22.0,-1.0,2020-01-15 09:48:27.024141,313.4,313.42,-1
2020-01-15 09:48:28,N,AAPL,313.4,6.0,313.42,3.0,3.0,2.0,2020-01-15 09:48:28.014428,313.44,313.48,1
2020-01-15 09:48:29,N,AAPL,313.44,2.0,313.48,3.0,1.0,2.0,2020-01-15 09:48:29.285384,313.42,313.44,0
2020-01-15 09:48:30,N,AAPL,313.42,1.0,313.44,5.0,-1.0,2.0,2020-01-15 09:48:30.097487,313.42,313.45,0
2020-01-15 09:48:32,N,AAPL,313.42,3.0,313.45,1.0,0.0,-1.0,2020-01-15 09:48:32.096744,313.35,313.38,-1
2020-01-15 09:48:33,N,AAPL,313.35,1.0,313.38,1.0,0.0,-1.0,2020-01-15 09:48:33.091025,313.34,313.37,0
2020-01-15 09:48:34,N,AAPL,313.34,1.0,313.37,1.0,-1.0,-1.0,2020-01-15 09:48:34.653059,313.32,313.34,0
2020-01-15 09:48:35,N,AAPL,313.32,1.0,313.34,2.0,0.0,-1.0,2020-01-15 09:48:35.469146,313.31,313.36,0
2020-01-15 09:48:36,N,AAPL,313.31,4.0,313.36,3.0,3.0,0.0,2020-01-15 09:48:36.003650,313.32,313.34,0
2020-01-15 09:48:37,N,AAPL,313.32,2.0,313.34,1.0,0.0,0.0,2020-01-15 09:48:37.033432,313.3,313.33,0
2020-01-15 09:48:38,N,AAPL,313.3,2.0,313.33,4.0,0.0,2.0,2020-01-15 09:48:38.212054,313.32,313.35,0
2020-01-15 09:48:39,N,AAPL,313.32,2.0,313.35,1.0,0.0,-5.0,2020-01-15 09:48:39.156931,313.31,313.32,0
2020-01-15 09:48:40,N,AAPL,313.31,1.0,313.32,2.0,0.0,1.0,2020-01-15 09:48:40.112497,313.2,313.24,-1
2020-01-15 09:48:41,N,AAPL,313.2,2.0,313.24,1.0,0.0,0.0,2020-01-15 09:48:41.104993,313.26,313.29,1
2020-01-15 09:48:42,N,AAPL,313.26,1.0,313.29,2.0,-1.0,1.0,2020-01-15 09:48:42.506198,313.27,313.3,0
2020-01-15 09:48:43,N,AAPL,313.27,2.0,313.3,3.0,1.0,-2.0,2020-01-15 09:48:43.000095,313.27,313.3,0
2020-01-15 09:48:44,N,AAPL,313.27,2.0,313.3,3.0,0.0,2.0,2020-01-15 09:48:44.020070,313.31,313.34,1
2020-01-15 09:48:45,N,AAPL,313.31,1.0,313.34,2.0,-1.0,1.0,2020-01-15 09:48:45.881056,313.3,313.34,0
2020-01-15 09:48:46,N,AAPL,313.3,1.0,313.34,4.0,-1.0,2.0,2020-01-15 09:48:46.237029,313.39,313.42,1
2020-01-15 09:48:47,N,AAPL,313.39,4.0,313.42,1.0,-2.0,0.0,2020-01-15 09:48:47.000268,313.39,313.41,0
2020-01-15 09:48:49,N,AAPL,313.39,2.0,313.41,1.0,1.0,-3.0,2020-01-15 09:48:49.111656,313.44,313.46,1
2020-01-15 09:48:50,N,AAPL,313.44,1.0,313.46,1.0,-2.0,0.0,2020-01-15 09:48:50.183384,313.53,313.57,1
2020-01-15 09:48:51,N,AAPL,313.53,1.0,313.57,3.0,-2.0,2.0,2020-01-15 09:48:51.174639,313.49,313.53,0
2020-01-15 09:48:52,N,AAPL,313.49,3.0,313.53,3.0,0.0,0.0,2020-01-15 09:48:52.246743,313.46,313.48,-1
2020-01-15 09:48:53,N,AAPL,313.46,2.0,313.48,1.0,1.0,0.0,2020-01-15 09:48:53.166649,313.43,313.45,-1
2020-01-15 09:48:55,N,AAPL,313.43,1.0,313.45,2.0,0.0,1.0,2020-01-15 09:48:55.111615,313.47,313.51,1
2020-01-15 09:48:56,N,AAPL,313.47,2.0,313.51,2.0,-1.0,1.0,2020-01-15 09:48:56.240126,313.5,313.53,0
2020-01-15 09:48:57,N,AAPL,313.5,1.0,313.53,2.0,-2.0,0.0,2020-01-15 09:48:57.494336,313.5,313.53,0
2020-01-15 09:48:58,N,AAPL,313.5,1.0,313.53,2.0,0.0,0.0,2020-01-15 09:48:58.167234,313.48,313.52,0
2020-01-15 09:48:59,N,AAPL,313.48,2.0,313.52,2.0,1.0,0.0,2020-01-15 09:48:59.072972,313.49,313.52,0
2020-01-15 09:49:00,N,AAPL,313.49,1.0,313.52,2.0,0.0,-1.0,2020-01-15 09:49:00.006416,313.55,313.58,1
2020-01-15 09:49:01,N,AAPL,313.55,1.0,313.58,2.0,-1.0,1.0,2020-01-15 09:49:01.420162,313.56,313.6,0
2020-01-15 09:49:02,N,AAPL,313.56,1.0,313.6,2.0,-2.0,-1.0,2020-01-15 09:49:02.422171,313.59,313.61,0
2020-01-15 09:49:03,N,AAPL,313.59,4.0,313.61,1.0,3.0,-1.0,2020-01-15 09:49:03.108816,313.63,313.66,1
2020-01-15 09:49:04,N,AAPL,313.63,1.0,313.66,2.0,-1.0,0.0,2020-01-15 09:49:04.297324,313.67,313.7,1
2020-01-15 09:49:05,N,AAPL,313.67,1.0,313.7,2.0,-2.0,1.0,2020-01-15 09:49:05.004496,313.7,313.72,0
2020-01-15 09:49:06,N,AAPL,313.7,2.0,313.72,1.0,-1.0,-1.0,2020-01-15 09:49:06.246607,313.75,313.78,1
2020-01-15 09:49:07,N,AAPL,313.75,1.0,313.78,2.0,-1.0,1.0,2020-01-15 09:49:07.161382,313.75,313.78,0
2020-01-15 09:49:08,N,AAPL,313.75,2.0,313.78,1.0,-2.0,0.0,2020-01-15 09:49:08.195244,313.71,313.73,-1
2020-01-15 09:49:09,N,AAPL,313.71,2.0,313.73,2.0,0.0,-1.0,2020-01-15 09:49:09.012458,313.7,313.72,0
2020-01-15 09:49:10,N,AAPL,313.7,1.0,313.72,5.0,0.0,2.0,2020-01-15 09:49:10.121326,313.67,313.72,0
2020-01-15 09:49:11,N,AAPL,313.67,3.0,313.72,2.0,1.0,0.0,2020-01-15 09:49:11.011334,313.74,313.78,1
2020-01-15 09:49:12,N,AAPL,313.74,1.0,313.78,5.0,0.0,1.0,2020-01-15 09:49:12.107146,313.74,313.77,0
2020-01-15 09:49:13,N,AAPL,313.74,1.0,313.77,2.0,-2.0,1.0,2020-01-15 09:49:13.506101,313.72,313.76,0
2020-01-15 09:49:14,N,AAPL,313.72,2.0,313.76,1.0,0.0,-2.0,2020-01-15 09:49:14.065768,313.75,313.79,0
2020-01-15 09:49:15,N,AAPL,313.75,3.0,313.79,2.0,1.0,1.0,2020-01-15 09:49:15.615024,313.74,313.77,0
2020-01-15 09:49:16,N,AAPL,313.74,5.0,313.77,3.0,2.0,0.0,2020-01-15 09:49:16.045954,313.77,313.79,0
2020-01-15 09:49:17,N,AAPL,313.77,2.0,313.79,1.0,1.0,-2.0,2020-01-15 09:49:17.245488,313.73,313.76,-1
2020-01-15 09:49:18,N,AAPL,313.73,1.0,313.76,1.0,-1.0,-1.0,2020-01-15 09:49:18.205553,313.84,313.88,1
2020-01-15 09:49:19,N,AAPL,313.84,2.0,313.88,2.0,1.0,0.0,2020-01-15 09:49:19.052724,313.89,313.9,1
2020-01-15 09:49:21,N,AAPL,313.89,4.0,313.9,1.0,3.0,0.0,2020-01-15 09:49:21.043738,313.87,313.9,0
2020-01-15 09:49:22,N,AAPL,313.87,1.0,313.9,7.0,0.0,6.0,2020-01-15 09:49:22.721746,313.83,313.86,-1
2020-01-15 09:49:23,N,AAPL,313.83,2.0,313.86,2.0,0.0,0.0,2020-01-15 09:49:23.247979,313.89,313.91,1
2020-01-15 09:49:24,N,AAPL,313.89,1.0,313.91,2.0,-2.0,-1.0,2020-01-15 09:49:24.357218,313.89,313.92,0
2020-01-15 09:49:25,N,AAPL,313.89,1.0,313.92,3.0,-2.0,0.0,2020-01-15 09:49:25.265870,313.86,313.9,0
2020-01-15 09:49:26,N,AAPL,313.86,2.0,313.9,1.0,1.0,0.0,2020-01-15 09:49:26.004936,313.88,313.91,0
2020-01-15 09:49:27,N,AAPL,313.88,1.0,313.91,1.0,-2.0,0.0,2020-01-15 09:49:27.299216,313.89,313.92,0
2020-01-15 09:49:28,N,AAPL,313.89,2.0,313.92,3.0,1.0,2.0,2020-01-15 09:49:28.101052,313.95,313.98,1
2020-01-15 09:49:29,N,AAPL,313.95,3.0,313.98,2.0,0.0,-1.0,2020-01-15 09:49:29.000019,313.96,313.98,0
2020-01-15 09:49:30,N,AAPL,313.96,2.0,313.98,2.0,1.0,-2.0,2020-01-15 09:49:30.140972,313.91,313.95,-1
2020-01-15 09:49:31,N,AAPL,313.91,3.0,313.95,2.0,1.0,1.0,2020-01-15 09:49:31.381126,313.92,313.95,0
2020-01-15 09:49:32,N,AAPL,313.92,1.0,313.95,1.0,0.0,-2.0,2020-01-15 09:49:32.512190,313.91,313.94,0
2020-01-15 09:49:33,N,AAPL,313.91,3.0,313.94,3.0,2.0,0.0,2020-01-15 09:49:33.342530,313.92,313.94,0
2020-01-15 09:49:34,N,AAPL,313.92,1.0,313.94,1.0,-1.0,0.0,2020-01-15 09:49:34.306923,313.9,313.92,0
2020-01-15 09:49:35,N,AAPL,313.9,1.0,313.92,6.0,0.0,5.0,2020-01-15 09:49:35.091233,313.91,313.95,0
2020-01-15 09:49:36,N,AAPL,313.91,1.0,313.95,1.0,-1.0,0.0,2020-01-15 09:49:36.143120,313.94,313.97,0
2020-01-15 09:49:37,N,AAPL,313.94,4.0,313.97,1.0,2.0,-1.0,2020-01-15 09:49:37.765500,313.9,313.94,0
2020-01-15 09:49:38,N,AAPL,313.9,2.0,313.94,2.0,-2.0,0.0,2020-01-15 09:49:38.170165,313.93,313.96,0
