,last_interval,Exchange,Symbol,Best_Bid_Price,FB0,Best_Offer_Price,FA0,FB2,FA2,p_time,Next_Best_Bid,Next_Best_Offer,outcome,Spread,AWS,Anomaly,Spread Change,Quote IMB,VPIN
0,2020-01-06 09:30:00,N,AAPL,293.65,1.0,293.74,1.0,0.0,0.0,2020-01-06 09:30:00.204270,293.68,293.81,0,0.09000000000003183,0.09000000000003183,0,0,0.0,0.0004
1,2020-01-06 09:30:01,N,AAPL,293.68,1.0,293.81,1.0,0.0,0.0,2020-01-06 09:30:01.035059,293.24,293.41,-1,0.12999999999999545,0.11000000000001364,0,1,0.0,0.0004
2,2020-01-06 09:30:02,N,AAPL,293.24,1.0,293.41,2.0,0.0,-1.0,2020-01-06 09:30:02.250242,292.95,293.18,-1,0.17000000000001592,0.0691666666666606,1,1,-0.3333333333333333,0.0004
3,2020-01-06 09:30:03,N,AAPL,292.95,1.0,293.18,1.0,-1.0,-1.0,2020-01-06 09:30:03.428873,292.78,292.86,-1,0.2300000000000182,0.12999999999999545,1,1,0.0,0.0004
4,2020-01-06 09:30:06,N,AAPL,292.78,1.0,292.86,1.0,0.0,-1.0,2020-01-06 09:30:06.473577,292.89,292.99,1,0.08000000000004093,0.1416666666666515,1,-1,0.0,0.0004
5,2020-01-06 09:30:08,N,AAPL,292.89,2.0,292.99,3.0,1.0,2.0,2020-01-06 09:30:08.583422,293.03,293.1,1,0.10000000000002274,0.11015873015873012,0,1,-0.2,0.0004
6,2020-01-06 09:30:09,N,AAPL,293.03,1.0,293.1,3.0,-1.0,1.0,2020-01-06 09:30:09.239904,293.06,293.26,0,0.07000000000005002,0.08458333333339851,1,-1,-0.5,0.0004
7,2020-01-06 09:30:11,N,AAPL,293.06,20.0,293.26,1.0,19.0,-2.0,2020-01-06 09:30:11.063091,292.92,293.01,-1,0.19999999999998863,0.14365384615388166,1,1,0.9047619047619048,0.0004
8,2020-01-06 09:30:14,N,AAPL,292.92,4.0,293.01,1.0,-16.0,0.0,2020-01-06 09:30:14.202714,293.02,293.25,1,0.08999999999997499,0.14852678571435263,1,-1,0.6,0.0004
9,2020-01-06 09:30:17,N,AAPL,293.02,2.0,293.25,2.0,-2.0,1.0,2020-01-06 09:30:17.827270,293.24,293.43,0,0.2300000000000182,0.1559191176471586,1,1,0.0,0.0004
10,2020-01-06 09:30:21,N,AAPL,293.24,1.0,293.43,1.0,-1.0,-1.0,2020-01-06 09:30:21.459609,293.12,293.29,0,0.18999999999999773,0.1633781512606447,1,-1,0.0,0.0004
11,2020-01-06 09:30:22,N,AAPL,293.12,1.0,293.29,1.0,-1.0,-1.0,2020-01-06 09:30:22.695528,293.17,293.36,0,0.17000000000001592,0.16527777777787378,1,-1,0.0,0.0004
12,2020-01-06 09:30:24,N,AAPL,293.17,2.0,293.36,2.0,1.0,1.0,2020-01-06 09:30:24.572911,293.46,293.37,1,0.18999999999999773,0.17265789473691484,1,1,0.0,0.0004
13,2020-01-06 09:30:25,N,AAPL,293.46,4.0,293.37,1.0,3.0,0.0,2020-01-06 09:30:25.808038,293.23,293.45,-1,-0.08999999999997499,0.1416666666667652,0,-1,0.6,0.0004
14,2020-01-06 09:30:26,N,AAPL,293.23,1.0,293.45,4.0,-1.0,3.0,2020-01-06 09:30:26.398692,293.21,293.41,0,0.21999999999997044,0.17077209302334495,1,1,-0.6,0.0004
15,2020-01-06 09:30:28,N,AAPL,293.21,1.0,293.41,1.0,0.0,-3.0,2020-01-06 09:30:28.556454,293.22,293.4,0,0.20000000000004547,0.17344405594405998,1,-1,0.0,0.0004
16,2020-01-06 09:30:29,N,AAPL,293.22,1.0,293.4,1.0,0.0,0.0,2020-01-06 09:30:29.108590,293.32,293.4,0,0.17999999999994998,0.17525925925923502,1,-1,0.0,0.0004
17,2020-01-06 09:30:30,N,AAPL,293.32,2.0,293.4,2.0,1.0,1.0,2020-01-06 09:30:30.069046,293.28,293.37,0,0.07999999999998408,0.174071900220099,1,-1,0.0,0.0004
18,2020-01-06 09:30:31,N,AAPL,293.28,1.0,293.37,1.0,-1.0,0.0,2020-01-06 09:30:31.001510,293.27,293.34,0,0.09000000000003183,0.1732083333333776,1,1,0.0,0.0004
19,2020-01-06 09:30:33,N,AAPL,293.27,2.0,293.34,2.0,1.0,-2.0,2020-01-06 09:30:33.240399,293.36,293.4,1,0.06999999999999318,0.1699500000000853,1,-1,0.0,0.0004
20,2020-01-06 09:30:35,N,AAPL,293.36,2.0,293.4,4.0,0.0,3.0,2020-01-06 09:30:35.192035,293.42,293.48,1,0.03999999999996362,0.17194444444447754,1,-1,-0.3333333333333333,0.0004
21,2020-01-06 09:30:36,N,AAPL,293.42,4.0,293.48,4.0,1.0,-6.0,2020-01-06 09:30:36.068874,293.64,293.68,1,0.060000000000002274,0.16867857142864295,1,1,0.0,0.0004
22,2020-01-06 09:30:37,N,AAPL,293.64,4.0,293.68,2.0,3.0,-3.0,2020-01-06 09:30:37.059068,293.69,293.72,1,0.040000000000020464,0.15345238095250124,0,-1,0.3333333333333333,0.0004
23,2020-01-06 09:30:38,N,AAPL,293.69,2.0,293.72,1.0,-1.0,0.0,2020-01-06 09:30:38.070809,293.9,293.96,1,0.03000000000002956,0.14611777944492133,0,-1,0.3333333333333333,0.0004
24,2020-01-06 09:30:39,N,AAPL,293.9,2.0,293.96,2.0,0.0,0.0,2020-01-06 09:30:39.032516,293.94,293.98,0,0.060000000000002274,0.1513923611111636,0,1,0.0,0.0004
25,2020-01-06 09:30:40,N,AAPL,293.94,4.0,293.98,2.0,3.0,0.0,2020-01-06 09:30:40.174520,293.81,293.88,-1,0.040000000000020464,0.13512828535681365,0,-1,0.3333333333333333,0.0004
26,2020-01-06 09:30:41,N,AAPL,293.81,2.0,293.88,1.0,0.0,-9.0,2020-01-06 09:30:41.373153,293.7,293.74,-1,0.06999999999999318,0.1296190476191441,1,1,0.3333333333333333,0.0004
27,2020-01-06 09:30:42,N,AAPL,293.7,1.0,293.74,2.0,0.0,0.0,2020-01-06 09:30:42.039479,293.56,293.66,-1,0.040000000000020464,0.13669295774650436,0,-1,-0.3333333333333333,0.0004
28,2020-01-06 09:30:45,N,AAPL,293.56,1.0,293.66,1.0,0.0,0.0,2020-01-06 09:30:45.022608,293.61,293.68,0,0.10000000000002274,0.13749183006541443,0,1,0.0,0.0004
29,2020-01-06 09:30:47,N,AAPL,293.61,2.0,293.68,2.0,1.0,0.0,2020-01-06 09:30:47.172089,293.58,293.62,0,0.06999999999999318,0.13828403875572803,0,-1,0.0,0.0004
30,2020-01-06 09:30:48,N,AAPL,293.58,2.0,293.62,3.0,-1.0,0.0,2020-01-06 09:30:48.164451,293.57,293.61,0,0.040000000000020464,0.1404699248120096,0,-1,-0.2,0.0004
31,2020-01-06 09:30:49,N,AAPL,293.57,1.0,293.61,2.0,0.0,-2.0,2020-01-06 09:30:49.019289,293.55,293.59,0,0.040000000000020464,0.14251231527094887,0,1,-0.3333333333333333,0.0004
32,2020-01-06 09:30:50,N,AAPL,293.55,2.0,293.59,2.0,1.0,1.0,2020-01-06 09:30:50.210623,293.5,293.58,0,0.03999999999996362,0.14096202531646895,0,-1,0.0,0.0004
33,2020-01-06 09:30:51,N,AAPL,293.5,4.0,293.58,1.0,2.0,0.0,2020-01-06 09:30:51.063110,293.45,293.51,0,0.07999999999998408,0.13433537428403497,1,1,0.6,0.0004
34,2020-01-06 09:30:52,N,AAPL,293.45,10.0,293.51,2.0,9.0,0.0,2020-01-06 09:30:52.378222,293.42,293.5,0,0.060000000000002274,0.12300051203277462,1,-1,0.6666666666666666,0.0004
35,2020-01-06 09:30:53,N,AAPL,293.42,1.0,293.5,1.0,0.0,-1.0,2020-01-06 09:30:53.064346,293.42,293.53,0,0.07999999999998408,0.12270611702132328,1,1,0.0,0.0004
36,2020-01-06 09:30:54,N,AAPL,293.42,2.0,293.53,2.0,-2.0,0.0,2020-01-06 09:30:54.034146,293.4,293.47,0,0.1099999999999568,0.12303030303036167,1,1,0.0,0.0004
37,2020-01-06 09:30:55,N,AAPL,293.4,1.0,293.47,1.0,0.0,-3.0,2020-01-06 09:30:55.068183,293.35,293.44,0,0.07000000000005002,0.12248499769202681,1,-1,0.0,0.0004
38,2020-01-06 09:30:56,N,AAPL,293.35,1.0,293.44,2.0,0.0,0.0,2020-01-06 09:30:56.242396,293.4,293.48,0,0.08999999999997499,0.12159568175104596,1,1,-0.3333333333333333,0.0004
39,2020-01-06 09:30:57,N,AAPL,293.4,2.0,293.48,4.0,0.0,3.0,2020-01-06 09:30:57.042811,293.44,293.51,0,0.08000000000004093,0.12115205479460656,1,-1,-0.3333333333333333,0.0004
40,2020-01-06 09:30:58,N,AAPL,293.44,7.0,293.51,4.0,5.0,-2.0,2020-01-06 09:30:58.686437,293.48,293.55,0,0.06999999999999318,0.11725937613795168,1,-1,0.2727272727272727,0.0004
41,2020-01-06 09:30:59,N,AAPL,293.48,3.0,293.55,2.0,-4.0,-2.0,2020-01-06 09:30:59.171351,293.61,293.71,1,0.06999999999999318,0.11581703107026442,1,1,0.2,0.0004
42,2020-01-06 09:31:00,N,AAPL,293.61,1.0,293.71,9.0,-1.0,8.0,2020-01-06 09:31:00.203539,293.69,293.77,0,0.0999999999999659,0.13772727272737484,0,1,-0.8,0.0004
43,2020-01-06 09:31:01,N,AAPL,293.69,2.0,293.77,1.0,0.0,0.0,2020-01-06 09:31:01.092608,293.84,293.91,1,0.07999999999998408,0.1349458088893698,0,-1,0.3333333333333333,0.0004
44,2020-01-06 09:31:03,N,AAPL,293.84,2.0,293.91,3.0,0.0,2.0,2020-01-06 09:31:03.041837,293.84,293.92,0,0.07000000000005002,0.14004347826096364,0,-1,-0.2,0.0004
45,2020-01-06 09:31:04,N,AAPL,293.84,2.0,293.92,1.0,0.0,0.0,2020-01-06 09:31:04.215519,294.06,294.11,1,0.08000000000004093,0.13644334160471772,0,1,0.3333333333333333,0.0004
46,2020-01-06 09:31:05,N,AAPL,294.06,2.0,294.11,1.0,1.0,-9.0,2020-01-06 09:31:05.468263,294.15,294.19,1,0.05000000000001137,0.13134185589126446,1,-1,0.3333333333333333,0.0004
47,2020-01-06 09:31:06,N,AAPL,294.15,1.0,294.19,1.0,-1.0,0.0,2020-01-06 09:31:06.001012,294.24,294.3,1,0.040000000000020464,0.13203947368418767,1,-1,0.0,0.0004
48,2020-01-06 09:31:07,N,AAPL,294.24,2.0,294.3,1.0,0.0,-6.0,2020-01-06 09:31:07.227764,294.24,294.33,0,0.060000000000002274,0.12626707650269964,1,1,0.3333333333333333,0.0004
49,2020-01-06 09:31:09,N,AAPL,294.24,2.0,294.33,1.0,1.0,-1.0,2020-01-06 09:31:09.637307,294.14,294.27,0,0.08999999999997499,0.12108330562011815,1,1,0.3333333333333333,0.00055
50,2020-01-06 09:31:10,N,AAPL,294.14,2.0,294.27,3.0,0.0,-1.0,2020-01-06 09:31:10.063100,294.23,294.29,0,0.12999999999999545,0.13142539682530696,1,1,-0.2,0.00055
51,2020-01-06 09:31:11,N,AAPL,294.23,3.0,294.29,2.0,1.0,1.0,2020-01-06 09:31:11.317096,294.2,294.31,0,0.060000000000002274,0.12713634290918208,1,-1,0.2,0.00055
52,2020-01-06 09:31:12,N,AAPL,294.2,4.0,294.31,2.0,2.0,0.0,2020-01-06 09:31:12.104574,294.15,294.23,0,0.11000000000001364,0.11874493927115282,1,1,0.3333333333333333,0.00055
53,2020-01-06 09:31:13,N,AAPL,294.15,2.0,294.23,2.0,1.0,-2.0,2020-01-06 09:31:13.075368,294.15,294.22,0,0.08000000000004093,0.12073375262042418,1,-1,0.0,0.00055
54,2020-01-06 09:31:14,N,AAPL,294.15,2.0,294.22,1.0,1.0,-1.0,2020-01-06 09:31:14.504262,294.18,294.24,0,0.07000000000005002,0.11678695681820273,1,-1,0.3333333333333333,0.00055
55,2020-01-06 09:31:15,N,AAPL,294.18,1.0,294.24,3.0,0.0,2.0,2020-01-06 09:31:15.034065,294.2,294.27,0,0.060000000000002274,0.12888537549395096,1,-1,-0.5,0.00055
56,2020-01-06 09:31:16,N,AAPL,294.2,4.0,294.27,2.0,3.0,-9.0,2020-01-06 09:31:16.639661,294.28,294.35,1,0.06999999999999318,0.12065140845055566,1,1,0.3333333333333333,0.00055
57,2020-01-06 09:31:17,N,AAPL,294.28,2.0,294.35,2.0,0.0,1.0,2020-01-06 09:31:17.017659,294.23,294.31,0,0.07000000000005002,0.12252923976592456,1,1,0.0,0.00055
58,2020-01-06 09:31:18,N,AAPL,294.23,6.0,294.31,2.0,4.0,1.0,2020-01-06 09:31:18.053667,294.21,294.3,0,0.07999999999998408,0.10594712643666071,1,1,0.5,0.00055
59,2020-01-06 09:31:19,N,AAPL,294.21,2.0,294.3,7.0,0.0,6.0,2020-01-06 09:31:19.167628,294.16,294.24,0,0.09000000000003183,0.13341463414622012,0,1,-0.5555555555555556,0.00055
60,2020-01-06 09:31:20,N,AAPL,294.16,3.0,294.24,2.0,1.0,0.0,2020-01-06 09:31:20.222882,294.2,294.3,0,0.07999999999998408,0.1305806451611602,0,-1,0.2,0.00055
61,2020-01-06 09:31:21,N,AAPL,294.2,4.0,294.3,2.0,3.0,0.0,2020-01-06 09:31:21.182096,294.16,294.25,0,0.10000000000002274,0.12427871044405947,1,1,0.3333333333333333,0.00055
62,2020-01-06 09:31:22,N,AAPL,294.16,1.0,294.25,4.0,0.0,2.0,2020-01-06 09:31:22.002524,294.17,294.24,0,0.08999999999997499,0.1369045801525317,0,-1,-0.6,0.00055
63,2020-01-06 09:31:23,N,AAPL,294.17,2.0,294.24,2.0,1.0,0.0,2020-01-06 09:31:23.015452,294.14,294.22,0,0.06999999999999318,0.13743154181753425,0,-1,0.0,0.00055
64,2020-01-06 09:31:24,N,AAPL,294.14,4.0,294.22,1.0,3.0,0.0,2020-01-06 09:31:24.081214,294.17,294.24,0,0.08000000000004093,0.12814601690348582,1,1,0.6,0.00055
65,2020-01-06 09:31:25,N,AAPL,294.17,1.0,294.24,2.0,0.0,1.0,2020-01-06 09:31:25.244756,294.25,294.29,1,0.06999999999999318,0.1320825995069299,0,-1,-0.3333333333333333,0.00055
66,2020-01-06 09:31:26,N,AAPL,294.25,2.0,294.29,1.0,0.0,0.0,2020-01-06 09:31:26.199304,294.21,294.29,0,0.040000000000020464,0.12856994773903807,1,-1,0.3333333333333333,0.00055
67,2020-01-06 09:31:27,N,AAPL,294.21,4.0,294.29,4.0,2.0,2.0,2020-01-06 09:31:27.027596,294.3,294.35,1,0.08000000000004093,0.13022998401197583,0,1,0.0,0.00055
68,2020-01-06 09:31:28,N,AAPL,294.3,2.0,294.35,1.0,1.0,-2.0,2020-01-06 09:31:28.288006,294.3,294.36,0,0.05000000000001137,0.12678953722348751,1,-1,0.3333333333333333,0.00055
69,2020-01-06 09:31:29,N,AAPL,294.3,2.0,294.36,4.0,0.0,3.0,2020-01-06 09:31:29.361946,294.24,294.3,0,0.060000000000002274,0.135391997523584,0,1,-0.3333333333333333,0.00055
70,2020-01-06 09:31:30,N,AAPL,294.24,2.0,294.3,4.0,0.0,0.0,2020-01-06 09:31:30.302495,294.18,294.23,-1,0.060000000000002274,0.14237914338929158,1,1,-0.3333333333333333,0.00055
71,2020-01-06 09:31:31,N,AAPL,294.18,1.0,294.23,2.0,-1.0,0.0,2020-01-06 09:31:31.003373,294.18,294.27,0,0.05000000000001137,0.1450730994152991,1,-1,-0.3333333333333333,0.00055
72,2020-01-06 09:31:32,N,AAPL,294.18,4.0,294.27,1.0,0.0,-1.0,2020-01-06 09:31:32.496658,294.21,294.27,0,0.08999999999997499,0.13693840579719563,0,1,0.6,0.00055
73,2020-01-06 09:31:33,N,AAPL,294.21,2.0,294.27,1.0,0.0,0.0,2020-01-06 09:31:33.045491,294.31,294.37,1,0.060000000000002274,0.13418028208354826,0,-1,0.3333333333333333,0.00055
74,2020-01-06 09:31:34,N,AAPL,294.31,2.0,294.37,1.0,1.0,0.0,2020-01-06 09:31:34.152992,294.24,294.33,0,0.060000000000002274,0.13108682223753476,0,1,0.3333333333333333,0.00055
75,2020-01-06 09:31:35,N,AAPL,294.24,1.0,294.33,2.0,0.0,1.0,2020-01-06 09:31:35.082082,294.26,294.33,0,0.08999999999997499,0.13464428942143059,0,1,-0.3333333333333333,0.00055
76,2020-01-06 09:31:36,N,AAPL,294.26,4.0,294.33,1.0,3.0,-1.0,2020-01-06 09:31:36.713873,294.26,294.33,0,0.06999999999999318,0.12610087230279987,1,-1,0.6,0.00055
77,2020-01-06 09:31:37,N,AAPL,294.26,2.0,294.33,2.0,-2.0,0.0,2020-01-06 09:31:37.015176,294.32,294.36,0,0.06999999999999318,0.1266410256411632,1,1,0.0,0.00055
78,2020-01-06 09:31:38,N,AAPL,294.32,1.0,294.36,2.0,-1.0,0.0,2020-01-06 09:31:38.703071,294.39,294.43,1,0.040000000000020464,0.12997291509208253,1,-1,-0.3333333333333333,0.00055
79,2020-01-06 09:31:39,N,AAPL,294.39,4.0,294.43,12.0,2.0,2.0,2020-01-06 09:31:39.613954,294.45,294.49,1,0.040000000000020464,0.15679712643679977,1,1,-0.5,0.00055
80,2020-01-06 09:31:40,N,AAPL,294.45,2.0,294.49,4.0,1.0,3.0,2020-01-06 09:31:40.131511,294.6,294.68,1,0.040000000000020464,0.16323673378576586,1,1,-0.3333333333333333,0.00055
81,2020-01-06 09:31:41,N,AAPL,294.6,4.0,294.68,9.0,3.0,8.0,2020-01-06 09:31:41.057835,294.6,294.64,0,0.07999999999998408,0.18403431805205628,1,1,-0.38461538461538464,0.00055
82,2020-01-06 09:31:42,N,AAPL,294.6,1.0,294.64,4.0,0.0,2.0,2020-01-06 09:31:42.019735,294.59,294.69,0,0.03999999999996362,0.194666514910125,1,-1,-0.6,0.00055
83,2020-01-06 09:31:43,N,AAPL,294.59,1.0,294.69,2.0,-1.0,0.0,2020-01-06 09:31:43.027242,294.5,294.58,-1,0.10000000000002274,0.19831307293742384,1,1,-0.3333333333333333,0.00055
84,2020-01-06 09:31:44,N,AAPL,294.5,1.0,294.58,4.0,-1.0,2.0,2020-01-06 09:31:44.578535,294.48,294.56,0,0.07999999999998408,0.2073805649333167,1,-1,-0.6,0.00055
85,2020-01-06 09:31:45,N,AAPL,294.48,4.0,294.56,2.0,2.0,0.0,2020-01-06 09:31:45.288966,294.47,294.56,0,0.07999999999998408,0.1998546724232142,1,1,0.3333333333333333,0.00055
86,2020-01-06 09:31:46,N,AAPL,294.47,2.0,294.56,2.0,-2.0,0.0,2020-01-06 09:31:46.469533,294.55,294.61,0,0.08999999999997499,0.19920999652902083,1,1,0.0,0.00055
87,2020-01-06 09:31:47,N,AAPL,294.55,2.0,294.61,2.0,-1.0,0.0,2020-01-06 09:31:47.353856,294.51,294.59,0,0.060000000000002274,0.19832512315275608,1,-1,0.0,0.00055
88,2020-01-06 09:31:48,N,AAPL,294.51,4.0,294.59,2.0,3.0,0.0,2020-01-06 09:31:48.055912,294.47,294.51,0,0.07999999999998408,0.1911753669573386,1,1,0.3333333333333333,0.00055
89,2020-01-06 09:31:49,N,AAPL,294.47,1.0,294.51,3.0,-1.0,1.0,2020-01-06 09:31:49.117953,294.41,294.47,0,0.03999999999996362,0.19559641372143233,1,-1,-0.5,0.00055
90,2020-01-06 09:31:50,N,AAPL,294.41,4.0,294.47,2.0,3.0,1.0,2020-01-06 09:31:50.214865,294.41,294.46,0,0.060000000000002274,0.1893788453434695,1,1,0.3333333333333333,0.00055
91,2020-01-06 09:31:51,N,AAPL,294.41,2.0,294.46,1.0,1.0,-1.0,2020-01-06 09:31:51.390025,294.37,294.39,-1,0.049999999999954525,0.1863313793963357,1,-1,0.3333333333333333,0.00206
92,2020-01-06 09:31:52,N,AAPL,294.37,3.0,294.39,2.0,1.0,1.0,2020-01-06 09:31:52.008380,294.33,294.37,0,0.01999999999998181,0.18280287787325733,1,-1,0.2,0.00206
93,2020-01-06 09:31:53,N,AAPL,294.33,2.0,294.37,1.0,1.0,0.0,2020-01-06 09:31:53.054853,294.31,294.39,0,0.040000000000020464,0.18018170149611024,1,1,0.3333333333333333,0.00206
94,2020-01-06 09:31:54,N,AAPL,294.31,5.0,294.39,4.0,2.0,3.0,2020-01-06 09:31:54.028158,294.27,294.37,0,0.07999999999998408,0.17707925371973943,1,1,0.1111111111111111,0.00206
95,2020-01-06 09:31:55,N,AAPL,294.27,4.0,294.37,2.0,2.0,1.0,2020-01-06 09:31:55.119350,294.3,294.36,0,0.10000000000002274,0.1732148760330574,1,1,0.3333333333333333,0.00206
96,2020-01-06 09:31:56,N,AAPL,294.3,4.0,294.36,1.0,2.0,-4.0,2020-01-06 09:31:56.101162,294.28,294.39,0,0.060000000000002274,0.16744159952907012,1,-1,0.6,0.00206
97,2020-01-06 09:31:57,N,AAPL,294.28,2.0,294.39,4.0,-1.0,-5.0,2020-01-06 09:31:57.437691,294.3,294.39,0,0.11000000000001364,0.1705098566308152,1,1,-0.3333333333333333,0.00206
98,2020-01-06 09:31:58,N,AAPL,294.3,1.0,294.39,2.0,0.0,0.0,2020-01-06 09:31:58.020104,294.38,294.45,0,0.08999999999997499,0.17189869610598407,1,-1,-0.3333333333333333,0.00206
99,2020-01-06 09:31:59,N,AAPL,294.38,4.0,294.45,1.0,0.0,0.0,2020-01-06 09:31:59.192145,294.42,294.47,0,0.06999999999999318,0.16555838707438397,1,-1,0.6,0.00206
100,2020-01-06 09:32:00,N,AAPL,294.42,2.0,294.47,2.0,-2.0,1.0,2020-01-06 09:32:00.817742,294.45,294.5,0,0.05000000000001137,0.1650204603580505,1,-1,0.0,0.00206
101,2020-01-06 09:32:01,N,AAPL,294.45,4.0,294.5,2.0,0.0,0.0,2020-01-06 09:32:01.403863,294.46,294.57,0,0.05000000000001137,0.16011632938352705,1,1,0.3333333333333333,0.00206
102,2020-01-06 09:32:02,N,AAPL,294.46,4.0,294.57,2.0,-4.0,1.0,2020-01-06 09:32:02.675245,294.59,294.64,1,0.11000000000001364,0.15586022553702605,1,1,0.3333333333333333,0.00206
103,2020-01-06 09:32:03,N,AAPL,294.59,4.0,294.64,1.0,2.0,-1.0,2020-01-06 09:32:03.003951,294.69,294.74,1,0.05000000000001137,0.14794644991627592,0,-1,0.6,0.00206
104,2020-01-06 09:32:04,N,AAPL,294.69,4.0,294.74,5.0,2.0,3.0,2020-01-06 09:32:04.155752,294.69,294.74,0,0.05000000000001137,0.1506757380073509,0,1,-0.1111111111111111,0.00206
105,2020-01-06 09:32:05,N,AAPL,294.69,2.0,294.74,62.0,-2.0,57.0,2020-01-06 09:32:05.853326,294.66,294.74,0,0.05000000000001137,0.28319809329741474,1,1,-0.9375,0.00206
106,2020-01-06 09:32:06,N,AAPL,294.66,4.0,294.74,61.0,3.0,0.0,2020-01-06 09:32:06.292818,294.66,294.73,0,0.07999999999998408,0.3624316018736522,1,1,-0.8769230769230769,0.00206
107,2020-01-06 09:32:07,N,AAPL,294.66,1.0,294.73,2.0,-3.0,-59.0,2020-01-06 09:32:07.020366,294.68,294.74,0,0.06999999999999318,0.3621985808613317,1,-1,-0.3333333333333333,0.00206
108,2020-01-06 09:32:08,N,AAPL,294.68,7.0,294.74,59.0,3.0,57.0,2020-01-06 09:32:08.002047,294.69,294.79,0,0.060000000000002274,0.405500082754088,1,-1,-0.7878787878787878,0.00206
109,2020-01-06 09:32:09,N,AAPL,294.69,4.0,294.79,3.0,2.0,1.0,2020-01-06 09:32:09.131302,294.68,294.74,0,0.10000000000002274,0.3983339951216749,1,1,0.14285714285714285,0.00351
110,2020-01-06 09:32:10,N,AAPL,294.68,2.0,294.74,4.0,0.0,2.0,2020-01-06 09:32:10.073301,294.68,294.78,0,0.060000000000002274,0.3969189370201889,1,-1,-0.3333333333333333,0.00351
111,2020-01-06 09:32:11,N,AAPL,294.68,1.0,294.78,2.0,-1.0,0.0,2020-01-06 09:32:11.069398,294.71,294.79,0,0.0999999999999659,0.3963971495460328,1,1,-0.3333333333333333,0.00351
112,2020-01-06 09:32:12,N,AAPL,294.71,1.0,294.79,2.0,-2.0,-2.0,2020-01-06 09:32:12.225267,294.71,294.73,0,0.08000000000004093,0.3958179749715782,1,-1,-0.3333333333333333,0.00351
113,2020-01-06 09:32:13,N,AAPL,294.71,1.0,294.73,2.0,0.0,1.0,2020-01-06 09:32:13.270476,294.74,294.84,1,0.020000000000038654,0.3949635735301058,1,-1,-0.3333333333333333,0.00351
114,2020-01-06 09:32:14,N,AAPL,294.74,4.0,294.84,2.0,2.0,-1.0,2020-01-06 09:32:14.014100,294.73,294.79,0,0.0999999999999659,0.3868455611441277,1,1,0.3333333333333333,0.00351
115,2020-01-06 09:32:15,N,AAPL,294.73,2.0,294.79,2.0,0.0,-2.0,2020-01-06 09:32:15.014889,294.64,294.71,-1,0.060000000000002274,0.38377800453508826,1,-1,0.0,0.00351
116,2020-01-06 09:32:16,N,AAPL,294.64,4.0,294.71,4.0,2.0,2.0,2020-01-06 09:32:16.167455,294.64,294.72,0,0.06999999999999318,0.3782527350679743,1,1,0.0,0.00351
117,2020-01-06 09:32:17,N,AAPL,294.64,2.0,294.72,1.0,0.0,0.0,2020-01-06 09:32:17.046186,294.65,294.72,0,0.08000000000004093,0.37483498930208725,1,1,0.3333333333333333,0.00351
118,2020-01-06 09:32:18,N,AAPL,294.65,2.0,294.72,3.0,1.0,2.0,2020-01-06 09:32:18.018412,294.66,294.72,0,0.07000000000005002,0.37291969166682293,1,-1,-0.2,0.00351
119,2020-01-06 09:32:19,N,AAPL,294.66,4.0,294.72,3.0,3.0,2.0,2020-01-06 09:32:19.013674,294.78,294.83,1,0.060000000000002274,0.36681217381430997,1,-1,0.14285714285714285,0.00351
120,2020-01-06 09:32:20,N,AAPL,294.78,2.0,294.83,1.0,1.0,0.0,2020-01-06 09:32:20.018004,294.81,294.85,0,0.05000000000001137,0.3629352090098905,1,-1,0.3333333333333333,0.00351
121,2020-01-06 09:32:22,N,AAPL,294.81,2.0,294.85,2.0,1.0,1.0,2020-01-06 09:32:22.345369,294.85,294.88,0,0.040000000000020464,0.359990888857908,1,-1,0.0,0.00351
122,2020-01-06 09:32:23,N,AAPL,294.85,2.0,294.88,6.0,0.0,4.0,2020-01-06 09:32:23.526989,294.84,294.87,0,0.029999999999972715,0.36123569216493934,1,-1,-0.5,0.00351
123,2020-01-06 09:32:24,N,AAPL,294.84,1.0,294.87,1.0,0.0,-5.0,2020-01-06 09:32:24.287899,294.86,294.9,0,0.03000000000002956,0.3597342886997694,1,1,0.0,0.00351
124,2020-01-06 09:32:25,N,AAPL,294.86,4.0,294.9,18.0,3.0,17.0,2020-01-06 09:32:25.314612,295.06,295.13,1,0.03999999999996362,0.3684882610938871,1,1,-0.6363636363636364,0.00351
125,2020-01-06 09:32:26,N,AAPL,295.06,1.0,295.13,3.0,-1.0,2.0,2020-01-06 09:32:26.768663,295.03,295.12,0,0.06999999999999318,0.36980810520668683,1,1,-0.5,0.00351
126,2020-01-06 09:32:27,N,AAPL,295.03,1.0,295.12,13.0,0.0,10.0,2020-01-06 09:32:27.417378,295.02,295.06,0,0.09000000000003183,0.3852037841191418,1,1,-0.8571428571428571,0.00351
127,2020-01-06 09:32:30,N,AAPL,295.02,2.0,295.06,2.0,1.0,-11.0,2020-01-06 09:32:30.140121,295.06,295.11,0,0.040000000000020464,0.3817812534542213,1,-1,0.0,0.00351
128,2020-01-06 09:32:31,N,AAPL,295.06,2.0,295.11,1.0,1.0,0.0,2020-01-06 09:32:31.519964,295.04,295.11,0,0.05000000000001137,0.3770266368603643,1,1,0.3333333333333333,0.00351
129,2020-01-06 09:32:32,N,AAPL,295.04,1.0,295.11,1.0,-5.0,0.0,2020-01-06 09:32:32.452454,295.07,295.11,0,0.06999999999999318,0.3754054545454437,1,1,0.0,0.00351
130,2020-01-06 09:32:33,N,AAPL,295.07,1.0,295.11,1.0,0.0,0.0,2020-01-06 09:32:33.163762,295.17,295.25,1,0.040000000000020464,0.3737061828005608,1,-1,0.0,0.00351
131,2020-01-06 09:32:35,N,AAPL,295.17,4.0,295.25,13.0,3.0,10.0,2020-01-06 09:32:35.208826,295.17,295.22,0,0.07999999999998408,0.38098466809913134,1,1,-0.5294117647058824,0.00351
132,2020-01-06 09:32:36,N,AAPL,295.17,4.0,295.22,1.0,0.0,-12.0,2020-01-06 09:32:36.021236,295.21,295.28,0,0.05000000000001137,0.36961331156743427,1,-1,0.6,0.00351
133,2020-01-06 09:32:37,N,AAPL,295.21,4.0,295.28,1.0,2.0,0.0,2020-01-06 09:32:37.511554,295.23,295.28,0,0.06999999999999318,0.358185583203408,1,1,0.6,0.00351
134,2020-01-06 09:32:38,N,AAPL,295.23,1.0,295.28,13.0,0.0,12.0,2020-01-06 09:32:38.600306,295.19,295.24,0,0.049999999999954525,0.3749341671430102,1,-1,-0.8571428571428571,0.00351
135,2020-01-06 09:32:40,N,AAPL,295.19,2.0,295.24,2.0,1.0,-11.0,2020-01-06 09:32:40.127019,295.15,295.22,0,0.05000000000001137,0.3715368537932022,1,1,0.0,0.00351
136,2020-01-06 09:32:41,N,AAPL,295.15,4.0,295.22,2.0,0.0,-6.0,2020-01-06 09:32:41.330930,295.14,295.2,0,0.07000000000005002,0.3624757973734063,1,1,0.3333333333333333,0.00351
137,2020-01-06 09:32:42,N,AAPL,295.14,4.0,295.2,2.0,0.0,-2.0,2020-01-06 09:32:42.051953,295.14,295.2,0,0.060000000000002274,0.35369924494432325,1,-1,0.3333333333333333,0.00351
138,2020-01-06 09:32:43,N,AAPL,295.14,1.0,295.2,3.0,0.0,-1.0,2020-01-06 09:32:43.057278,295.14,295.18,0,0.060000000000002274,0.35482020001052206,1,1,-0.5,0.00351
139,2020-01-06 09:32:44,N,AAPL,295.14,1.0,295.18,2.0,0.0,-3.0,2020-01-06 09:32:44.013225,295.11,295.16,0,0.040000000000020464,0.3545461922597042,1,-1,-0.3333333333333333,0.00351
140,2020-01-06 09:32:45,N,AAPL,295.11,3.0,295.16,2.0,1.0,-1.0,2020-01-06 09:32:45.265822,295.07,295.15,0,0.05000000000001137,0.3489231567803017,1,1,0.2,0.00351
141,2020-01-06 09:32:46,N,AAPL,295.07,5.0,295.15,2.0,3.0,-2.0,2020-01-06 09:32:46.156709,295.08,295.13,0,0.07999999999998408,0.33871868939883143,1,1,0.42857142857142855,0.00351
142,2020-01-06 09:32:47,N,AAPL,295.08,5.0,295.13,2.0,3.0,-3.0,2020-01-06 09:32:47.244142,295.09,295.18,0,0.05000000000001137,0.32862905387298724,1,-1,0.42857142857142855,0.00351
143,2020-01-06 09:32:48,N,AAPL,295.09,2.0,295.18,2.0,0.0,0.0,2020-01-06 09:32:48.085192,295.02,295.08,-1,0.09000000000003183,0.32617167056878316,1,1,0.0,0.00351
144,2020-01-06 09:32:49,N,AAPL,295.02,1.0,295.08,1.0,-4.0,-3.0,2020-01-06 09:32:49.022815,295.03,295.09,0,0.060000000000002274,0.32496210118097224,1,-1,0.0,0.00351
145,2020-01-06 09:32:50,N,AAPL,295.03,2.0,295.09,1.0,-1.0,0.0,2020-01-06 09:32:50.185846,295.04,295.09,0,0.060000000000002274,0.32150160427806895,1,1,0.3333333333333333,0.00351
146,2020-01-06 09:32:51,N,AAPL,295.04,2.0,295.09,4.0,0.0,3.0,2020-01-06 09:32:51.539008,295.02,295.1,0,0.049999999999954525,0.32115619479219504,1,-1,-0.3333333333333333,0.00351
147,2020-01-06 09:32:52,N,AAPL,295.02,3.0,295.1,2.0,2.0,-2.0,2020-01-06 09:32:52.046102,295.08,295.17,0,0.08000000000004093,0.3167262390614951,1,1,0.2,0.0036
148,2020-01-06 09:32:53,N,AAPL,295.08,4.0,295.17,2.0,2.0,0.0,2020-01-06 09:32:53.431358,295.08,295.14,0,0.09000000000003183,0.30988798113361327,1,1,0.3333333333333333,0.0036
149,2020-01-06 09:32:54,N,AAPL,295.08,5.0,295.14,1.0,1.0,-3.0,2020-01-06 09:32:54.003244,295.02,295.06,-1,0.060000000000002274,0.2997943677037256,1,-1,0.6666666666666666,0.0036
150,2020-01-06 09:32:55,N,AAPL,295.02,2.0,295.06,2.0,-3.0,-1.0,2020-01-06 09:32:55.015224,295.03,295.08,0,0.040000000000020464,0.2976207322089408,1,-1,0.0,0.0036
151,2020-01-06 09:32:56,N,AAPL,295.03,4.0,295.08,1.0,0.0,0.0,2020-01-06 09:32:56.309080,294.99,295.01,-1,0.05000000000001137,0.29044872373862063,1,1,0.6,0.0036
152,2020-01-06 09:32:57,N,AAPL,294.99,2.0,295.01,1.0,-2.0,-1.0,2020-01-06 09:32:57.126772,294.88,294.92,-1,0.01999999999998181,0.2874936756552984,1,-1,0.3333333333333333,0.0036
153,2020-01-06 09:32:58,N,AAPL,294.88,3.0,294.92,1.0,2.0,0.0,2020-01-06 09:32:58.535488,294.88,294.93,0,0.040000000000020464,0.2833662613982142,1,1,0.5,0.0036
154,2020-01-06 09:32:59,N,AAPL,294.88,2.0,294.93,1.0,-1.0,0.0,2020-01-06 09:32:59.079694,294.85,294.92,0,0.05000000000001137,0.2809031403791664,1,1,0.3333333333333333,0.0036
155,2020-01-06 09:33:00,N,AAPL,294.85,1.0,294.92,1.0,-3.0,0.0,2020-01-06 09:33:00.247784,294.79,294.83,-1,0.06999999999999318,0.28009519540114525,1,1,0.0,0.0036
156,2020-01-06 09:33:01,N,AAPL,294.79,1.0,294.83,2.0,-1.0,1.0,2020-01-06 09:33:01.116090,294.87,294.93,1,0.03999999999996362,0.2798138084088464,1,-1,-0.3333333333333333,0.0036
157,2020-01-06 09:33:02,N,AAPL,294.87,4.0,294.93,2.0,3.0,1.0,2020-01-06 09:33:02.284562,294.8,294.88,0,0.060000000000002274,0.27511754817021483,1,1,0.3333333333333333,0.0036
158,2020-01-06 09:33:03,N,AAPL,294.8,1.0,294.88,2.0,0.0,0.0,2020-01-06 09:33:03.113478,294.8,294.87,0,0.07999999999998408,0.27500514191694947,1,1,-0.3333333333333333,0.0036
159,2020-01-06 09:33:04,N,AAPL,294.8,1.0,294.87,1.0,-2.0,-1.0,2020-01-06 09:33:04.016002,294.82,294.88,0,0.06999999999999318,0.2742669090318941,1,-1,0.0,0.0036
160,2020-01-06 09:33:05,N,AAPL,294.82,3.0,294.88,1.0,-3.0,-3.0,2020-01-06 09:33:05.324701,294.82,294.89,0,0.060000000000002274,0.2707785595885639,1,-1,0.5,0.0036
161,2020-01-06 09:33:06,N,AAPL,294.82,4.0,294.89,1.0,3.0,0.0,2020-01-06 09:33:06.009559,294.82,294.87,0,0.06999999999999318,0.266032441471566,1,1,0.6,0.0036
162,2020-01-06 09:33:08,N,AAPL,294.82,1.0,294.87,1.0,-1.0,0.0,2020-01-06 09:33:08.045846,294.87,294.93,0,0.05000000000001137,0.2652913918864215,1,-1,0.0,0.0036
163,2020-01-06 09:33:09,N,AAPL,294.87,3.0,294.93,1.0,1.0,0.0,2020-01-06 09:33:09.010204,294.89,294.98,0,0.060000000000002274,0.26168131550707585,1,1,0.5,0.0036
164,2020-01-06 09:33:10,N,AAPL,294.89,2.0,294.98,2.0,-2.0,-2.0,2020-01-06 09:33:10.048292,295.0,295.08,1,0.09000000000003183,0.26029504211373933,1,1,0.0,0.0036
165,2020-01-06 09:33:11,N,AAPL,295.0,2.0,295.08,10.0,1.0,-2.0,2020-01-06 09:33:11.238060,295.02,295.08,0,0.07999999999998408,0.26611505750059905,1,-1,-0.6666666666666666,0.0036
166,2020-01-06 09:33:12,N,AAPL,295.02,4.0,295.08,10.0,2.0,0.0,2020-01-06 09:33:12.034099,295.01,295.08,0,0.060000000000002274,0.26811886633470294,1,-1,-0.42857142857142855,0.0036
167,2020-01-06 09:33:13,N,AAPL,295.01,4.0,295.08,10.0,-3.0,8.0,2020-01-06 09:33:13.074580,295.05,295.08,0,0.06999999999999318,0.27005028735624137,1,1,-0.42857142857142855,0.0036
168,2020-01-06 09:33:14,N,AAPL,295.05,3.0,295.08,1.0,0.0,-9.0,2020-01-06 09:33:14.005719,295.05,295.11,0,0.029999999999972715,0.2656755228941847,1,-1,0.5,0.0036
169,2020-01-06 09:33:15,N,AAPL,295.05,5.0,295.11,1.0,1.0,-1.0,2020-01-06 09:33:15.015662,295.03,295.08,0,0.060000000000002274,0.2580235456031801,1,1,0.6666666666666666,0.0036
170,2020-01-06 09:33:16,N,AAPL,295.03,1.0,295.08,2.0,-1.0,1.0,2020-01-06 09:33:16.015026,295.05,295.1,0,0.05000000000001137,0.2580647941611005,1,-1,-0.3333333333333333,0.0036
171,2020-01-06 09:33:17,N,AAPL,295.05,2.0,295.1,1.0,-3.0,0.0,2020-01-06 09:33:17.167784,295.09,295.13,0,0.05000000000001137,0.2555848486406376,1,1,0.3333333333333333,0.0036
172,2020-01-06 09:33:18,N,AAPL,295.09,2.0,295.13,4.0,0.0,2.0,2020-01-06 09:33:18.266229,295.12,295.17,0,0.040000000000020464,0.25572950074530354,1,-1,-0.3333333333333333,0.0036
173,2020-01-06 09:33:19,N,AAPL,295.12,4.0,295.17,3.0,0.0,0.0,2020-01-06 09:33:19.395536,295.26,295.3,1,0.05000000000001137,0.2514528976539623,1,1,0.14285714285714285,0.0036
174,2020-01-06 09:33:20,N,AAPL,295.26,2.0,295.3,1.0,0.0,-4.0,2020-01-06 09:33:20.254868,295.33,295.39,1,0.040000000000020464,0.24846172492698315,1,-1,0.3333333333333333,0.0036
175,2020-01-06 09:33:21,N,AAPL,295.33,2.0,295.39,2.0,0.0,-12.0,2020-01-06 09:33:21.127901,295.39,295.45,0,0.060000000000002274,0.24664331805058737,1,1,0.0,0.0036
176,2020-01-06 09:33:22,N,AAPL,295.39,2.0,295.45,2.0,0.0,0.0,2020-01-06 09:33:22.070846,295.4,295.45,0,0.060000000000002274,0.24477512902433318,1,1,0.0,0.0036
177,2020-01-06 09:33:23,N,AAPL,295.4,1.0,295.45,1.0,0.0,0.0,2020-01-06 09:33:23.604045,295.39,295.44,0,0.05000000000001137,0.24382775119619282,1,-1,0.0,0.0036
178,2020-01-06 09:33:24,N,AAPL,295.39,4.0,295.44,1.0,3.0,0.0,2020-01-06 09:33:24.102402,295.33,295.4,0,0.05000000000001137,0.23604444752146492,1,1,0.6,0.0036
179,2020-01-06 09:33:25,N,AAPL,295.33,1.0,295.4,1.0,-1.0,-1.0,2020-01-06 09:33:25.449243,295.35,295.42,0,0.06999999999999318,0.23521086736860752,1,1,0.0,0.0036
180,2020-01-06 09:33:26,N,AAPL,295.35,2.0,295.42,30.0,0.0,28.0,2020-01-06 09:33:26.179052,295.38,295.42,0,0.06999999999999318,0.26893486760820906,1,1,-0.875,0.0036
181,2020-01-06 09:33:27,N,AAPL,295.38,1.0,295.42,1.0,-2.0,-29.0,2020-01-06 09:33:27.162740,295.41,295.46,0,0.040000000000020464,0.2679309038662723,1,-1,0.0,0.0036
182,2020-01-06 09:33:28,N,AAPL,295.41,2.0,295.46,1.0,-4.0,-1.0,2020-01-06 09:33:28.449429,295.51,295.54,1,0.049999999999954525,0.2646708719393587,1,1,0.3333333333333333,0.0036
183,2020-01-06 09:33:29,N,AAPL,295.51,1.0,295.54,1.0,-1.0,0.0,2020-01-06 09:33:29.358673,295.34,295.37,-1,0.03000000000002956,0.26359105817806494,1,-1,0.0,0.0036
184,2020-01-06 09:33:30,N,AAPL,295.34,2.0,295.37,2.0,-4.0,-17.0,2020-01-06 09:33:30.933987,295.31,295.37,0,0.03000000000002956,0.2616633377861035,1,1,0.0,0.0036
185,2020-01-06 09:33:31,N,AAPL,295.31,1.0,295.37,15.0,0.0,13.0,2020-01-06 09:33:31.042298,295.27,295.3,-1,0.060000000000002274,0.2760401403816104,1,1,-0.875,0.0036
186,2020-01-06 09:33:32,N,AAPL,295.27,1.0,295.3,2.0,0.0,0.0,2020-01-06 09:33:32.001995,295.24,295.33,0,0.03000000000002956,0.27605095541400715,1,-1,-0.3333333333333333,0.00437
187,2020-01-06 09:33:33,N,AAPL,295.24,4.0,295.33,15.0,0.0,13.0,2020-01-06 09:33:33.026399,295.23,295.28,0,0.08999999999997499,0.28345683605573413,1,1,-0.5789473684210527,0.00437
188,2020-01-06 09:33:34,N,AAPL,295.23,1.0,295.28,1.0,0.0,-14.0,2020-01-06 09:33:34.737979,295.18,295.26,0,0.049999999999954525,0.28255431440868506,1,-1,0.0,0.00437
189,2020-01-06 09:33:35,N,AAPL,295.18,2.0,295.26,2.0,1.0,-1.0,2020-01-06 09:33:35.012991,295.14,295.19,0,0.07999999999998408,0.28091610250152144,1,1,0.0,0.00437
190,2020-01-06 09:33:36,N,AAPL,295.14,4.0,295.19,1.0,3.0,0.0,2020-01-06 09:33:36.249550,295.14,295.19,0,0.05000000000001137,0.27538601066987667,1,-1,0.6,0.00437
191,2020-01-06 09:33:37,N,AAPL,295.14,4.0,295.19,2.0,3.0,1.0,2020-01-06 09:33:37.056787,295.1,295.15,0,0.05000000000001137,0.27070433681541317,1,1,0.3333333333333333,0.00437
192,2020-01-06 09:33:38,N,AAPL,295.1,3.0,295.15,2.0,1.0,0.0,2020-01-06 09:33:38.642241,295.12,295.18,0,0.049999999999954525,0.2677567856478049,1,-1,0.2,0.00437
193,2020-01-06 09:33:40,N,AAPL,295.12,2.0,295.18,2.0,0.0,0.0,2020-01-06 09:33:40.979765,295.1,295.17,0,0.060000000000002274,0.26627493177471706,1,1,0.0,0.00437
194,2020-01-06 09:33:42,N,AAPL,295.1,4.0,295.17,2.0,2.0,0.0,2020-01-06 09:33:42.487287,295.17,295.22,0,0.06999999999999318,0.26205598356443716,1,1,0.3333333333333333,0.00437
195,2020-01-06 09:33:43,N,AAPL,295.17,1.0,295.22,1.0,-1.0,-1.0,2020-01-06 09:33:43.239841,295.25,295.3,1,0.05000000000001137,0.26129561172024296,1,-1,0.0,0.00437
196,2020-01-06 09:33:48,N,AAPL,295.25,2.0,295.3,4.0,-2.0,3.0,2020-01-06 09:33:48.759139,295.27,295.33,0,0.05000000000001137,0.26144927536228124,1,1,-0.3333333333333333,0.00437
197,2020-01-06 09:33:49,N,AAPL,295.27,2.0,295.33,3.0,-1.0,-1.0,2020-01-06 09:33:49.676053,295.28,295.32,0,0.060000000000002274,0.2607679329608459,1,1,-0.2,0.00437
198,2020-01-06 09:33:50,N,AAPL,295.28,4.0,295.32,1.0,2.0,-2.0,2020-01-06 09:33:50.513150,295.28,295.33,0,0.040000000000020464,0.25481287773123995,1,-1,0.6,0.00437
199,2020-01-06 09:33:51,N,AAPL,295.28,4.0,295.33,5.0,-4.0,1.0,2020-01-06 09:33:51.394838,295.28,295.32,0,0.05000000000001137,0.25258195737990263,1,1,-0.1111111111111111,0.00437
200,2020-01-06 09:33:52,N,AAPL,295.28,1.0,295.32,1.0,-8.0,-3.0,2020-01-06 09:33:52.392235,295.26,295.3,0,0.040000000000020464,0.25179385174737945,1,-1,0.0,0.00437
201,2020-01-06 09:33:53,N,AAPL,295.26,2.0,295.3,2.0,1.0,1.0,2020-01-06 09:33:53.293790,295.25,295.33,0,0.040000000000020464,0.25025305351238103,1,1,0.0,0.00437
202,2020-01-06 09:33:54,N,AAPL,295.25,2.0,295.33,6.0,0.0,4.0,2020-01-06 09:33:54.230666,295.22,295.27,0,0.07999999999998408,0.2523665677341569,1,1,-0.5,0.00437
203,2020-01-06 09:33:55,N,AAPL,295.22,2.0,295.27,4.0,0.0,-2.0,2020-01-06 09:33:55.394717,295.18,295.25,0,0.049999999999954525,0.25248345551813145,1,-1,-0.3333333333333333,0.00437
204,2020-01-06 09:33:57,N,AAPL,295.18,4.0,295.25,3.0,3.0,1.0,2020-01-06 09:33:57.243639,295.19,295.25,0,0.06999999999999318,0.24905188213728024,1,1,0.14285714285714285,0.00437
205,2020-01-06 09:33:58,N,AAPL,295.19,4.0,295.25,3.0,1.0,2.0,2020-01-06 09:33:58.278100,295.17,295.25,0,0.060000000000002274,0.24561259008675052,1,-1,0.14285714285714285,0.00437
206,2020-01-06 09:33:59,N,AAPL,295.17,2.0,295.25,1.0,-2.0,0.0,2020-01-06 09:33:59.005478,295.17,295.24,0,0.07999999999998408,0.24362389937101625,1,1,0.3333333333333333,0.00437
207,2020-01-06 09:34:00,N,AAPL,295.17,2.0,295.24,1.0,0.0,0.0,2020-01-06 09:34:00.025128,295.26,295.3,1,0.06999999999999318,0.24164048513506486,1,-1,0.3333333333333333,0.00437
208,2020-01-06 09:34:01,N,AAPL,295.26,4.0,295.3,2.0,1.0,1.0,2020-01-06 09:34:01.679444,295.25,295.28,0,0.040000000000020464,0.23721217406682626,0,-1,0.3333333333333333,0.00437
209,2020-01-06 09:34:03,N,AAPL,295.25,2.0,295.28,1.0,-1.0,-1.0,2020-01-06 09:34:03.221229,295.24,295.3,0,0.029999999999972715,0.2350394851339388,0,-1,0.3333333333333333,0.00437
210,2020-01-06 09:34:04,N,AAPL,295.24,4.0,295.3,2.0,2.0,0.0,2020-01-06 09:34:04.142587,295.32,295.37,1,0.060000000000002274,0.23088173054895833,0,1,0.3333333333333333,0.00437
211,2020-01-06 09:34:05,N,AAPL,295.32,1.0,295.37,10.0,-1.0,6.0,2020-01-06 09:34:05.437481,295.35,295.4,0,0.05000000000001137,0.23809482006055305,1,-1,-0.8181818181818182,0.00437
212,2020-01-06 09:34:06,N,AAPL,295.35,4.0,295.4,3.0,3.0,0.0,2020-01-06 09:34:06.415123,295.38,295.42,0,0.049999999999954525,0.2343438183396529,0,-1,0.14285714285714285,0.00437
213,2020-01-06 09:34:07,N,AAPL,295.38,4.0,295.42,6.0,2.0,5.0,2020-01-06 09:34:07.197862,295.36,295.42,0,0.040000000000020464,0.23327000682928656,0,-1,-0.2,0.00437
214,2020-01-06 09:34:08,N,AAPL,295.36,3.0,295.42,5.0,2.0,0.0,2020-01-06 09:34:08.038097,295.31,295.37,0,0.060000000000002274,0.23303078135472788,0,1,-0.25,0.00437
215,2020-01-06 09:34:09,N,AAPL,295.31,2.0,295.37,4.0,0.0,-1.0,2020-01-06 09:34:09.276599,295.34,295.37,0,0.060000000000002274,0.23338557355890543,0,1,-0.3333333333333333,0.00437
216,2020-01-06 09:34:10,N,AAPL,295.34,1.0,295.37,4.0,0.0,2.0,2020-01-06 09:34:10.012477,295.32,295.37,0,0.03000000000002956,0.23514381270911144,0,-1,-0.6,0.00437
217,2020-01-06 09:34:11,N,AAPL,295.32,4.0,295.37,3.0,3.0,0.0,2020-01-06 09:34:11.772156,295.35,295.41,0,0.05000000000001137,0.23166657478623165,0,1,0.14285714285714285,0.00437
218,2020-01-06 09:34:13,N,AAPL,295.35,2.0,295.41,4.0,1.0,-6.0,2020-01-06 09:34:13.417069,295.26,295.33,-1,0.060000000000002274,0.23206341398997665,0,1,-0.3333333333333333,0.00437
219,2020-01-06 09:34:14,N,AAPL,295.26,1.0,295.33,4.0,-3.0,2.0,2020-01-06 09:34:14.118560,295.23,295.3,0,0.06999999999999318,0.23370833323912166,0,1,-0.6,0.00437
220,2020-01-06 09:34:15,N,AAPL,295.23,1.0,295.3,2.0,-1.0,0.0,2020-01-06 09:34:15.037608,295.25,295.3,0,0.06999999999999318,0.23382766618635742,0,1,-0.3333333333333333,0.00437
221,2020-01-06 09:34:16,N,AAPL,295.25,2.0,295.3,1.0,-3.0,0.0,2020-01-06 09:34:16.030089,295.33,295.39,1,0.05000000000001137,0.23189127531219356,0,-1,0.3333333333333333,0.00437
222,2020-01-06 09:34:17,N,AAPL,295.33,2.0,295.39,3.0,0.0,-1.0,2020-01-06 09:34:17.372263,295.37,295.42,0,0.060000000000002274,0.23142277779265896,0,1,-0.2,0.00437
223,2020-01-06 09:34:18,N,AAPL,295.37,2.0,295.42,10.0,0.0,8.0,2020-01-06 09:34:18.091764,295.37,295.42,0,0.05000000000001137,0.2367565822025881,0,-1,-0.6666666666666666,0.00437
224,2020-01-06 09:34:19,N,AAPL,295.37,4.0,295.42,10.0,2.0,0.0,2020-01-06 09:34:19.130766,295.37,295.43,0,0.05000000000001137,0.2389249286005679,1,1,-0.42857142857142855,0.00477
225,2020-01-06 09:34:20,N,AAPL,295.37,4.0,295.43,3.0,0.0,1.0,2020-01-06 09:34:20.079598,295.38,295.41,0,0.060000000000002274,0.23546689895471218,0,1,0.14285714285714285,0.00477
226,2020-01-06 09:34:22,N,AAPL,295.38,4.0,295.41,2.0,-1.0,0.0,2020-01-06 09:34:22.443674,295.33,295.37,-1,0.03000000000002956,0.23114814066457257,0,-1,0.3333333333333333,0.00477
227,2020-01-06 09:34:23,N,AAPL,295.33,1.0,295.37,4.0,-1.0,3.0,2020-01-06 09:34:23.693355,295.31,295.36,0,0.040000000000020464,0.2326997369598871,0,1,-0.6,0.00477
228,2020-01-06 09:34:24,N,AAPL,295.31,1.0,295.36,2.0,0.0,0.0,2020-01-06 09:34:24.013518,295.31,295.37,0,0.05000000000001137,0.23279335332341589,0,1,-0.3333333333333333,0.00477
229,2020-01-06 09:34:25,N,AAPL,295.31,3.0,295.37,2.0,1.0,1.0,2020-01-06 09:34:25.540921,295.31,295.37,0,0.060000000000002274,0.23026348963617238,0,1,0.2,0.00477
230,2020-01-06 09:34:26,N,AAPL,295.31,2.0,295.37,3.0,0.0,0.0,2020-01-06 09:34:26.046515,295.33,295.36,0,0.060000000000002274,0.22979064446298025,0,1,-0.2,0.00477
231,2020-01-06 09:34:27,N,AAPL,295.33,4.0,295.36,1.0,3.0,0.0,2020-01-06 09:34:27.471332,295.35,295.37,0,0.03000000000002956,0.22515662851725438,0,-1,0.6,0.00477
232,2020-01-06 09:34:30,N,AAPL,295.35,4.0,295.37,2.0,2.0,1.0,2020-01-06 09:34:30.276637,295.38,295.42,1,0.01999999999998181,0.22118126548167538,0,-1,0.3333333333333333,0.00477
233,2020-01-06 09:34:31,N,AAPL,295.38,4.0,295.42,5.0,1.0,4.0,2020-01-06 09:34:31.219109,295.41,295.45,0,0.040000000000020464,0.2194812548673326,0,1,-0.1111111111111111,0.00477
234,2020-01-06 09:34:32,N,AAPL,295.41,2.0,295.45,1.0,-1.0,0.0,2020-01-06 09:34:32.231084,295.38,295.43,0,0.03999999999996362,0.2174404688733489,0,-1,0.3333333333333333,0.00477
235,2020-01-06 09:34:33,N,AAPL,295.38,4.0,295.43,1.0,2.0,-3.0,2020-01-06 09:34:33.152553,295.39,295.45,0,0.05000000000001137,0.2127929156117716,1,1,0.6,0.00477
236,2020-01-06 09:34:34,N,AAPL,295.39,4.0,295.45,2.0,-1.0,1.0,2020-01-06 09:34:34.169492,295.41,295.45,0,0.060000000000002274,0.20896294707705465,1,1,0.3333333333333333,0.00477
237,2020-01-06 09:34:36,N,AAPL,295.41,1.0,295.45,2.0,0.0,1.0,2020-01-06 09:34:36.508042,295.44,295.49,0,0.03999999999996362,0.20916293186479606,1,-1,-0.3333333333333333,0.00477
238,2020-01-06 09:34:37,N,AAPL,295.44,2.0,295.49,2.0,1.0,1.0,2020-01-06 09:34:37.151561,295.67,295.7,1,0.05000000000001137,0.2079900558034069,1,1,0.0,0.00477
239,2020-01-06 09:34:41,N,AAPL,295.67,2.0,295.7,4.0,0.0,3.0,2020-01-06 09:34:41.175503,295.64,295.66,-1,0.029999999999972715,0.20870708150391692,1,-1,-0.3333333333333333,0.00477
240,2020-01-06 09:34:43,N,AAPL,295.64,2.0,295.66,1.0,-9.0,-3.0,2020-01-06 09:34:43.725729,295.61,295.68,0,0.020000000000038654,0.20627848255765002,1,-1,0.3333333333333333,0.00477
241,2020-01-06 09:34:44,N,AAPL,295.61,4.0,295.68,1.0,2.0,-1.0,2020-01-06 09:34:44.012130,295.63,295.68,0,0.06999999999999318,0.20068534605115929,1,1,0.6,0.00477
242,2020-01-06 09:34:45,N,AAPL,295.63,1.0,295.68,2.0,-1.0,0.0,2020-01-06 09:34:45.106497,295.63,295.68,0,0.05000000000001137,0.2010792240278647,1,-1,-0.3333333333333333,0.00477
243,2020-01-06 09:34:46,N,AAPL,295.63,1.0,295.68,2.0,0.0,0.0,2020-01-06 09:34:46.443149,295.63,295.69,0,0.05000000000001137,0.20146886852671742,1,1,-0.3333333333333333,0.00477
244,2020-01-06 09:34:47,N,AAPL,295.63,2.0,295.69,2.0,-1.0,0.0,2020-01-06 09:34:47.157617,295.75,295.8,1,0.060000000000002274,0.2002167337014953,1,1,0.0,0.00477
245,2020-01-06 09:34:48,N,AAPL,295.75,1.0,295.8,4.0,0.0,2.0,2020-01-06 09:34:48.006657,295.76,295.8,0,0.05000000000001137,0.20299822785506194,1,-1,-0.6,0.00477
246,2020-01-06 09:34:49,N,AAPL,295.76,2.0,295.8,4.0,1.0,0.0,2020-01-06 09:34:49.788247,295.7,295.76,0,0.040000000000020464,0.20387474338315315,1,-1,-0.3333333333333333,0.00477
247,2020-01-06 09:34:50,N,AAPL,295.7,1.0,295.76,4.0,-1.0,2.0,2020-01-06 09:34:50.966172,295.69,295.7,0,0.060000000000002274,0.20648591577639763,1,1,-0.6,0.00477
248,2020-01-06 09:34:51,N,AAPL,295.69,1.0,295.7,1.0,0.0,-3.0,2020-01-06 09:34:51.011267,295.71,295.76,1,0.009999999999990905,0.2057724845710709,1,-1,0.0,0.00477
249,2020-01-06 09:34:52,N,AAPL,295.71,2.0,295.76,2.0,0.0,1.0,2020-01-06 09:34:52.217227,295.61,295.65,-1,0.05000000000001137,0.2044285522427458,1,1,0.0,0.00477
250,2020-01-06 09:34:53,N,AAPL,295.61,2.0,295.65,2.0,1.0,0.0,2020-01-06 09:34:53.149370,295.62,295.68,0,0.03999999999996362,0.20316338097308062,1,-1,0.0,0.00477
251,2020-01-06 09:34:54,N,AAPL,295.62,2.0,295.68,2.0,0.0,0.0,2020-01-06 09:34:54.026366,295.63,295.69,0,0.060000000000002274,0.20194616185540326,1,1,0.0,0.00477
252,2020-01-06 09:34:55,N,AAPL,295.63,4.0,295.69,2.0,2.0,0.0,2020-01-06 09:34:55.228611,295.53,295.58,-1,0.060000000000002274,0.19756235827657065,1,1,0.3333333333333333,0.00477
253,2020-01-06 09:34:56,N,AAPL,295.53,3.0,295.58,2.0,2.0,-1.0,2020-01-06 09:34:56.076655,295.5,295.54,0,0.05000000000001137,0.19503110859722028,1,-1,0.2,0.00477
254,2020-01-06 09:34:58,N,AAPL,295.5,1.0,295.54,4.0,-2.0,2.0,2020-01-06 09:34:58.035131,295.51,295.54,0,0.040000000000020464,0.19689995572792895,1,-1,-0.6,0.00477
255,2020-01-06 09:34:59,N,AAPL,295.51,2.0,295.54,2.0,-3.0,0.0,2020-01-06 09:34:59.235449,295.56,295.6,1,0.03000000000002956,0.19576481381159283,1,-1,0.0,0.00477
256,2020-01-06 09:35:00,N,AAPL,295.56,3.0,295.6,2.0,-1.0,1.0,2020-01-06 09:35:00.120668,295.56,295.62,0,0.040000000000020464,0.19318722320173265,1,1,0.2,0.00477
257,2020-01-06 09:35:01,N,AAPL,295.56,4.0,295.62,2.0,3.0,0.0,2020-01-06 09:35:01.099867,295.58,295.63,0,0.060000000000002274,0.18927231113400467,1,1,0.3333333333333333,0.00477
258,2020-01-06 09:35:02,N,AAPL,295.58,3.0,295.63,2.0,1.0,1.0,2020-01-06 09:35:02.854020,295.62,295.66,0,0.05000000000001137,0.18674635268541806,1,-1,0.2,0.00477
259,2020-01-06 09:35:04,N,AAPL,295.62,2.0,295.66,2.0,-1.0,1.0,2020-01-06 09:35:04.753411,295.64,295.7,0,0.040000000000020464,0.18561517536852534,1,-1,0.0,0.00477
260,2020-01-06 09:35:05,N,AAPL,295.64,4.0,295.7,92.0,1.0,0.0,2020-01-06 09:35:05.131005,295.66,295.69,0,0.060000000000002274,0.2599765025061629,1,1,-0.9166666666666666,0.00477
261,2020-01-06 09:35:06,N,AAPL,295.66,2.0,295.69,2.0,-2.0,-90.0,2020-01-06 09:35:06.214789,295.64,295.66,0,0.029999999999972715,0.258498715899691,1,-1,0.0,0.00594
262,2020-01-06 09:35:07,N,AAPL,295.64,3.0,295.66,2.0,2.0,0.0,2020-01-06 09:35:07.270272,295.59,295.64,0,0.020000000000038654,0.2555593197740791,1,-1,0.2,0.00594
263,2020-01-06 09:35:08,N,AAPL,295.59,1.0,295.64,2.0,0.0,1.0,2020-01-06 09:35:08.009414,295.61,295.68,0,0.05000000000001137,0.2556140199898209,1,1,-0.3333333333333333,0.00594
264,2020-01-06 09:35:09,N,AAPL,295.61,4.0,295.68,1.0,1.0,-91.0,2020-01-06 09:35:09.642728,295.58,295.6,-1,0.06999999999999318,0.2507223614041436,1,1,0.6,0.00594
265,2020-01-06 09:35:10,N,AAPL,295.58,2.0,295.6,1.0,-2.0,-1.0,2020-01-06 09:35:10.256171,295.56,295.62,0,0.020000000000038654,0.24869068987459286,1,-1,0.3333333333333333,0.00594
266,2020-01-06 09:35:11,N,AAPL,295.56,3.0,295.62,2.0,1.0,0.0,2020-01-06 09:35:11.527141,295.59,295.64,0,0.060000000000002274,0.24613860534128662,1,1,0.2,0.00594
267,2020-01-06 09:35:12,N,AAPL,295.59,1.0,295.64,2.0,-1.0,1.0,2020-01-06 09:35:12.306224,295.59,295.62,0,0.05000000000001137,0.24621703260152117,1,-1,-0.3333333333333333,0.00594
268,2020-01-06 09:35:14,N,AAPL,295.59,2.0,295.62,2.0,1.0,1.0,2020-01-06 09:35:14.018669,295.6,295.63,0,0.03000000000002956,0.2449088579213594,1,-1,0.0,0.00594
269,2020-01-06 09:35:15,N,AAPL,295.6,4.0,295.63,4.0,3.0,2.0,2020-01-06 09:35:15.487670,295.53,295.57,-1,0.029999999999972715,0.24230442801211893,1,-1,0.0,0.00594
270,2020-01-06 09:35:16,N,AAPL,295.53,4.0,295.57,1.0,1.0,0.0,2020-01-06 09:35:16.099799,295.48,295.55,0,0.040000000000020464,0.23801260191135043,1,1,0.6,0.00594
271,2020-01-06 09:35:17,N,AAPL,295.48,4.0,295.55,2.0,-8.0,1.0,2020-01-06 09:35:17.400580,295.47,295.52,0,0.06999999999999318,0.23466076353145127,1,1,0.3333333333333333,0.00594
272,2020-01-06 09:35:18,N,AAPL,295.47,5.0,295.52,2.0,0.0,-1.0,2020-01-06 09:35:18.065478,295.46,295.5,0,0.049999999999954525,0.2302460947167333,0,-1,0.42857142857142855,0.00594
273,2020-01-06 09:35:19,N,AAPL,295.46,1.0,295.5,3.0,-3.0,0.0,2020-01-06 09:35:19.147075,295.43,295.49,0,0.040000000000020464,0.23083305953656463,0,-1,-0.5,0.00594
274,2020-01-06 09:35:20,N,AAPL,295.43,2.0,295.49,3.0,0.0,2.0,2020-01-06 09:35:20.271567,295.52,295.59,1,0.060000000000002274,0.23038441772740725,0,1,-0.2,0.00594
275,2020-01-06 09:35:21,N,AAPL,295.52,2.0,295.59,2.0,0.0,1.0,2020-01-06 09:35:21.052185,295.51,295.56,0,0.06999999999999318,0.2293342805377847,0,1,0.0,0.00594
276,2020-01-06 09:35:22,N,AAPL,295.51,2.0,295.56,2.0,0.0,1.0,2020-01-06 09:35:22.163499,295.52,295.57,0,0.05000000000001137,0.2282623204108063,0,-1,0.0,0.00594
277,2020-01-06 09:35:23,N,AAPL,295.52,2.0,295.57,4.0,0.0,2.0,2020-01-06 09:35:23.060279,295.55,295.59,0,0.05000000000001137,0.2284194459410287,0,1,-0.3333333333333333,0.00594
278,2020-01-06 09:35:24,N,AAPL,295.55,1.0,295.59,4.0,-3.0,2.0,2020-01-06 09:35:24.462514,295.5,295.58,0,0.03999999999996362,0.22975093135517,0,-1,-0.6,0.00594
279,2020-01-06 09:35:25,N,AAPL,295.5,13.0,295.58,1.0,12.0,-3.0,2020-01-06 09:35:25.558702,295.5,295.58,0,0.07999999999998408,0.21609115014109648,0,1,0.8571428571428571,0.00594
280,2020-01-06 09:35:26,N,AAPL,295.5,12.0,295.58,1.0,0.0,-1.0,2020-01-06 09:35:26.035176,295.47,295.51,0,0.07999999999998408,0.20398042910431968,1,1,0.8461538461538461,0.00594
281,2020-01-06 09:35:27,N,AAPL,295.47,2.0,295.51,4.0,-10.0,3.0,2020-01-06 09:35:27.253872,295.43,295.49,0,0.03999999999996362,0.20416698436901015,1,-1,-0.3333333333333333,0.00594
282,2020-01-06 09:35:28,N,AAPL,295.43,1.0,295.49,2.0,0.0,0.0,2020-01-06 09:35:28.010865,295.42,295.47,0,0.060000000000002274,0.20427419439658934,1,1,-0.3333333333333333,0.00594
283,2020-01-06 09:35:29,N,AAPL,295.42,8.0,295.47,2.0,7.0,0.0,2020-01-06 09:35:29.834132,295.39,295.42,0,0.05000000000001137,0.19795486408594343,1,-1,0.6,0.00594
284,2020-01-06 09:35:30,N,AAPL,295.39,1.0,295.42,2.0,-4.0,0.0,2020-01-06 09:35:30.000291,295.4,295.45,0,0.03000000000002956,0.19799644956481188,1,-1,-0.3333333333333333,0.00594
285,2020-01-06 09:35:31,N,AAPL,295.4,6.0,295.45,4.0,1.0,3.0,2020-01-06 09:35:31.158260,295.39,295.41,0,0.05000000000001137,0.19469622520642815,1,1,0.2,0.00594
286,2020-01-06 09:35:32,N,AAPL,295.39,2.0,295.41,6.0,-4.0,5.0,2020-01-06 09:35:32.338097,295.34,295.38,-1,0.020000000000038654,0.19562078973297048,1,-1,-0.5,0.00594
287,2020-01-06 09:35:33,N,AAPL,295.34,3.0,295.38,2.0,-3.0,1.0,2020-01-06 09:35:33.133717,295.29,295.34,0,0.040000000000020464,0.1941063829786458,1,1,0.2,0.00594
288,2020-01-06 09:35:34,N,AAPL,295.29,2.0,295.34,2.0,1.0,1.0,2020-01-06 09:35:34.825307,295.28,295.34,0,0.049999999999954525,0.19343063422076057,1,1,0.0,0.00594
289,2020-01-06 09:35:35,N,AAPL,295.28,2.0,295.34,2.0,0.0,0.0,2020-01-06 09:35:35.328061,295.31,295.34,0,0.060000000000002274,0.19278602155367253,1,1,0.0,0.00594
290,2020-01-06 09:35:36,N,AAPL,295.31,1.0,295.34,2.0,-1.0,0.0,2020-01-06 09:35:36.319185,295.29,295.34,0,0.029999999999972715,0.19278786618639288,1,-1,-0.3333333333333333,0.00594
291,2020-01-06 09:35:37,N,AAPL,295.29,1.0,295.34,2.0,-2.0,0.0,2020-01-06 09:35:37.115309,295.3,295.34,0,0.049999999999954525,0.19281527612645277,1,1,-0.3333333333333333,0.00594
292,2020-01-06 09:35:38,N,AAPL,295.3,2.0,295.34,4.0,1.0,2.0,2020-01-06 09:35:38.171286,295.3,295.34,0,0.03999999999996362,0.19284114339262715,1,-1,-0.3333333333333333,0.00594
293,2020-01-06 09:35:39,N,AAPL,295.3,2.0,295.34,1.0,0.0,-5.0,2020-01-06 09:35:39.711404,295.29,295.32,0,0.03999999999996362,0.1917956147335076,1,1,0.3333333333333333,0.00594
294,2020-01-06 09:35:40,N,AAPL,295.29,1.0,295.32,4.0,0.0,3.0,2020-01-06 09:35:40.489791,295.29,295.32,0,0.029999999999972715,0.19245817521175468,1,-1,-0.6,0.00594
295,2020-01-06 09:35:42,N,AAPL,295.29,2.0,295.32,4.0,-2.0,3.0,2020-01-06 09:35:42.835724,295.29,295.31,0,0.029999999999972715,0.19243050999830302,1,1,-0.3333333333333333,0.00594
296,2020-01-06 09:35:43,N,AAPL,295.29,1.0,295.31,4.0,-1.0,2.0,2020-01-06 09:35:43.031144,295.29,295.31,0,0.01999999999998181,0.19304146117394794,1,-1,-0.6,0.00594
297,2020-01-06 09:35:44,N,AAPL,295.29,2.0,295.31,2.0,1.0,0.0,2020-01-06 09:35:44.072536,295.33,295.4,1,0.01999999999998181,0.19232834642633634,1,1,0.0,0.00594
298,2020-01-06 09:35:45,N,AAPL,295.33,4.0,295.4,2.0,2.0,0.0,2020-01-06 09:35:45.074758,295.35,295.4,0,0.06999999999999318,0.19023760587344896,1,1,0.3333333333333333,0.00594
299,2020-01-06 09:35:46,N,AAPL,295.35,1.0,295.4,2.0,-2.0,0.0,2020-01-06 09:35:46.572706,295.42,295.49,1,0.049999999999954525,0.19029502857728176,1,-1,-0.3333333333333333,0.00594
300,2020-01-06 09:35:47,N,AAPL,295.42,1.0,295.49,1.0,-1.0,0.0,2020-01-06 09:35:47.589498,295.43,295.49,0,0.06999999999999318,0.18994426734548142,1,1,0.0,0.00594
301,2020-01-06 09:35:48,N,AAPL,295.43,3.0,295.49,1.0,2.0,0.0,2020-01-06 09:35:48.232694,295.44,295.49,0,0.060000000000002274,0.18757344293851475,1,-1,0.5,0.00594
302,2020-01-06 09:35:49,N,AAPL,295.44,2.0,295.49,1.0,-2.0,0.0,2020-01-06 09:35:49.001779,295.53,295.58,1,0.05000000000001137,0.18600372484456784,1,-1,0.3333333333333333,0.00625
303,2020-01-06 09:35:50,N,AAPL,295.53,2.0,295.58,2.0,-1.0,0.0,2020-01-06 09:35:50.712368,295.52,295.56,0,0.05000000000001137,0.18609220207014232,1,1,0.0,0.00625
304,2020-01-06 09:35:51,N,AAPL,295.52,2.0,295.56,4.0,0.0,2.0,2020-01-06 09:35:51.890032,295.51,295.55,0,0.040000000000020464,0.18565176478892909,1,-1,-0.3333333333333333,0.00625
305,2020-01-06 09:35:52,N,AAPL,295.51,1.0,295.55,1.0,-1.0,-1.0,2020-01-06 09:35:52.964140,295.52,295.56,0,0.040000000000020464,0.18461516175750603,1,1,0.0,0.00625
306,2020-01-06 09:35:53,N,AAPL,295.52,4.0,295.56,1.0,3.0,0.0,2020-01-06 09:35:53.319012,295.57,295.59,1,0.040000000000020464,0.1820396526887862,1,1,0.6,0.00625
307,2020-01-06 09:35:54,N,AAPL,295.57,2.0,295.59,2.0,-2.0,1.0,2020-01-06 09:35:54.174027,295.58,295.64,0,0.01999999999998181,0.1841259055518094,1,-1,0.0,0.00625
308,2020-01-06 09:35:55,N,AAPL,295.58,1.0,295.64,1.0,0.0,-1.0,2020-01-06 09:35:55.090934,295.6,295.64,0,0.060000000000002274,0.13950856120396793,1,1,0.0,0.00625
309,2020-01-06 09:35:56,N,AAPL,295.6,1.0,295.64,2.0,0.0,0.0,2020-01-06 09:35:56.022458,295.59,295.64,0,0.03999999999996362,0.1313602941175418,1,-1,-0.3333333333333333,0.00625
310,2020-01-06 09:35:57,N,AAPL,295.59,2.0,295.64,1.0,1.0,-1.0,2020-01-06 09:35:57.267563,295.61,295.65,0,0.05000000000001137,0.12840243548140506,1,1,0.3333333333333333,0.00625
311,2020-01-06 09:35:58,N,AAPL,295.61,2.0,295.65,1.0,0.0,0.0,2020-01-06 09:35:58.143293,295.62,295.66,0,0.03999999999996362,0.12636034269524998,1,-1,0.3333333333333333,0.00625
312,2020-01-06 09:35:59,N,AAPL,295.62,2.0,295.66,2.0,-1.0,-1.0,2020-01-06 09:35:59.200220,295.7,295.76,1,0.040000000000020464,0.1248858219468616,1,1,0.0,0.00625
313,2020-01-06 09:36:00,N,AAPL,295.7,2.0,295.76,2.0,-2.0,1.0,2020-01-06 09:36:00.129648,295.76,295.82,0,0.060000000000002274,0.12265716670526672,1,1,0.0,0.00625
314,2020-01-06 09:36:01,N,AAPL,295.76,1.0,295.82,3.0,-1.0,0.0,2020-01-06 09:36:01.004901,295.9,295.94,1,0.060000000000002274,0.11772259491613113,1,1,-0.5,0.00625
315,2020-01-06 09:36:02,N,AAPL,295.9,1.0,295.94,1.0,0.0,-1.0,2020-01-06 09:36:02.300201,295.91,295.98,0,0.040000000000020464,0.12080960397958052,1,-1,0.0,0.00625
316,2020-01-06 09:36:03,N,AAPL,295.91,2.0,295.98,3.0,-1.0,0.0,2020-01-06 09:36:03.244418,295.93,295.98,0,0.06999999999999318,0.12005014257414359,1,1,-0.2,0.00625
317,2020-01-06 09:36:04,N,AAPL,295.93,2.0,295.98,2.0,0.0,0.0,2020-01-06 09:36:04.266608,296.04,296.11,1,0.05000000000001137,0.11838473037664698,1,-1,0.0,0.00625
318,2020-01-06 09:36:06,N,AAPL,296.04,1.0,296.11,2.0,0.0,-2.0,2020-01-06 09:36:06.003919,296.07,296.15,0,0.06999999999999318,0.1176878319653838,1,1,-0.3333333333333333,0.00625
319,2020-01-06 09:36:07,N,AAPL,296.07,4.0,296.15,1.0,0.0,0.0,2020-01-06 09:36:07.471838,296.09,296.16,0,0.07999999999998408,0.11203800786381635,1,1,0.6,0.00625
320,2020-01-06 09:36:08,N,AAPL,296.09,8.0,296.16,3.0,3.0,1.0,2020-01-06 09:36:08.054934,296.13,296.17,0,0.07000000000005002,0.10179638584526174,1,-1,0.45454545454545453,0.00625
321,2020-01-06 09:36:09,N,AAPL,296.13,2.0,296.17,12.0,-1.0,-1.0,2020-01-06 09:36:09.597134,296.09,296.15,0,0.040000000000020464,0.11289370523633124,1,-1,-0.7142857142857143,0.00625
322,2020-01-06 09:36:10,N,AAPL,296.09,6.0,296.15,2.0,3.0,0.0,2020-01-06 09:36:10.500110,296.1,296.16,0,0.060000000000002274,0.10382144677095084,1,1,0.5,0.00625
323,2020-01-06 09:36:11,N,AAPL,296.1,1.0,296.16,3.0,-7.0,-3.0,2020-01-06 09:36:11.456281,296.2,296.25,1,0.060000000000002274,0.10096297244996322,1,1,-0.5,0.00625
324,2020-01-06 09:36:12,N,AAPL,296.2,3.0,296.25,10.0,1.0,9.0,2020-01-06 09:36:12.915913,296.24,296.3,0,0.05000000000001137,0.10469687518713044,1,-1,-0.5384615384615384,0.00625
325,2020-01-06 09:36:13,N,AAPL,296.24,1.0,296.3,15.0,-1.0,5.0,2020-01-06 09:36:13.778775,296.24,296.3,0,0.060000000000002274,0.11853422619043386,1,1,-0.875,0.00625
326,2020-01-06 09:36:14,N,AAPL,296.24,1.0,296.3,1.0,-1.0,0.0,2020-01-06 09:36:14.485583,296.17,296.22,-1,0.060000000000002274,0.11450997914801064,1,1,0.0,0.00625
327,2020-01-06 09:36:15,N,AAPL,296.17,2.0,296.22,2.0,0.0,1.0,2020-01-06 09:36:15.276520,296.18,296.21,0,0.05000000000001137,0.11142431139114706,1,-1,0.0,0.00625
328,2020-01-06 09:36:16,N,AAPL,296.18,2.0,296.21,2.0,1.0,0.0,2020-01-06 09:36:16.694259,296.14,296.18,0,0.029999999999972715,0.11105340824309451,1,-1,0.0,0.00625
329,2020-01-06 09:36:17,N,AAPL,296.14,2.0,296.18,2.0,0.0,0.0,2020-01-06 09:36:17.364672,296.14,296.21,0,0.040000000000020464,0.10940575036022437,1,1,0.0,0.00625
330,2020-01-06 09:36:18,N,AAPL,296.14,4.0,296.21,2.0,2.0,1.0,2020-01-06 09:36:18.161381,296.14,296.17,0,0.06999999999999318,0.10439268533446011,1,1,0.3333333333333333,0.00625
331,2020-01-06 09:36:19,N,AAPL,296.14,2.0,296.17,1.0,0.0,-1.0,2020-01-06 09:36:19.912593,296.18,296.19,1,0.03000000000002956,0.10269595623987016,1,-1,0.3333333333333333,0.00625
332,2020-01-06 09:36:20,N,AAPL,296.18,3.0,296.19,1.0,1.0,0.0,2020-01-06 09:36:20.337794,296.18,296.25,0,0.009999999999990905,0.0999731895707896,1,-1,0.5,0.00625
333,2020-01-06 09:36:21,N,AAPL,296.18,2.0,296.25,5.0,-2.0,-1.0,2020-01-06 09:36:21.054121,296.18,296.25,0,0.06999999999999318,0.10089542758151993,1,1,-0.42857142857142855,0.00625
334,2020-01-06 09:36:22,N,AAPL,296.18,1.0,296.25,6.0,0.0,1.0,2020-01-06 09:36:22.453424,296.14,296.18,0,0.06999999999999318,0.09871727445965917,1,1,-0.7142857142857143,0.00625
335,2020-01-06 09:36:23,N,AAPL,296.14,1.0,296.18,1.0,0.0,-5.0,2020-01-06 09:36:23.694986,296.16,296.22,0,0.040000000000020464,0.0800769082124475,1,-1,0.0,0.00625
336,2020-01-06 09:36:24,N,AAPL,296.16,4.0,296.22,1.0,2.0,0.0,2020-01-06 09:36:24.177368,296.16,296.23,0,0.060000000000002274,0.07460069991242335,1,1,0.6,0.00625
337,2020-01-06 09:36:25,N,AAPL,296.16,4.0,296.23,5.0,-1.0,0.0,2020-01-06 09:36:25.003954,296.16,296.21,0,0.06999999999999318,0.07224819910135238,1,1,-0.1111111111111111,0.00625
338,2020-01-06 09:36:26,N,AAPL,296.16,1.0,296.21,1.0,-1.0,0.0,2020-01-06 09:36:26.059094,296.16,296.19,0,0.049999999999954525,0.07106471167048767,1,-1,0.0,0.00625
339,2020-01-06 09:36:28,N,AAPL,296.16,2.0,296.19,2.0,1.0,1.0,2020-01-06 09:36:28.163831,296.09,296.13,-1,0.029999999999972715,0.07086841190374571,1,-1,0.0,0.00625
340,2020-01-06 09:36:29,N,AAPL,296.09,4.0,296.13,3.0,3.0,2.0,2020-01-06 09:36:29.451798,296.02,296.07,-1,0.040000000000020464,0.06980903715714248,1,1,0.14285714285714285,0.00625
341,2020-01-06 09:36:31,N,AAPL,296.02,1.0,296.07,2.0,-1.0,1.0,2020-01-06 09:36:31.464878,295.99,296.0,-1,0.05000000000001137,0.06080537304711697,1,1,-0.3333333333333333,0.00625
342,2020-01-06 09:36:33,N,AAPL,295.99,4.0,296.0,2.0,3.0,0.0,2020-01-06 09:36:33.807211,296.0,296.06,0,0.009999999999990905,0.05413858267718297,1,-1,0.3333333333333333,0.00625
343,2020-01-06 09:36:35,N,AAPL,296.0,4.0,296.06,1.0,1.0,-1.0,2020-01-06 09:36:35.903945,296.0,296.07,0,0.060000000000002274,0.0602864348365415,1,1,0.6,0.00625
344,2020-01-06 09:36:36,N,AAPL,296.0,2.0,296.07,9.0,0.0,0.0,2020-01-06 09:36:36.004101,295.99,296.06,0,0.06999999999999318,0.06248679738564533,1,1,-0.6363636363636364,0.00668
345,2020-01-06 09:36:39,N,AAPL,295.99,1.0,296.06,2.0,-1.0,-7.0,2020-01-06 09:36:39.578417,296.01,296.05,0,0.06999999999999318,0.06294470011744124,1,1,-0.3333333333333333,0.00668
346,2020-01-06 09:36:40,N,AAPL,296.01,2.0,296.05,1.0,-1.0,0.0,2020-01-06 09:36:40.729442,296.01,296.06,0,0.040000000000020464,0.059159089638683326,1,-1,0.3333333333333333,0.00668
347,2020-01-06 09:36:41,N,AAPL,296.01,2.0,296.06,1.0,-2.0,0.0,2020-01-06 09:36:41.065073,296.04,296.07,0,0.05000000000001137,0.05578925304172344,1,1,0.3333333333333333,0.00668
348,2020-01-06 09:36:42,N,AAPL,296.04,4.0,296.07,9.0,2.0,7.0,2020-01-06 09:36:42.319409,296.02,296.06,0,0.029999999999972715,0.057581140785373464,1,-1,-0.38461538461538464,0.00668
349,2020-01-06 09:36:43,N,AAPL,296.02,3.0,296.06,2.0,1.0,-4.0,2020-01-06 09:36:43.156694,295.96,295.99,-1,0.040000000000020464,0.05412528271187966,1,1,0.2,0.00668
350,2020-01-06 09:36:44,N,AAPL,295.96,2.0,295.99,2.0,-5.0,0.0,2020-01-06 09:36:44.044879,295.89,295.96,0,0.03000000000002956,0.0517839919533003,1,-1,0.0,0.00668
351,2020-01-06 09:36:45,N,AAPL,295.89,3.0,295.96,2.0,-1.0,0.0,2020-01-06 09:36:45.065037,295.92,295.98,0,0.06999999999999318,0.05013273620215841,1,1,0.2,0.00668
352,2020-01-06 09:36:46,N,AAPL,295.92,2.0,295.98,1.0,-2.0,-3.0,2020-01-06 09:36:46.042355,295.97,295.99,0,0.060000000000002274,0.04681753349530027,1,-1,0.3333333333333333,0.00668
353,2020-01-06 09:36:47,N,AAPL,295.97,4.0,295.99,2.0,2.0,0.0,2020-01-06 09:36:47.394778,295.93,295.99,0,0.01999999999998181,0.040566981375150135,1,-1,0.3333333333333333,0.00668
354,2020-01-06 09:36:48,N,AAPL,295.93,2.0,295.99,1.0,0.0,0.0,2020-01-06 09:36:48.164523,295.92,295.99,0,0.060000000000002274,0.03837799099238737,1,1,0.3333333333333333,0.00668
355,2020-01-06 09:36:49,N,AAPL,295.92,2.0,295.99,1.0,0.0,0.0,2020-01-06 09:36:49.082976,295.97,296.01,0,0.06999999999999318,0.0353336027297928,1,1,0.3333333333333333,0.00668
356,2020-01-06 09:36:50,N,AAPL,295.97,3.0,296.01,5.0,1.0,1.0,2020-01-06 09:36:50.048519,295.94,295.98,0,0.03999999999996362,0.03706770898998002,1,-1,-0.25,0.00668
357,2020-01-06 09:36:51,N,AAPL,295.94,4.0,295.98,1.0,3.0,0.0,2020-01-06 09:36:51.305521,295.92,295.99,0,0.040000000000020464,0.030402390895176268,1,1,0.6,0.00668
358,2020-01-06 09:36:52,N,AAPL,295.92,2.0,295.99,1.0,1.0,0.0,2020-01-06 09:36:52.086459,295.89,295.93,0,0.06999999999999318,0.028387865008312474,1,1,0.3333333333333333,0.00668
359,2020-01-06 09:36:53,N,AAPL,295.89,2.0,295.93,4.0,1.0,2.0,2020-01-06 09:36:53.067034,295.89,295.93,0,0.040000000000020464,0.022924489386582536,1,-1,-0.3333333333333333,0.00668
360,2020-01-06 09:36:54,N,AAPL,295.89,4.0,295.93,9.0,2.0,8.0,2020-01-06 09:36:54.187869,295.87,295.91,0,0.040000000000020464,0.02807897393518033,1,1,-0.38461538461538464,0.00668
361,2020-01-06 09:36:55,N,AAPL,295.87,27.0,295.91,4.0,26.0,2.0,2020-01-06 09:36:55.273497,295.8,295.84,-1,0.040000000000020464,0.006543302417185259,1,1,0.7419354838709677,0.00668
362,2020-01-06 09:36:57,N,AAPL,295.8,2.0,295.84,4.0,1.0,3.0,2020-01-06 09:36:57.118369,295.82,295.92,0,0.03999999999996362,0.003501305831036916,1,-1,-0.3333333333333333,0.00668
363,2020-01-06 09:36:58,N,AAPL,295.82,2.0,295.92,9.0,-2.0,4.0,2020-01-06 09:36:58.011256,295.83,295.9,0,0.10000000000002274,0.00936856285295562,1,1,-0.6363636363636364,0.00668
364,2020-01-06 09:36:59,N,AAPL,295.83,4.0,295.9,2.0,2.0,0.0,2020-01-06 09:36:59.007603,295.81,295.86,0,0.06999999999999318,0.006681617562662723,1,-1,0.3333333333333333,0.00668
365,2020-01-06 09:37:00,N,AAPL,295.81,1.0,295.86,1.0,0.0,-1.0,2020-01-06 09:37:00.289064,295.81,295.86,0,0.05000000000001137,0.001673917854134288,1,-1,0.0,0.00668
366,2020-01-06 09:37:01,N,AAPL,295.81,2.0,295.86,3.0,1.0,2.0,2020-01-06 09:37:01.141781,295.8,295.85,0,0.05000000000001137,0.002267672891946404,1,1,-0.2,0.00668
367,2020-01-06 09:37:02,N,AAPL,295.8,1.0,295.85,3.0,0.0,1.0,2020-01-06 09:37:02.000669,295.86,295.91,1,0.05000000000001137,0.0013256486375894383,1,1,-0.5,0.00668
368,2020-01-06 09:37:04,N,AAPL,295.86,10.0,295.91,3.0,9.0,-1.0,2020-01-06 09:37:04.009021,295.88,295.91,0,0.05000000000001137,-0.006130982135971408,1,1,0.5384615384615384,0.00668
369,2020-01-06 09:37:05,N,AAPL,295.88,1.0,295.91,1.0,-9.0,-2.0,2020-01-06 09:37:05.073398,295.87,295.92,0,0.03000000000002956,-0.0080207448386318,1,-1,0.0,0.00668
370,2020-01-06 09:37:06,N,AAPL,295.87,2.0,295.92,3.0,0.0,1.0,2020-01-06 09:37:06.025573,295.89,295.94,0,0.05000000000001137,-0.007062316333076524,1,1,-0.2,0.00668
371,2020-01-06 09:37:07,N,AAPL,295.89,2.0,295.94,30.0,0.0,29.0,2020-01-06 09:37:07.039783,295.91,295.96,0,0.05000000000001137,0.008494540493700242,1,1,-0.875,0.00668
372,2020-01-06 09:37:08,N,AAPL,295.91,2.0,295.96,2.0,-2.0,0.0,2020-01-06 09:37:08.122197,295.89,295.95,0,0.049999999999954525,0.008529571426720395,1,-1,0.0,0.00668
373,2020-01-06 09:37:09,N,AAPL,295.89,3.0,295.95,2.0,1.0,1.0,2020-01-06 09:37:09.227623,295.89,295.93,0,0.060000000000002274,0.0026089574344041466,1,1,0.2,0.00677
374,2020-01-06 09:37:10,N,AAPL,295.89,1.0,295.93,2.0,-2.0,0.0,2020-01-06 09:37:10.012372,295.86,295.93,0,0.040000000000020464,0.0010139022205635229,1,-1,-0.3333333333333333,0.00677
375,2020-01-06 09:37:11,N,AAPL,295.86,3.0,295.93,2.0,1.0,0.0,2020-01-06 09:37:11.784779,295.92,295.97,0,0.06999999999999318,-0.0017130382609593653,1,1,0.2,0.00677
376,2020-01-06 09:37:12,N,AAPL,295.92,3.0,295.97,1.0,2.0,-1.0,2020-01-06 09:37:12.466570,295.93,295.96,0,0.05000000000001137,-0.0030361618217398245,1,-1,0.5,0.00677
377,2020-01-06 09:37:13,N,AAPL,295.93,2.0,295.96,1.0,0.0,0.0,2020-01-06 09:37:13.295909,295.94,295.99,0,0.029999999999972715,-0.00856072962409371,1,-1,0.3333333333333333,0.00677
378,2020-01-06 09:37:14,N,AAPL,295.94,2.0,295.99,4.0,-2.0,3.0,2020-01-06 09:37:14.000842,296.05,296.09,1,0.05000000000001137,-0.008849672153132815,1,1,-0.3333333333333333,0.00677
379,2020-01-06 09:37:15,N,AAPL,296.05,4.0,296.09,1.0,3.0,-6.0,2020-01-06 09:37:15.998868,296.05,296.1,0,0.03999999999996362,-0.011342047623372764,1,-1,0.6,0.00677
380,2020-01-06 09:37:16,N,AAPL,296.05,4.0,296.1,2.0,0.0,0.0,2020-01-06 09:37:16.029498,296.1,296.15,0,0.05000000000001137,-0.00894995220016881,1,1,0.3333333333333333,0.00677
381,2020-01-06 09:37:17,N,AAPL,296.1,3.0,296.15,2.0,1.0,1.0,2020-01-06 09:37:17.018399,296.11,296.16,0,0.049999999999954525,-0.009659255653048149,1,-1,0.2,0.00677
382,2020-01-06 09:37:18,N,AAPL,296.11,3.0,296.16,2.0,2.0,1.0,2020-01-06 09:37:18.044132,296.0,296.05,-1,0.05000000000001137,-0.009625882888940396,1,1,0.2,0.00677
383,2020-01-06 09:37:19,N,AAPL,296.0,2.0,296.05,4.0,0.0,0.0,2020-01-06 09:37:19.372971,296.01,296.04,0,0.05000000000001137,-0.0072780152679570165,1,1,-0.3333333333333333,0.00677
384,2020-01-06 09:37:20,N,AAPL,296.01,2.0,296.04,2.0,1.0,-1.0,2020-01-06 09:37:20.943390,296.01,296.09,0,0.03000000000002956,-0.007506764069262317,1,-1,0.0,0.00677
385,2020-01-06 09:37:21,N,AAPL,296.01,2.0,296.09,2.0,-2.0,0.0,2020-01-06 09:37:21.033084,296.08,296.14,0,0.07999999999998408,-0.006186185308138192,1,1,0.0,0.00677
386,2020-01-06 09:37:22,N,AAPL,296.08,2.0,296.14,1.0,0.0,-2.0,2020-01-06 09:37:22.093147,296.08,296.14,0,0.060000000000002274,-0.010369493985479039,1,-1,0.3333333333333333,0.00677
387,2020-01-06 09:37:23,N,AAPL,296.08,2.0,296.14,1.0,0.0,-2.0,2020-01-06 09:37:23.004586,296.03,296.08,0,0.060000000000002274,-0.012316122781555805,1,1,0.3333333333333333,0.00677
388,2020-01-06 09:37:24,N,AAPL,296.03,2.0,296.08,2.0,0.0,0.0,2020-01-06 09:37:24.013306,296.01,296.08,0,0.05000000000001137,-0.01346645296183624,1,-1,0.0,0.00677
389,2020-01-06 09:37:25,N,AAPL,296.01,1.0,296.08,2.0,0.0,0.0,2020-01-06 09:37:25.025976,296.01,296.07,0,0.06999999999999318,-0.016101423712768792,1,1,-0.3333333333333333,0.00677
390,2020-01-06 09:37:26,N,AAPL,296.01,4.0,296.07,2.0,1.0,1.0,2020-01-06 09:37:26.137500,296.01,296.07,0,0.060000000000002274,-0.016840082712008098,1,-1,0.3333333333333333,0.00677
391,2020-01-06 09:37:27,N,AAPL,296.01,2.0,296.07,5.0,-1.0,1.0,2020-01-06 09:37:27.208592,296.02,296.07,0,0.060000000000002274,-0.018805331354258215,1,1,-0.42857142857142855,0.00677
392,2020-01-06 09:37:28,N,AAPL,296.02,4.0,296.07,2.0,2.0,0.0,2020-01-06 09:37:28.045558,296.01,296.05,0,0.05000000000001137,-0.022375543085729532,1,-1,0.3333333333333333,0.00677
393,2020-01-06 09:37:29,N,AAPL,296.01,3.0,296.05,2.0,1.0,-1.0,2020-01-06 09:37:29.003485,296.03,296.06,0,0.040000000000020464,-0.02565629046699769,1,-1,0.2,0.00677
394,2020-01-06 09:37:30,N,AAPL,296.03,2.0,296.06,14.0,0.0,12.0,2020-01-06 09:37:30.282662,296.01,296.03,0,0.03000000000002956,-0.021090223104465622,1,-1,-0.75,0.00677
395,2020-01-06 09:37:31,N,AAPL,296.01,2.0,296.03,4.0,-2.0,3.0,2020-01-06 09:37:31.973115,296.02,296.04,0,0.01999999999998181,-0.0239539815615899,1,-1,-0.3333333333333333,0.00677
396,2020-01-06 09:37:32,N,AAPL,296.02,1.0,296.04,3.0,-1.0,-1.0,2020-01-06 09:37:32.744950,296.02,296.05,0,0.020000000000038654,-0.027177021973045612,1,1,-0.5,0.00677
397,2020-01-06 09:37:33,N,AAPL,296.02,1.0,296.05,4.0,0.0,-4.0,2020-01-06 09:37:33.423920,295.99,296.01,-1,0.03000000000002956,-0.03062763622995135,1,1,-0.6,0.00677
398,2020-01-06 09:37:34,N,AAPL,295.99,1.0,296.01,7.0,-16.0,6.0,2020-01-06 09:37:34.014185,295.9,295.93,-1,0.01999999999998181,-0.027247610349263596,1,-1,-0.75,0.00677
399,2020-01-06 09:37:35,N,AAPL,295.9,1.0,295.93,3.0,-1.0,1.0,2020-01-06 09:37:35.671150,295.86,295.89,-1,0.03000000000002956,-0.026225321575850558,1,1,-0.5,0.00677
400,2020-01-06 09:37:36,N,AAPL,295.86,2.0,295.89,1.0,1.0,-3.0,2020-01-06 09:37:36.027842,295.82,295.89,0,0.029999999999972715,-0.03149362242822917,1,-1,0.3333333333333333,0.00677
401,2020-01-06 09:37:37,N,AAPL,295.82,5.0,295.89,1.0,3.0,-1.0,2020-01-06 09:37:37.029630,295.85,295.89,0,0.06999999999999318,-0.03437058201967602,1,1,0.6666666666666666,0.00677
402,2020-01-06 09:37:38,N,AAPL,295.85,2.0,295.89,2.0,1.0,-2.0,2020-01-06 09:37:38.389128,295.84,295.88,0,0.03999999999996362,-0.038136420238743085,1,-1,0.0,0.00677
403,2020-01-06 09:37:40,N,AAPL,295.84,2.0,295.88,1.0,1.0,0.0,2020-01-06 09:37:40.529132,295.81,295.84,0,0.040000000000020464,-0.042371130330536744,1,1,0.3333333333333333,0.00677
404,2020-01-06 09:37:42,N,AAPL,295.81,7.0,295.84,1.0,5.0,0.0,2020-01-06 09:37:42.279195,295.86,295.9,1,0.029999999999972715,-0.048791924771137474,1,-1,0.75,0.00677
405,2020-01-06 09:37:43,N,AAPL,295.86,4.0,295.9,12.0,1.0,10.0,2020-01-06 09:37:43.199592,295.9,295.91,0,0.03999999999996362,-0.04706515434679659,1,1,-0.5,0.00677
406,2020-01-06 09:37:44,N,AAPL,295.9,2.0,295.91,2.0,-1.0,-10.0,2020-01-06 09:37:44.152635,295.95,295.96,1,0.010000000000047748,-0.010261565272344342,1,-1,0.0,0.00677
407,2020-01-06 09:37:45,N,AAPL,295.95,1.0,295.96,4.0,-2.0,3.0,2020-01-06 09:37:45.999906,295.94,295.96,0,0.009999999999990905,0.029454458192503807,1,-1,-0.6,0.00677
408,2020-01-06 09:37:46,N,AAPL,295.94,2.0,295.96,4.0,1.0,0.0,2020-01-06 09:37:46.000013,295.96,295.99,0,0.01999999999998181,0.03038720761685454,1,1,-0.3333333333333333,0.00677
409,2020-01-06 09:37:47,N,AAPL,295.96,1.0,295.99,2.0,-1.0,-2.0,2020-01-06 09:37:47.325425,295.96,295.98,0,0.03000000000002956,0.06974069162453134,1,1,-0.3333333333333333,0.00677
410,2020-01-06 09:37:48,N,AAPL,295.96,1.0,295.98,2.0,-2.0,0.0,2020-01-06 09:37:48.364392,295.97,295.99,0,0.020000000000038654,0.0680930274710363,1,-1,-0.3333333333333333,0.00677
411,2020-01-06 09:37:52,N,AAPL,295.97,4.0,295.99,2.0,3.0,0.0,2020-01-06 09:37:52.033332,295.98,296.03,0,0.01999999999998181,0.0677847301951715,1,-1,0.3333333333333333,0.00677
412,2020-01-06 09:37:53,N,AAPL,295.98,2.0,296.03,2.0,1.0,-2.0,2020-01-06 09:37:53.347747,295.96,296.0,0,0.049999999999954525,0.06801829520776437,1,1,0.0,0.00677
413,2020-01-06 09:37:54,N,AAPL,295.96,4.0,296.0,1.0,3.0,-2.0,2020-01-06 09:37:54.157141,295.96,296.02,0,0.040000000000020464,0.06674932921390564,1,-1,0.6,0.00677
414,2020-01-06 09:37:55,N,AAPL,295.96,2.0,296.02,2.0,-1.0,0.0,2020-01-06 09:37:55.021300,295.96,296.01,0,0.060000000000002274,0.06717274849654586,1,1,0.0,0.00683
415,2020-01-06 09:37:56,N,AAPL,295.96,5.0,296.01,1.0,-3.0,-1.0,2020-01-06 09:37:56.073065,295.94,295.96,0,0.05000000000001137,0.062332303344419415,1,-1,0.6666666666666666,0.00683
416,2020-01-06 09:37:57,N,AAPL,295.94,2.0,295.96,2.0,-6.0,-3.0,2020-01-06 09:37:57.732194,295.9,295.92,-1,0.01999999999998181,0.06158642393432956,1,-1,0.0,0.00683
417,2020-01-06 09:37:58,N,AAPL,295.9,1.0,295.92,4.0,-1.0,0.0,2020-01-06 09:37:58.795357,295.87,295.92,0,0.020000000000038654,0.06136544389818255,1,1,-0.6,0.00683
418,2020-01-06 09:37:59,N,AAPL,295.87,1.0,295.92,2.0,-1.0,0.0,2020-01-06 09:37:59.019357,295.82,295.85,-1,0.05000000000001137,0.060149275022752136,1,1,-0.3333333333333333,0.00683
419,2020-01-06 09:38:01,N,AAPL,295.82,25.0,295.85,1.0,22.0,-1.0,2020-01-06 09:38:01.253709,295.79,295.82,0,0.03000000000002956,0.05227707318283592,1,-1,0.9230769230769231,0.00683
420,2020-01-06 09:38:02,N,AAPL,295.79,2.0,295.82,1.0,-23.0,0.0,2020-01-06 09:38:02.528268,295.71,295.75,-1,0.029999999999972715,0.05010770859274771,1,-1,0.3333333333333333,0.00683
421,2020-01-06 09:38:03,N,AAPL,295.71,7.0,295.75,4.0,5.0,2.0,2020-01-06 09:38:03.065664,295.65,295.68,-1,0.040000000000020464,0.04821548966958744,1,1,0.2727272727272727,0.00683
422,2020-01-06 09:38:04,N,AAPL,295.65,2.0,295.68,1.0,0.0,-2.0,2020-01-06 09:38:04.002862,295.65,295.73,0,0.03000000000002956,0.04772526728726234,1,-1,0.3333333333333333,0.00683
423,2020-01-06 09:38:05,N,AAPL,295.65,3.0,295.73,2.0,0.0,1.0,2020-01-06 09:38:05.162967,295.73,295.77,0,0.08000000000004093,0.05028801732009924,1,1,0.2,0.00683
424,2020-01-06 09:38:06,N,AAPL,295.73,1.0,295.77,2.0,-1.0,1.0,2020-01-06 09:38:06.222590,295.68,295.74,0,0.03999999999996362,0.05024054957294766,1,-1,-0.3333333333333333,0.00683
425,2020-01-06 09:38:07,N,AAPL,295.68,2.0,295.74,4.0,1.0,2.0,2020-01-06 09:38:07.230390,295.68,295.71,0,0.060000000000002274,0.06008753357366459,1,1,-0.3333333333333333,0.00683
426,2020-01-06 09:38:08,N,AAPL,295.68,1.0,295.71,1.0,-1.0,0.0,2020-01-06 09:38:08.813566,295.64,295.69,0,0.029999999999972715,0.06093285985679131,1,-1,0.0,0.00683
427,2020-01-06 09:38:09,N,AAPL,295.64,2.0,295.69,3.0,1.0,1.0,2020-01-06 09:38:09.075385,295.63,295.65,0,0.05000000000001137,0.06714321329366157,1,1,-0.2,0.00683
428,2020-01-06 09:38:10,N,AAPL,295.63,1.0,295.65,4.0,0.0,2.0,2020-01-06 09:38:10.032254,295.63,295.66,0,0.01999999999998181,0.06692727099419926,1,-1,-0.6,0.00683
429,2020-01-06 09:38:11,N,AAPL,295.63,3.0,295.66,2.0,-5.0,1.0,2020-01-06 09:38:11.553336,295.62,295.66,0,0.03000000000002956,0.06603057539359725,1,1,0.2,0.00683
430,2020-01-06 09:38:12,N,AAPL,295.62,3.0,295.66,2.0,2.0,1.0,2020-01-06 09:38:12.302543,295.53,295.59,-1,0.040000000000020464,0.06578942845959546,1,1,0.2,0.00683
431,2020-01-06 09:38:13,N,AAPL,295.53,5.0,295.59,2.0,4.0,0.0,2020-01-06 09:38:13.009306,295.52,295.56,0,0.060000000000002274,0.06589733347402671,1,1,0.42857142857142855,0.00683
432,2020-01-06 09:38:14,N,AAPL,295.52,3.0,295.56,2.0,1.0,0.0,2020-01-06 09:38:14.050763,295.51,295.56,0,0.040000000000020464,0.06923269873857407,1,-1,0.2,0.00683
433,2020-01-06 09:38:15,N,AAPL,295.51,3.0,295.56,1.0,2.0,0.0,2020-01-06 09:38:15.045710,295.58,295.63,1,0.05000000000001137,0.06782264226876578,1,1,0.5,0.00683
434,2020-01-06 09:38:16,N,AAPL,295.58,2.0,295.63,2.0,0.0,1.0,2020-01-06 09:38:16.668771,295.56,295.63,0,0.05000000000001137,0.0663308335884949,1,1,0.0,0.00683
435,2020-01-06 09:38:17,N,AAPL,295.56,2.0,295.63,2.0,0.0,0.0,2020-01-06 09:38:17.077055,295.55,295.59,0,0.06999999999999318,0.0709424359673676,1,1,0.0,0.00683
436,2020-01-06 09:38:18,N,AAPL,295.55,5.0,295.59,2.0,4.0,1.0,2020-01-06 09:38:18.324839,295.58,295.62,0,0.03999999999996362,0.07091629246804132,1,-1,0.42857142857142855,0.00683
437,2020-01-06 09:38:19,N,AAPL,295.58,2.0,295.62,2.0,-1.0,0.0,2020-01-06 09:38:19.020125,295.55,295.59,0,0.040000000000020464,0.06962121212126249,1,1,0.0,0.00683
438,2020-01-06 09:38:20,N,AAPL,295.55,2.0,295.59,2.0,-1.0,1.0,2020-01-06 09:38:20.380713,295.49,295.52,-1,0.03999999999996362,0.06831940090563648,1,-1,0.0,0.00683
439,2020-01-06 09:38:21,N,AAPL,295.49,1.0,295.52,4.0,-3.0,2.0,2020-01-06 09:38:21.847382,295.5,295.53,0,0.029999999999972715,0.06874558622644145,1,-1,-0.6,0.00683
440,2020-01-06 09:38:22,N,AAPL,295.5,3.0,295.53,1.0,1.0,-1.0,2020-01-06 09:38:22.250373,295.45,295.48,-1,0.029999999999972715,0.0693894611136443,1,1,0.5,0.00683
441,2020-01-06 09:38:23,N,AAPL,295.45,1.0,295.48,2.0,-5.0,0.0,2020-01-06 09:38:23.687197,295.45,295.47,0,0.03000000000002956,0.06845303610822384,1,1,-0.3333333333333333,0.00683
442,2020-01-06 09:38:24,N,AAPL,295.45,1.0,295.47,4.0,0.0,2.0,2020-01-06 09:38:24.117239,295.43,295.46,0,0.020000000000038654,0.065663260685767,1,-1,-0.6,0.00683
443,2020-01-06 09:38:25,N,AAPL,295.43,1.0,295.46,4.0,0.0,2.0,2020-01-06 09:38:25.036045,295.42,295.47,0,0.029999999999972715,0.06292911062621442,1,1,-0.6,0.00683
444,2020-01-06 09:38:26,N,AAPL,295.42,2.0,295.47,2.0,1.0,0.0,2020-01-06 09:38:26.062944,295.42,295.46,0,0.05000000000001137,0.06270970596403913,1,1,0.0,0.00683
445,2020-01-06 09:38:27,N,AAPL,295.42,1.0,295.46,2.0,-2.0,1.0,2020-01-06 09:38:27.458206,295.4,295.44,0,0.03999999999996362,0.06239671092544086,1,-1,-0.3333333333333333,0.00683
446,2020-01-06 09:38:28,N,AAPL,295.4,6.0,295.44,2.0,0.0,-2.0,2020-01-06 09:38:28.048842,295.35,295.4,0,0.040000000000020464,0.06260008657807248,1,1,0.5,0.00683
447,2020-01-06 09:38:29,N,AAPL,295.35,2.0,295.4,3.0,-9.0,1.0,2020-01-06 09:38:29.121207,295.28,295.34,-1,0.049999999999954525,0.06339179129503236,1,1,-0.2,0.00683
448,2020-01-06 09:38:30,N,AAPL,295.28,2.0,295.34,4.0,1.0,3.0,2020-01-06 09:38:30.145255,295.32,295.36,0,0.060000000000002274,0.06185301925205522,1,1,-0.3333333333333333,0.00683
449,2020-01-06 09:38:31,N,AAPL,295.32,4.0,295.36,2.0,3.0,0.0,2020-01-06 09:38:31.309096,295.31,295.35,0,0.040000000000020464,0.0610546635395508,1,-1,0.3333333333333333,0.00683
450,2020-01-06 09:38:32,N,AAPL,295.31,2.0,295.35,4.0,1.0,0.0,2020-01-06 09:38:32.250368,295.34,295.38,0,0.040000000000020464,0.057772051257586554,1,1,-0.3333333333333333,0.00683
451,2020-01-06 09:38:33,N,AAPL,295.34,2.0,295.38,1.0,0.0,0.0,2020-01-06 09:38:33.197379,295.34,295.36,0,0.040000000000020464,0.05792916776391621,1,1,0.3333333333333333,0.00683
452,2020-01-06 09:38:35,N,AAPL,295.34,2.0,295.36,2.0,0.0,0.0,2020-01-06 09:38:35.105900,295.37,295.44,1,0.020000000000038654,0.05569057652525089,1,-1,0.0,0.00683
453,2020-01-06 09:38:36,N,AAPL,295.37,2.0,295.44,2.0,0.0,0.0,2020-01-06 09:38:36.497454,295.47,295.5,1,0.06999999999999318,0.05495382231401891,1,1,0.0,0.00683
454,2020-01-06 09:38:38,N,AAPL,295.47,1.0,295.5,1.0,0.0,-1.0,2020-01-06 09:38:38.444661,295.44,295.49,0,0.029999999999972715,0.05298698709589189,1,-1,0.0,0.00683
455,2020-01-06 09:38:39,N,AAPL,295.44,1.0,295.49,4.0,0.0,3.0,2020-01-06 09:38:39.501890,295.46,295.51,0,0.05000000000001137,0.05140458490717492,1,1,-0.6,0.00683
456,2020-01-06 09:38:40,N,AAPL,295.46,2.0,295.51,3.0,1.0,1.0,2020-01-06 09:38:40.282664,295.48,295.51,0,0.05000000000001137,0.0511208777338652,1,1,-0.2,0.00686
457,2020-01-06 09:38:43,N,AAPL,295.48,2.0,295.51,1.0,0.0,-1.0,2020-01-06 09:38:43.251915,295.5,295.54,0,0.029999999999972715,0.051982854082041285,1,-1,0.3333333333333333,0.00686
458,2020-01-06 09:38:46,N,AAPL,295.5,1.0,295.54,1.0,-2.0,-1.0,2020-01-06 09:38:46.099621,295.5,295.54,0,0.040000000000020464,0.04977275667738468,1,1,0.0,0.00686
459,2020-01-06 09:38:47,N,AAPL,295.5,2.0,295.54,2.0,0.0,0.0,2020-01-06 09:38:47.257037,295.5,295.54,0,0.040000000000020464,0.05040180284726148,1,1,0.0,0.00686
460,2020-01-06 09:38:48,N,AAPL,295.5,2.0,295.54,2.0,0.0,1.0,2020-01-06 09:38:48.647209,295.5,295.56,0,0.040000000000020464,0.05022981837311136,1,1,0.0,0.00686
461,2020-01-06 09:38:49,N,AAPL,295.5,2.0,295.56,3.0,0.0,2.0,2020-01-06 09:38:49.006820,295.55,295.57,0,0.060000000000002274,0.04799361826576387,1,1,-0.2,0.00686
462,2020-01-06 09:38:50,N,AAPL,295.55,1.0,295.57,2.0,-1.0,-1.0,2020-01-06 09:38:50.112147,295.59,295.64,1,0.01999999999998181,0.044638597171228867,1,-1,-0.3333333333333333,0.00686
463,2020-01-06 09:38:51,N,AAPL,295.59,2.0,295.64,2.0,0.0,0.0,2020-01-06 09:38:51.097289,295.56,295.61,0,0.05000000000001137,0.044472870914660234,1,1,0.0,0.00686
464,2020-01-06 09:38:52,N,AAPL,295.56,2.0,295.61,2.0,-3.0,0.0,2020-01-06 09:38:52.131633,295.54,295.61,0,0.05000000000001137,0.04241468124558878,1,1,0.0,0.00686
465,2020-01-06 09:38:53,N,AAPL,295.54,4.0,295.61,3.0,1.0,1.0,2020-01-06 09:38:53.320966,295.49,295.55,0,0.06999999999999318,0.042231607937537774,1,1,0.14285714285714285,0.00686
466,2020-01-06 09:38:54,N,AAPL,295.49,2.0,295.55,4.0,-2.0,0.0,2020-01-06 09:38:54.326863,295.51,295.55,0,0.060000000000002274,0.046596718158809836,1,-1,-0.3333333333333333,0.00686
467,2020-01-06 09:38:55,N,AAPL,295.51,3.0,295.55,1.0,2.0,0.0,2020-01-06 09:38:55.033669,295.52,295.56,0,0.040000000000020464,0.050062383667523136,1,-1,0.5,0.00686
468,2020-01-06 09:38:56,N,AAPL,295.52,1.0,295.56,1.0,-1.0,-3.0,2020-01-06 09:38:56.047018,295.5,295.56,0,0.040000000000020464,0.05326162569099324,1,1,0.0,0.00686
469,2020-01-06 09:38:57,N,AAPL,295.5,5.0,295.56,2.0,0.0,0.0,2020-01-06 09:38:57.225373,295.57,295.6,1,0.060000000000002274,0.05227399211361217,1,1,0.42857142857142855,0.00686
470,2020-01-06 09:38:59,N,AAPL,295.57,3.0,295.6,4.0,-1.0,-1.0,2020-01-06 09:38:59.288821,295.54,295.59,0,0.03000000000002956,0.04904119482932856,1,-1,-0.14285714285714285,0.00686
471,2020-01-06 09:39:00,N,AAPL,295.54,2.0,295.59,2.0,-1.0,-2.0,2020-01-06 09:39:00.070742,295.5,295.54,0,0.049999999999954525,0.04959229637211138,1,1,0.0,0.00686
472,2020-01-06 09:39:01,N,AAPL,295.5,6.0,295.54,2.0,5.0,0.0,2020-01-06 09:39:01.099877,295.53,295.58,0,0.040000000000020464,0.0494813056784551,1,-1,0.5,0.00686
473,2020-01-06 09:39:03,N,AAPL,295.53,2.0,295.58,2.0,-4.0,1.0,2020-01-06 09:39:03.348094,295.57,295.59,0,0.05000000000001137,0.050494422003225736,1,1,0.0,0.00686
474,2020-01-06 09:39:04,N,AAPL,295.57,10.0,295.59,4.0,9.0,2.0,2020-01-06 09:39:04.507506,295.59,295.59,0,0.01999999999998181,0.05001661306641836,1,-1,0.42857142857142855,0.00686
475,2020-01-06 09:39:05,N,AAPL,295.59,4.0,295.59,2.0,-8.0,-2.0,2020-01-06 09:39:05.016063,295.72,295.75,1,0.0,0.04952831300727212,1,-1,0.3333333333333333,0.00686
476,2020-01-06 09:39:07,N,AAPL,295.72,1.0,295.75,4.0,-3.0,2.0,2020-01-06 09:39:07.366634,295.71,295.73,0,0.029999999999972715,0.04950915298638847,1,1,-0.6,0.00686
477,2020-01-06 09:39:08,N,AAPL,295.71,1.0,295.73,5.0,-1.0,4.0,2020-01-06 09:39:08.127063,295.68,295.72,0,0.020000000000038654,0.04947149692804942,1,-1,-0.6666666666666666,0.00686
478,2020-01-06 09:39:09,N,AAPL,295.68,2.0,295.72,2.0,1.0,-2.0,2020-01-06 09:39:09.332125,295.71,295.76,0,0.040000000000020464,0.04938671925350491,1,1,0.0,0.00686
479,2020-01-06 09:39:10,N,AAPL,295.71,3.0,295.76,2.0,1.0,0.0,2020-01-06 09:39:10.004791,295.71,295.74,0,0.05000000000001137,0.04826352523798505,1,1,0.2,0.00686
480,2020-01-06 09:39:12,N,AAPL,295.71,3.0,295.74,1.0,2.0,-2.0,2020-01-06 09:39:12.168112,295.77,295.81,1,0.03000000000002956,0.047995859213415315,1,-1,0.5,0.00686
481,2020-01-06 09:39:13,N,AAPL,295.77,2.0,295.81,1.0,1.0,0.0,2020-01-06 09:39:13.116065,295.73,295.79,0,0.040000000000020464,0.05601020834308201,1,1,0.3333333333333333,0.00686
482,2020-01-06 09:39:14,N,AAPL,295.73,2.0,295.79,1.0,1.0,0.0,2020-01-06 09:39:14.007864,295.75,295.8,0,0.060000000000002274,0.05587439190065879,1,1,0.3333333333333333,0.00686
483,2020-01-06 09:39:15,N,AAPL,295.75,4.0,295.8,1.0,2.0,-1.0,2020-01-06 09:39:15.369848,295.75,295.79,0,0.05000000000001137,0.05515505299189272,1,-1,0.6,0.00686
484,2020-01-06 09:39:16,N,AAPL,295.75,2.0,295.79,1.0,-1.0,-1.0,2020-01-06 09:39:16.122451,295.79,295.82,0,0.040000000000020464,0.05500637835024236,1,-1,0.3333333333333333,0.00686
485,2020-01-06 09:39:17,N,AAPL,295.79,4.0,295.82,9.0,3.0,2.0,2020-01-06 09:39:17.014868,295.79,295.8,0,0.029999999999972715,0.05533625310874868,1,-1,-0.38461538461538464,0.00686
486,2020-01-06 09:39:19,N,AAPL,295.79,1.0,295.8,4.0,-1.0,-5.0,2020-01-06 09:39:19.156088,295.68,295.73,-1,0.009999999999990905,0.06060909546255289,1,-1,-0.6,0.00686
487,2020-01-06 09:39:21,N,AAPL,295.68,3.0,295.73,2.0,0.0,-1.0,2020-01-06 09:39:21.020732,295.67,295.71,0,0.05000000000001137,0.06096830839692302,1,1,0.2,0.00686
488,2020-01-06 09:39:22,N,AAPL,295.67,2.0,295.71,2.0,0.0,-1.0,2020-01-06 09:39:22.058731,295.59,295.64,-1,0.03999999999996362,0.06518647134504363,1,-1,0.0,0.00686
489,2020-01-06 09:39:23,N,AAPL,295.59,6.0,295.64,4.0,0.0,2.0,2020-01-06 09:39:23.348771,295.6,295.65,0,0.05000000000001137,0.06528442525427636,1,1,0.2,0.00686
490,2020-01-06 09:39:24,N,AAPL,295.6,2.0,295.65,4.0,-4.0,2.0,2020-01-06 09:39:24.208467,295.57,295.59,-1,0.049999999999954525,0.06493765235808269,1,-1,-0.3333333333333333,0.00686
491,2020-01-06 09:39:25,N,AAPL,295.57,1.0,295.59,1.0,0.0,-1.0,2020-01-06 09:39:25.117303,295.61,295.65,1,0.01999999999998181,0.06292226987125105,1,-1,0.0,0.00686
492,2020-01-06 09:39:26,N,AAPL,295.61,1.0,295.65,4.0,-1.0,3.0,2020-01-06 09:39:26.002649,295.63,295.65,0,0.03999999999996362,0.06123672539837344,1,1,-0.6,0.00686
493,2020-01-06 09:39:28,N,AAPL,295.63,4.0,295.65,1.0,3.0,-1.0,2020-01-06 09:39:28.054318,295.64,295.68,0,0.01999999999998181,0.06048155358416807,1,-1,0.6,0.00686
494,2020-01-06 09:39:29,N,AAPL,295.64,4.0,295.68,2.0,2.0,0.0,2020-01-06 09:39:29.208036,295.63,295.66,0,0.040000000000020464,0.060348441497239946,1,1,0.3333333333333333,0.00686
495,2020-01-06 09:39:30,N,AAPL,295.63,3.0,295.66,1.0,1.0,-1.0,2020-01-06 09:39:30.565510,295.64,295.66,0,0.03000000000002956,0.05882413793091246,1,-1,0.5,0.00686
496,2020-01-06 09:39:31,N,AAPL,295.64,4.0,295.66,2.0,1.0,1.0,2020-01-06 09:39:31.266096,295.62,295.64,0,0.020000000000038654,0.05876073619623412,1,-1,0.3333333333333333,0.00686
497,2020-01-06 09:39:36,N,AAPL,295.62,3.0,295.64,4.0,2.0,-1.0,2020-01-06 09:39:36.044902,295.54,295.57,-1,0.01999999999998181,0.05938534917197558,1,-1,-0.14285714285714285,0.00686
498,2020-01-06 09:39:37,N,AAPL,295.54,1.0,295.57,2.0,0.0,0.0,2020-01-06 09:39:37.124195,295.5,295.55,0,0.029999999999972715,0.059513646161406086,1,1,-0.3333333333333333,0.00711
499,2020-01-06 09:39:38,N,AAPL,295.5,15.0,295.55,3.0,14.0,1.0,2020-01-06 09:39:38.072409,295.51,295.55,0,0.05000000000001137,0.060605457475617186,1,1,0.6666666666666666,0.00711
500,2020-01-06 09:39:39,N,AAPL,295.51,2.0,295.55,2.0,-14.0,-3.0,2020-01-06 09:39:39.048540,295.52,295.58,0,0.040000000000020464,0.060878829907892396,1,-1,0.0,0.00711
501,2020-01-06 09:39:40,N,AAPL,295.52,2.0,295.58,3.0,0.0,1.0,2020-01-06 09:39:40.908768,295.56,295.59,0,0.060000000000002274,0.06072163099673844,1,1,-0.2,0.00711
502,2020-01-06 09:39:43,N,AAPL,295.56,1.0,295.59,3.0,-1.0,1.0,2020-01-06 09:39:43.657369,295.51,295.55,-1,0.029999999999972715,0.060326321467073285,1,-1,-0.5,0.00711
503,2020-01-06 09:39:44,N,AAPL,295.51,4.0,295.55,4.0,3.0,2.0,2020-01-06 09:39:44.238818,295.52,295.58,0,0.040000000000020464,0.06192013611678249,1,1,0.0,0.00711
504,2020-01-06 09:39:45,N,AAPL,295.52,1.0,295.58,2.0,-1.0,0.0,2020-01-06 09:39:45.413123,295.54,295.58,0,0.060000000000002274,0.0626878623723428,1,1,-0.3333333333333333,0.00711
505,2020-01-06 09:39:48,N,AAPL,295.54,1.0,295.58,2.0,-1.0,0.0,2020-01-06 09:39:48.416113,295.59,295.62,1,0.03999999999996362,0.06168735584861906,1,-1,-0.3333333333333333,0.00711
506,2020-01-06 09:39:53,N,AAPL,295.59,3.0,295.62,3.0,2.0,1.0,2020-01-06 09:39:53.381658,295.59,295.63,0,0.03000000000002956,0.06083578832220837,1,-1,0.0,0.00711
507,2020-01-06 09:39:54,N,AAPL,295.59,2.0,295.63,1.0,0.0,0.0,2020-01-06 09:39:54.160795,295.59,295.63,0,0.040000000000020464,0.06022479331846853,1,1,0.3333333333333333,0.00711
508,2020-01-06 09:39:56,N,AAPL,295.59,2.0,295.63,1.0,0.0,0.0,2020-01-06 09:39:56.822491,295.58,295.6,0,0.040000000000020464,0.059624644301891294,1,1,0.3333333333333333,0.00711
509,2020-01-06 09:39:57,N,AAPL,295.58,1.0,295.6,4.0,-1.0,3.0,2020-01-06 09:39:57.012982,295.61,295.65,1,0.020000000000038654,0.058030647022121684,1,-1,-0.6,0.00711
510,2020-01-06 09:39:58,N,AAPL,295.61,2.0,295.65,2.0,0.0,0.0,2020-01-06 09:39:58.211639,295.61,295.67,0,0.03999999999996362,0.0574514108240578,1,1,0.0,0.00711
511,2020-01-06 09:39:59,N,AAPL,295.61,2.0,295.67,4.0,0.0,-1.0,2020-01-06 09:39:59.013618,295.63,295.66,0,0.060000000000002274,0.05609830097074564,1,1,-0.3333333333333333,0.00711
512,2020-01-06 09:40:00,N,AAPL,295.63,2.0,295.66,2.0,1.0,1.0,2020-01-06 09:40:00.977235,295.58,295.62,-1,0.03000000000002956,0.05966223730490583,1,-1,0.0,0.00711
513,2020-01-06 09:40:01,N,AAPL,295.58,1.0,295.62,3.0,-2.0,-3.0,2020-01-06 09:40:01.015232,295.57,295.61,0,0.040000000000020464,0.05885669178923081,1,1,-0.5,0.00711
514,2020-01-06 09:40:03,N,AAPL,295.57,4.0,295.61,4.0,2.0,2.0,2020-01-06 09:40:03.005534,295.6,295.64,0,0.040000000000020464,0.05946534072484155,1,1,0.0,0.00711
515,2020-01-06 09:40:04,N,AAPL,295.6,2.0,295.64,1.0,-1.0,-1.0,2020-01-06 09:40:04.000192,295.62,295.68,0,0.03999999999996362,0.060150996471634244,1,-1,0.3333333333333333,0.00711
516,2020-01-06 09:40:05,N,AAPL,295.62,2.0,295.68,1.0,0.0,-1.0,2020-01-06 09:40:05.137302,295.62,295.64,0,0.060000000000002274,0.06098302312693704,1,1,0.3333333333333333,0.00711
517,2020-01-06 09:40:06,N,AAPL,295.62,1.0,295.64,4.0,-1.0,2.0,2020-01-06 09:40:06.050155,295.55,295.58,-1,0.01999999999998181,0.06182543286973896,1,-1,-0.6,0.00711
518,2020-01-06 09:40:07,N,AAPL,295.55,10.0,295.58,4.0,8.0,2.0,2020-01-06 09:40:07.822960,295.55,295.6,0,0.029999999999972715,0.06223896240368276,1,1,0.42857142857142855,0.00711
519,2020-01-06 09:40:08,N,AAPL,295.55,9.0,295.6,1.0,-1.0,-1.0,2020-01-06 09:40:08.302305,295.56,295.57,0,0.05000000000001137,0.06429782082329893,1,1,0.8,0.00711
520,2020-01-06 09:40:09,N,AAPL,295.56,2.0,295.57,3.0,0.0,1.0,2020-01-06 09:40:09.565917,295.53,295.56,0,0.009999999999990905,0.06535551114603777,1,-1,-0.2,0.00711
521,2020-01-06 09:40:10,N,AAPL,295.53,5.0,295.56,3.0,3.0,0.0,2020-01-06 09:40:10.262469,295.53,295.56,0,0.03000000000002956,0.06612556126310665,1,1,0.25,0.00711
522,2020-01-06 09:40:11,N,AAPL,295.53,2.0,295.56,4.0,-3.0,1.0,2020-01-06 09:40:11.873728,295.51,295.54,0,0.03000000000002956,0.06508959224134969,1,1,-0.3333333333333333,0.00711
523,2020-01-06 09:40:12,N,AAPL,295.51,5.0,295.54,2.0,3.0,-1.0,2020-01-06 09:40:12.296080,295.51,295.54,0,0.03000000000002956,0.06604176878278167,1,1,0.42857142857142855,0.00711
524,2020-01-06 09:40:13,N,AAPL,295.51,2.0,295.54,4.0,-1.0,2.0,2020-01-06 09:40:13.635294,295.43,295.46,-1,0.03000000000002956,0.06847366354702444,1,1,-0.3333333333333333,0.00711
525,2020-01-06 09:40:14,N,AAPL,295.43,2.0,295.46,5.0,-2.0,1.0,2020-01-06 09:40:14.204558,295.42,295.45,0,0.029999999999972715,0.06966922381701579,1,-1,-0.42857142857142855,0.00711
526,2020-01-06 09:40:15,N,AAPL,295.42,3.0,295.45,1.0,-3.0,-1.0,2020-01-06 09:40:15.308209,295.43,295.47,0,0.029999999999972715,0.06986324249703557,1,1,0.5,0.00711
527,2020-01-06 09:40:16,N,AAPL,295.43,2.0,295.47,2.0,-2.0,-1.0,2020-01-06 09:40:16.099579,295.46,295.5,0,0.040000000000020464,0.06912182815517554,1,1,0.0,0.00711
528,2020-01-06 09:40:17,N,AAPL,295.46,1.0,295.5,2.0,0.0,-1.0,2020-01-06 09:40:17.550437,295.46,295.49,0,0.040000000000020464,0.07013320214844043,1,1,-0.3333333333333333,0.00711
529,2020-01-06 09:40:18,N,AAPL,295.46,2.0,295.49,4.0,1.0,2.0,2020-01-06 09:40:18.492226,295.43,295.47,0,0.03000000000002956,0.06991324495311346,1,-1,-0.3333333333333333,0.00711
530,2020-01-06 09:40:19,N,AAPL,295.43,1.0,295.47,2.0,-2.0,0.0,2020-01-06 09:40:19.414343,295.44,295.47,0,0.040000000000020464,0.0690644741731603,1,1,-0.3333333333333333,0.00711
531,2020-01-06 09:40:21,N,AAPL,295.44,2.0,295.47,1.0,1.0,0.0,2020-01-06 09:40:21.429009,295.49,295.52,1,0.03000000000002956,0.06974227457965299,1,-1,0.3333333333333333,0.00711
532,2020-01-06 09:40:22,N,AAPL,295.49,2.0,295.52,1.0,-1.0,0.0,2020-01-06 09:40:22.037627,295.48,295.52,0,0.029999999999972715,0.06864965438876425,1,-1,0.3333333333333333,0.00711
533,2020-01-06 09:40:23,N,AAPL,295.48,1.0,295.52,2.0,-1.0,1.0,2020-01-06 09:40:23.246585,295.42,295.45,-1,0.03999999999996362,0.06756435441940312,1,1,-0.3333333333333333,0.00711
534,2020-01-06 09:40:24,N,AAPL,295.42,1.0,295.45,5.0,0.0,1.0,2020-01-06 09:40:24.124139,295.33,295.37,-1,0.029999999999972715,0.06652057501020181,1,-1,-0.6666666666666666,0.00711
535,2020-01-06 09:40:25,N,AAPL,295.33,1.0,295.37,4.0,0.0,2.0,2020-01-06 09:40:25.243163,295.29,295.32,-1,0.040000000000020464,0.06485501630265844,1,1,-0.6,0.00711
536,2020-01-06 09:40:26,N,AAPL,295.29,2.0,295.32,2.0,1.0,0.0,2020-01-06 09:40:26.414917,295.28,295.3,0,0.029999999999972715,0.06367748470688639,1,-1,0.0,0.00711
537,2020-01-06 09:40:27,N,AAPL,295.28,2.0,295.3,4.0,1.0,2.0,2020-01-06 09:40:27.601374,295.27,295.32,0,0.020000000000038654,0.061825388287047645,1,-1,-0.3333333333333333,0.00711
538,2020-01-06 09:40:28,N,AAPL,295.27,2.0,295.32,3.0,1.0,0.0,2020-01-06 09:40:28.600701,295.28,295.3,0,0.05000000000001137,0.061745875179326504,1,1,-0.2,0.00711
539,2020-01-06 09:40:30,N,AAPL,295.28,1.0,295.3,4.0,-1.0,1.0,2020-01-06 09:40:30.459847,295.28,295.32,0,0.020000000000038654,0.060182651066838844,1,-1,-0.6,0.00739
540,2020-01-06 09:40:31,N,AAPL,295.28,1.0,295.32,3.0,0.0,1.0,2020-01-06 09:40:31.009842,295.28,295.32,0,0.040000000000020464,0.059429134661741045,1,1,-0.5,0.00739
541,2020-01-06 09:40:32,N,AAPL,295.28,5.0,295.32,3.0,4.0,1.0,2020-01-06 09:40:32.190302,295.29,295.32,0,0.040000000000020464,0.060504770856937284,1,1,0.25,0.00739
542,2020-01-06 09:40:33,N,AAPL,295.29,4.0,295.32,2.0,3.0,-4.0,2020-01-06 09:40:33.590530,295.32,295.34,0,0.029999999999972715,0.06119139099877202,1,-1,0.3333333333333333,0.00739
543,2020-01-06 09:40:34,N,AAPL,295.32,3.0,295.34,1.0,-1.0,0.0,2020-01-06 09:40:34.170393,295.28,295.32,0,0.01999999999998181,0.062195171311316244,1,-1,0.5,0.00739
544,2020-01-06 09:40:35,N,AAPL,295.28,2.0,295.32,2.0,-1.0,0.0,2020-01-06 09:40:35.070364,295.32,295.34,0,0.040000000000020464,0.06233128958371026,1,1,0.0,0.00739
545,2020-01-06 09:40:36,N,AAPL,295.32,1.0,295.34,2.0,0.0,0.0,2020-01-06 09:40:36.675287,295.32,295.35,0,0.01999999999998181,0.06185932177112363,1,-1,-0.3333333333333333,0.00739
546,2020-01-06 09:40:38,N,AAPL,295.32,4.0,295.35,2.0,3.0,0.0,2020-01-06 09:40:38.161696,295.34,295.38,0,0.03000000000002956,0.06264568227584277,1,1,0.3333333333333333,0.00739
547,2020-01-06 09:40:39,N,AAPL,295.34,2.0,295.38,15.0,0.0,14.0,2020-01-06 09:40:39.295773,295.37,295.4,0,0.040000000000020464,0.057334169209127595,1,1,-0.7647058823529411,0.00739
548,2020-01-06 09:40:41,N,AAPL,295.37,1.0,295.4,4.0,-15.0,0.0,2020-01-06 09:40:41.023090,295.3,295.32,-1,0.029999999999972715,0.056160136721643994,1,-1,-0.6,0.00739
549,2020-01-06 09:40:42,N,AAPL,295.3,4.0,295.32,15.0,1.0,14.0,2020-01-06 09:40:42.253748,295.33,295.36,1,0.01999999999998181,0.05121869122257294,1,-1,-0.5789473684210527,0.00739
550,2020-01-06 09:40:43,N,AAPL,295.33,1.0,295.36,3.0,-1.0,1.0,2020-01-06 09:40:43.065038,295.32,295.37,0,0.03000000000002956,0.0504382126098335,1,1,-0.5,0.00739
551,2020-01-06 09:40:44,N,AAPL,295.32,2.0,295.37,3.0,0.0,1.0,2020-01-06 09:40:44.056372,295.33,295.36,0,0.05000000000001137,0.05014476980898053,1,1,-0.2,0.00739
552,2020-01-06 09:40:45,N,AAPL,295.33,1.0,295.36,4.0,-1.0,3.0,2020-01-06 09:40:45.347750,295.33,295.36,0,0.03000000000002956,0.048921823747491544,1,-1,-0.6,0.00739
553,2020-01-06 09:40:46,N,AAPL,295.33,2.0,295.36,4.0,0.0,2.0,2020-01-06 09:40:46.202715,295.32,295.36,0,0.03000000000002956,0.048006296181313246,1,1,-0.3333333333333333,0.00739
554,2020-01-06 09:40:47,N,AAPL,295.32,3.0,295.36,2.0,1.0,0.0,2020-01-06 09:40:47.333425,295.34,295.36,0,0.040000000000020464,0.04830256098608743,1,1,0.2,0.00739
555,2020-01-06 09:40:50,N,AAPL,295.34,4.0,295.36,3.0,1.0,0.0,2020-01-06 09:40:50.302499,295.35,295.39,0,0.020000000000038654,0.049379975337899396,1,-1,0.14285714285714285,0.00739
556,2020-01-06 09:40:51,N,AAPL,295.35,6.0,295.39,2.0,0.0,0.0,2020-01-06 09:40:51.142974,295.36,295.37,0,0.03999999999996362,0.05105499634964872,1,1,0.5,0.00739
557,2020-01-06 09:40:52,N,AAPL,295.36,4.0,295.37,4.0,-2.0,2.0,2020-01-06 09:40:52.582908,295.32,295.33,-1,0.009999999999990905,0.050899273011111745,1,-1,0.0,0.00739
558,2020-01-06 09:40:53,N,AAPL,295.32,2.0,295.33,3.0,0.0,1.0,2020-01-06 09:40:53.520578,295.32,295.32,0,0.009999999999990905,0.050140878367869846,1,1,-0.2,0.00739
559,2020-01-06 09:40:54,N,AAPL,295.32,2.0,295.32,4.0,0.0,2.0,2020-01-06 09:40:54.308117,295.33,295.38,1,0.0,0.049114235119816385,1,-1,-0.3333333333333333,0.00739
560,2020-01-06 09:40:55,N,AAPL,295.33,2.0,295.38,2.0,-1.0,1.0,2020-01-06 09:40:55.450101,295.33,295.37,0,0.05000000000001137,0.04921939937116804,1,1,0.0,0.00739
561,2020-01-06 09:40:56,N,AAPL,295.33,2.0,295.37,5.0,0.0,3.0,2020-01-06 09:40:56.291506,295.33,295.36,0,0.040000000000020464,0.050791316326808555,1,-1,-0.42857142857142855,0.00739
562,2020-01-06 09:40:58,N,AAPL,295.33,2.0,295.36,2.0,0.0,-3.0,2020-01-06 09:40:58.490169,295.33,295.35,0,0.03000000000002956,0.05081672903378376,1,-1,0.0,0.00739
563,2020-01-06 09:40:59,N,AAPL,295.33,2.0,295.35,1.0,0.0,-1.0,2020-01-06 09:40:59.409460,295.36,295.38,1,0.020000000000038654,0.051240182974709114,1,-1,0.3333333333333333,0.00739
564,2020-01-06 09:41:01,N,AAPL,295.36,1.0,295.38,2.0,0.0,-2.0,2020-01-06 09:41:01.126854,295.38,295.43,0,0.01999999999998181,0.05090788363941101,1,-1,-0.3333333333333333,0.00739
565,2020-01-06 09:41:02,N,AAPL,295.38,1.0,295.43,4.0,0.0,0.0,2020-01-06 09:41:02.005629,295.4,295.44,0,0.05000000000001137,0.049607926114390466,1,1,-0.6,0.00739
566,2020-01-06 09:41:03,N,AAPL,295.4,2.0,295.44,1.0,0.0,0.0,2020-01-06 09:41:03.063329,295.47,295.49,1,0.040000000000020464,0.04985937723392908,1,-1,0.3333333333333333,0.00739
567,2020-01-06 09:41:04,N,AAPL,295.47,1.0,295.49,4.0,-1.0,3.0,2020-01-06 09:41:04.029739,295.48,295.5,0,0.01999999999998181,0.04883113856357113,1,-1,-0.6,0.00739
568,2020-01-06 09:41:05,N,AAPL,295.48,4.0,295.5,5.0,2.0,4.0,2020-01-06 09:41:05.222044,295.46,295.48,0,0.01999999999998181,0.048568846906164254,1,1,-0.1111111111111111,0.00739
569,2020-01-06 09:41:06,N,AAPL,295.46,1.0,295.48,2.0,-1.0,-2.0,2020-01-06 09:41:06.297683,295.46,295.52,0,0.020000000000038654,0.04829728807777656,1,1,-0.3333333333333333,0.00739
570,2020-01-06 09:41:07,N,AAPL,295.46,4.0,295.52,2.0,2.0,0.0,2020-01-06 09:41:07.044263,295.42,295.46,0,0.060000000000002274,0.048941246865751964,1,1,0.3333333333333333,0.00739
571,2020-01-06 09:41:08,N,AAPL,295.42,4.0,295.46,2.0,0.0,1.0,2020-01-06 09:41:08.023845,295.42,295.43,0,0.03999999999996362,0.049042263141473086,1,-1,0.3333333333333333,0.00739
572,2020-01-06 09:41:09,N,AAPL,295.42,1.0,295.43,4.0,-3.0,2.0,2020-01-06 09:41:09.340436,295.42,295.45,0,0.009999999999990905,0.04744282939805089,1,-1,-0.6,0.00739
573,2020-01-06 09:41:10,N,AAPL,295.42,2.0,295.45,2.0,1.0,-2.0,2020-01-06 09:41:10.510927,295.42,295.45,0,0.029999999999972715,0.046649223570057075,1,1,0.0,0.00739
574,2020-01-06 09:41:11,N,AAPL,295.42,2.0,295.45,2.0,1.0,0.0,2020-01-06 09:41:11.172959,295.43,295.45,0,0.029999999999972715,0.04715314542312399,1,1,0.0,0.00739
575,2020-01-06 09:41:12,N,AAPL,295.43,1.0,295.45,2.0,0.0,0.0,2020-01-06 09:41:12.227020,295.34,295.37,-1,0.01999999999998181,0.047029721988906203,1,-1,-0.3333333333333333,0.00739
576,2020-01-06 09:41:13,N,AAPL,295.34,1.0,295.37,2.0,0.0,0.0,2020-01-06 09:41:13.054022,295.35,295.38,0,0.03000000000002956,0.04654703828254014,1,1,-0.3333333333333333,0.00739
577,2020-01-06 09:41:14,N,AAPL,295.35,1.0,295.38,3.0,0.0,0.0,2020-01-06 09:41:14.279307,295.32,295.36,0,0.029999999999972715,0.045723270981909536,1,-1,-0.5,0.00761
578,2020-01-06 09:41:15,N,AAPL,295.32,1.0,295.36,3.0,0.0,1.0,2020-01-06 09:41:15.590348,295.31,295.33,0,0.040000000000020464,0.04521950945786557,1,1,-0.5,0.00761
579,2020-01-06 09:41:16,N,AAPL,295.31,1.0,295.33,4.0,0.0,1.0,2020-01-06 09:41:16.975656,295.31,295.33,0,0.01999999999998181,0.04430190481804175,1,-1,-0.6,0.00761
580,2020-01-06 09:41:17,N,AAPL,295.31,4.0,295.33,10.0,3.0,6.0,2020-01-06 09:41:17.186176,295.3,295.31,0,0.01999999999998181,0.0389590112478686,1,1,-0.42857142857142855,0.00761
581,2020-01-06 09:41:19,N,AAPL,295.3,29.0,295.31,3.0,28.0,2.0,2020-01-06 09:41:19.211208,295.26,295.29,-1,0.009999999999990905,0.048443420378873725,1,-1,0.8125,0.00761
582,2020-01-06 09:41:20,N,AAPL,295.26,4.0,295.29,1.0,3.0,-2.0,2020-01-06 09:41:20.028636,295.25,295.26,0,0.03000000000002956,0.05039237360330162,1,1,0.6,0.00761
583,2020-01-06 09:41:21,N,AAPL,295.25,1.0,295.26,4.0,0.0,2.0,2020-01-06 09:41:21.802060,295.22,295.25,0,0.009999999999990905,0.04903419044768498,1,-1,-0.6,0.00761
584,2020-01-06 09:41:22,N,AAPL,295.22,1.0,295.25,3.0,-1.0,1.0,2020-01-06 09:41:22.050445,295.16,295.2,-1,0.029999999999972715,0.046149016632909934,1,1,-0.5,0.00761
585,2020-01-06 09:41:23,N,AAPL,295.16,1.0,295.2,1.0,0.0,0.0,2020-01-06 09:41:23.344899,295.11,295.15,-1,0.03999999999996362,0.046513692049984456,1,1,0.0,0.00761
586,2020-01-06 09:41:24,N,AAPL,295.11,2.0,295.15,1.0,1.0,-1.0,2020-01-06 09:41:24.070711,295.13,295.18,0,0.03999999999996362,0.04648225308636711,1,1,0.3333333333333333,0.00761
587,2020-01-06 09:41:25,N,AAPL,295.13,2.0,295.18,4.0,-2.0,0.0,2020-01-06 09:41:25.109955,295.15,295.18,0,0.05000000000001137,0.046757268482622294,1,1,-0.3333333333333333,0.00761
588,2020-01-06 09:41:26,N,AAPL,295.15,1.0,295.18,3.0,0.0,2.0,2020-01-06 09:41:26.184395,295.17,295.19,0,0.03000000000002956,0.04510932104216181,1,-1,-0.5,0.00761
589,2020-01-06 09:41:28,N,AAPL,295.17,1.0,295.19,1.0,0.0,-1.0,2020-01-06 09:41:28.505216,295.15,295.19,0,0.01999999999998181,0.045048660646216376,1,-1,0.0,0.00761
590,2020-01-06 09:41:29,N,AAPL,295.15,3.0,295.19,3.0,2.0,2.0,2020-01-06 09:41:29.571038,295.14,295.18,0,0.040000000000020464,0.04505763626769976,1,1,0.0,0.00761
591,2020-01-06 09:41:30,N,AAPL,295.14,28.0,295.18,1.0,0.0,-1.0,2020-01-06 09:41:30.097722,295.07,295.11,-1,0.040000000000020464,0.06246894146732984,1,1,0.9310344827586207,0.00761
