,last_interval,Exchange,Symbol,Best_Bid_Price,FB0,Best_Offer_Price,FA0,FB2,FA2,p_time,Next_Best_Bid,Next_Best_Offer,outcome,Spread,AWS,Anomaly,Spread Change,Quote IMB,VPIN
0,2020-01-14 09:30:00,N,AAPL,316.55,4.0,316.71,1.0,0.0,0.0,2020-01-14 09:30:00.243384,316.7,316.78,0,0.15999999999996817,0.15999999999996817,0,0,0.6,0.00061
1,2020-01-14 09:30:01,N,AAPL,316.7,2.0,316.78,1.0,-2.0,0.0,2020-01-14 09:30:01.895947,316.73,316.79,0,0.07999999999998408,0.14500000000003865,0,-1,0.3333333333333333,0.00061
2,2020-01-14 09:30:04,N,AAPL,316.73,2.0,316.79,1.0,0.0,0.0,2020-01-14 09:30:04.844286,317.02,317.08,1,0.060000000000002274,0.12749999999999773,1,-1,0.3333333333333333,0.00061
3,2020-01-14 09:30:14,N,AAPL,317.02,2.0,317.08,1.0,-4.0,0.0,2020-01-14 09:30:14.088828,316.96,317.04,0,0.060000000000002274,0.12999999999999545,0,1,0.3333333333333333,0.00061
4,2020-01-14 09:30:15,N,AAPL,316.96,2.0,317.04,1.0,1.0,0.0,2020-01-14 09:30:15.236109,316.78,316.86,-1,0.08000000000004093,0.1283333333333303,0,1,0.3333333333333333,0.00061
5,2020-01-14 09:30:16,N,AAPL,316.78,1.0,316.86,1.0,-1.0,0.0,2020-01-14 09:30:16.188015,316.41,316.46,-1,0.08000000000004093,0.12282051282045359,1,1,0.0,0.00061
6,2020-01-14 09:30:24,N,AAPL,316.41,1.0,316.46,2.0,0.0,1.0,2020-01-14 09:30:24.237480,316.34,316.37,-1,0.049999999999954525,0.04321428571427077,1,-1,-0.3333333333333333,0.00061
7,2020-01-14 09:30:25,N,AAPL,316.34,2.0,316.37,3.0,1.0,2.0,2020-01-14 09:30:25.027027,316.28,316.31,-1,0.03000000000002956,-0.017897727272725206,1,-1,-0.2,0.00061
8,2020-01-14 09:30:27,N,AAPL,316.28,2.0,316.31,2.0,1.0,-2.0,2020-01-14 09:30:27.571673,316.32,316.37,1,0.03000000000002956,-0.02764957264963641,1,1,0.0,0.00061
9,2020-01-14 09:30:29,N,AAPL,316.32,2.0,316.37,2.0,1.0,1.0,2020-01-14 09:30:29.198290,316.54,316.58,1,0.05000000000001137,-0.02783333333337623,1,1,0.0,0.00061
10,2020-01-14 09:30:30,N,AAPL,316.54,2.0,316.58,5.0,1.0,3.0,2020-01-14 09:30:30.234366,316.52,316.6,0,0.03999999999996362,-0.021136363636401256,1,-1,-0.42857142857142855,0.00061
11,2020-01-14 09:30:32,N,AAPL,316.52,4.0,316.6,2.0,-2.0,0.0,2020-01-14 09:30:32.175254,316.75,316.84,1,0.08000000000004093,-0.006993006993013751,1,1,0.3333333333333333,0.00061
12,2020-01-14 09:30:33,N,AAPL,316.75,1.0,316.84,2.0,-2.0,1.0,2020-01-14 09:30:33.021757,316.89,316.95,1,0.08999999999997499,0.008657407407383744,1,1,-0.3333333333333333,0.00061
13,2020-01-14 09:30:35,N,AAPL,316.89,4.0,316.95,1.0,3.0,0.0,2020-01-14 09:30:35.388092,316.91,316.95,0,0.060000000000002274,-0.015767741935519552,1,-1,0.6,0.00061
14,2020-01-14 09:30:38,N,AAPL,316.91,2.0,316.95,2.0,1.0,-2.0,2020-01-14 09:30:38.298451,316.91,316.94,0,0.03999999999996362,-0.007878787878837556,1,-1,0.0,0.00061
15,2020-01-14 09:30:39,N,AAPL,316.91,3.0,316.94,2.0,2.0,0.0,2020-01-14 09:30:39.057325,316.99,317.04,1,0.029999999999972715,-0.009032567049814588,1,-1,0.2,0.00061
16,2020-01-14 09:30:40,N,AAPL,316.99,1.0,317.04,1.0,-12.0,0.0,2020-01-14 09:30:40.126541,317.04,317.07,0,0.05000000000001137,-0.005045045045051211,1,1,0.0,0.00061
17,2020-01-14 09:30:43,N,AAPL,317.04,2.0,317.07,2.0,0.0,-14.0,2020-01-14 09:30:43.059270,317.04,317.11,0,0.029999999999972715,0.0012019230769055866,1,-1,0.0,0.00061
18,2020-01-14 09:30:44,N,AAPL,317.04,2.0,317.11,3.0,0.0,0.0,2020-01-14 09:30:44.048969,317.01,317.11,0,0.06999999999999318,0.019770034843190842,0,1,-0.2,0.00061
19,2020-01-14 09:30:47,N,AAPL,317.01,8.0,317.11,4.0,6.0,1.0,2020-01-14 09:30:47.184295,317.02,317.08,0,0.10000000000002274,0.010010465724747064,0,1,0.3333333333333333,0.00061
20,2020-01-14 09:30:48,N,AAPL,317.02,1.0,317.08,2.0,-17.0,1.0,2020-01-14 09:30:48.435292,317.02,317.06,0,0.060000000000002274,0.019873170731727896,0,-1,-0.3333333333333333,0.00061
21,2020-01-14 09:30:49,N,AAPL,317.02,4.0,317.06,2.0,2.0,0.0,2020-01-14 09:30:49.308849,317.02,317.09,0,0.040000000000020464,0.013841515934473136,0,-1,0.3333333333333333,0.00061
22,2020-01-14 09:30:50,N,AAPL,317.02,1.0,317.09,1.0,0.0,-3.0,2020-01-14 09:30:50.112597,317.02,317.06,0,0.06999999999999318,0.016181818181792096,0,1,0.0,0.00061
23,2020-01-14 09:30:51,N,AAPL,317.02,4.0,317.06,1.0,-2.0,0.0,2020-01-14 09:30:51.914606,317.02,317.09,0,0.040000000000020464,0.006237288135594099,1,-1,0.6,0.00061
24,2020-01-14 09:30:52,N,AAPL,317.02,4.0,317.09,2.0,0.0,1.0,2020-01-14 09:30:52.511512,317.01,317.07,0,0.06999999999999318,0.004464707868919504,1,1,0.3333333333333333,0.00061
25,2020-01-14 09:30:53,N,AAPL,317.01,4.0,317.07,2.0,2.0,0.0,2020-01-14 09:30:53.875542,317.0,317.06,0,0.060000000000002274,0.003131282363654009,1,-1,0.3333333333333333,0.00061
26,2020-01-14 09:30:54,N,AAPL,317.0,2.0,317.06,2.0,-2.0,0.0,2020-01-14 09:30:54.254535,316.96,317.01,0,0.060000000000002274,0.0070929241261410425,1,1,0.0,0.00061
27,2020-01-14 09:30:55,N,AAPL,316.96,4.0,317.01,2.0,3.0,-2.0,2020-01-14 09:30:55.962644,316.92,316.98,0,0.05000000000001137,0.006590850348857202,1,-1,0.3333333333333333,0.00061
28,2020-01-14 09:30:56,N,AAPL,316.92,1.0,316.98,4.0,0.0,2.0,2020-01-14 09:30:56.036967,316.91,316.97,0,0.060000000000002274,0.014732100521541724,0,1,-0.6,0.00061
29,2020-01-14 09:30:57,N,AAPL,316.91,2.0,316.97,4.0,-2.0,-1.0,2020-01-14 09:30:57.030481,316.81,316.92,0,0.060000000000002274,0.020310612597029376,0,1,-0.3333333333333333,0.00061
30,2020-01-14 09:30:58,N,AAPL,316.81,1.0,316.92,3.0,0.0,2.0,2020-01-14 09:30:58.161663,316.76,316.8,-1,0.11000000000001364,0.02331980519471699,0,1,-0.5,0.00061
31,2020-01-14 09:30:59,N,AAPL,316.76,2.0,316.8,1.0,-2.0,0.0,2020-01-14 09:30:59.496151,316.63,316.72,-1,0.040000000000020464,0.024418695228803244,0,-1,0.3333333333333333,0.00061
32,2020-01-14 09:31:00,N,AAPL,316.63,4.0,316.72,1.0,3.0,0.0,2020-01-14 09:31:00.091651,316.63,316.7,0,0.09000000000003183,0.0324388462942693,0,1,0.6,0.00061
33,2020-01-14 09:31:02,N,AAPL,316.63,1.0,316.7,1.0,-1.0,0.0,2020-01-14 09:31:02.026061,316.67,316.7,0,0.06999999999999318,0.03238805970147496,0,-1,0.0,0.00061
34,2020-01-14 09:31:03,N,AAPL,316.67,4.0,316.7,2.0,1.0,1.0,2020-01-14 09:31:03.321661,316.65,316.69,0,0.029999999999972715,0.03495388669307431,0,-1,0.3333333333333333,0.00061
35,2020-01-14 09:31:04,N,AAPL,316.65,5.0,316.69,4.0,1.0,2.0,2020-01-14 09:31:04.139056,316.58,316.64,-1,0.040000000000020464,0.03505229046993463,0,1,0.1111111111111111,0.00061
36,2020-01-14 09:31:06,N,AAPL,316.58,2.0,316.64,4.0,1.0,2.0,2020-01-14 09:31:06.236164,316.58,316.63,0,0.060000000000002274,0.029136021872886886,0,1,-0.3333333333333333,0.00061
37,2020-01-14 09:31:07,N,AAPL,316.58,2.0,316.63,1.0,0.0,-1.0,2020-01-14 09:31:07.041932,316.54,316.58,0,0.05000000000001137,0.031185567010311388,0,-1,0.3333333333333333,0.00061
38,2020-01-14 09:31:08,N,AAPL,316.54,14.0,316.58,2.0,0.0,0.0,2020-01-14 09:31:08.848649,316.56,316.61,0,0.03999999999996362,0.0580844594595078,1,-1,0.75,0.00061
39,2020-01-14 09:31:09,N,AAPL,316.56,4.0,316.61,1.0,-10.0,-3.0,2020-01-14 09:31:09.474526,316.62,316.65,1,0.05000000000001137,0.06270853462171999,1,1,0.6,0.00061
40,2020-01-14 09:31:10,N,AAPL,316.62,1.0,316.65,2.0,-3.0,0.0,2020-01-14 09:31:10.121339,316.72,316.77,1,0.029999999999972715,0.05970398836734603,1,-1,-0.3333333333333333,0.00061
41,2020-01-14 09:31:11,N,AAPL,316.72,2.0,316.77,2.0,1.0,0.0,2020-01-14 09:31:11.060737,316.67,316.74,0,0.049999999999954525,0.05919940179467176,1,1,0.0,0.00061
42,2020-01-14 09:31:13,N,AAPL,316.67,2.0,316.74,1.0,-4.0,-1.0,2020-01-14 09:31:13.744452,316.66,316.74,0,0.06999999999999318,0.0597848837210222,1,1,0.3333333333333333,0.00061
43,2020-01-14 09:31:14,N,AAPL,316.66,1.0,316.74,4.0,-1.0,3.0,2020-01-14 09:31:14.265568,316.62,316.7,0,0.07999999999998408,0.057074380165374805,1,1,-0.6,0.00061
44,2020-01-14 09:31:15,N,AAPL,316.62,10.0,316.7,2.0,9.0,1.0,2020-01-14 09:31:15.035555,316.54,316.62,0,0.07999999999998408,0.06515765018264119,1,1,0.6666666666666666,0.00061
45,2020-01-14 09:31:16,N,AAPL,316.54,2.0,316.62,2.0,0.0,0.0,2020-01-14 09:31:16.002816,316.51,316.56,0,0.07999999999998408,0.06417373220295985,1,1,0.0,0.0007
46,2020-01-14 09:31:17,N,AAPL,316.51,4.0,316.56,1.0,2.0,0.0,2020-01-14 09:31:17.302517,316.66,316.72,1,0.05000000000001137,0.06841567422213757,1,-1,0.6,0.0007
47,2020-01-14 09:31:19,N,AAPL,316.66,15.0,316.72,4.0,7.0,3.0,2020-01-14 09:31:19.659239,316.65,316.69,0,0.060000000000002274,0.07264021796919451,1,1,0.5789473684210527,0.0007
48,2020-01-14 09:31:20,N,AAPL,316.65,2.0,316.69,5.0,-13.0,1.0,2020-01-14 09:31:20.676329,316.58,316.68,0,0.040000000000020464,0.06824300699298647,1,-1,-0.42857142857142855,0.0007
49,2020-01-14 09:31:21,N,AAPL,316.58,1.0,316.68,2.0,0.0,0.0,2020-01-14 09:31:21.103093,316.49,316.51,-1,0.10000000000002274,0.06698539257450875,1,1,-0.3333333333333333,0.0007
50,2020-01-14 09:31:22,N,AAPL,316.49,2.0,316.51,2.0,0.0,1.0,2020-01-14 09:31:22.216512,316.44,316.52,0,0.01999999999998181,0.06473637650378805,1,-1,0.0,0.0007
51,2020-01-14 09:31:23,N,AAPL,316.44,3.0,316.52,4.0,-17.0,3.0,2020-01-14 09:31:23.798908,316.45,316.52,0,0.07999999999998408,0.060437499999920874,1,1,-0.14285714285714285,0.0007
52,2020-01-14 09:31:24,N,AAPL,316.45,1.0,316.52,4.0,0.0,0.0,2020-01-14 09:31:24.202721,316.45,316.51,0,0.06999999999999318,0.05312861426426707,1,-1,-0.6,0.0007
53,2020-01-14 09:31:25,N,AAPL,316.45,1.0,316.51,2.0,0.0,0.0,2020-01-14 09:31:25.020743,316.44,316.47,0,0.060000000000002274,0.050351537978656324,0,-1,-0.3333333333333333,0.0007
54,2020-01-14 09:31:28,N,AAPL,316.44,5.0,316.47,2.0,4.0,-2.0,2020-01-14 09:31:28.198133,316.23,316.3,-1,0.03000000000002956,0.05368712574846768,1,-1,0.42857142857142855,0.0007
55,2020-01-14 09:31:29,N,AAPL,316.23,2.0,316.3,4.0,-2.0,2.0,2020-01-14 09:31:29.372109,316.2,316.27,0,0.06999999999999318,0.044439301393367714,0,1,-0.3333333333333333,0.0007
56,2020-01-14 09:31:30,N,AAPL,316.2,15.0,316.27,1.0,13.0,-1.0,2020-01-14 09:31:30.227622,316.2,316.23,0,0.06999999999999318,0.08161782608686963,1,1,0.875,0.0007
57,2020-01-14 09:31:31,N,AAPL,316.2,2.0,316.23,1.0,1.0,-4.0,2020-01-14 09:31:31.001062,316.23,316.26,0,0.03000000000002956,0.08250896057342061,1,-1,0.3333333333333333,0.0007
58,2020-01-14 09:31:33,N,AAPL,316.23,1.0,316.26,2.0,-1.0,1.0,2020-01-14 09:31:33.266355,316.16,316.21,-1,0.029999999999972715,0.07730071858281917,1,-1,-0.3333333333333333,0.0007
59,2020-01-14 09:31:34,N,AAPL,316.16,5.0,316.21,1.0,4.0,0.0,2020-01-14 09:31:34.612711,316.17,316.24,0,0.049999999999954525,0.08613614341072662,1,1,0.6666666666666666,0.0007
60,2020-01-14 09:31:35,N,AAPL,316.17,1.0,316.24,4.0,-4.0,3.0,2020-01-14 09:31:35.019559,316.17,316.24,0,0.06999999999999318,0.07390665783623263,1,1,-0.6,0.0007
61,2020-01-14 09:31:36,N,AAPL,316.17,4.0,316.24,2.0,1.0,1.0,2020-01-14 09:31:36.079905,316.04,316.07,-1,0.06999999999999318,0.07642526790743887,1,1,0.3333333333333333,0.0007
62,2020-01-14 09:31:37,N,AAPL,316.04,1.0,316.07,2.0,-2.0,-2.0,2020-01-14 09:31:37.458998,316.05,316.12,0,0.029999999999972715,0.07011612475105267,1,-1,-0.3333333333333333,0.0007
63,2020-01-14 09:31:38,N,AAPL,316.05,2.0,316.12,2.0,1.0,0.0,2020-01-14 09:31:38.245179,316.01,316.06,0,0.06999999999999318,0.06758309352522929,1,1,0.0,0.0007
64,2020-01-14 09:31:39,N,AAPL,316.01,2.0,316.06,2.0,1.0,0.0,2020-01-14 09:31:39.209547,315.99,316.03,0,0.05000000000001137,0.0647163120568166,1,-1,0.0,0.0007
65,2020-01-14 09:31:41,N,AAPL,315.99,1.0,316.03,2.0,-3.0,1.0,2020-01-14 09:31:41.452850,316.02,316.08,0,0.03999999999996362,0.058708188363425506,1,-1,-0.3333333333333333,0.0007
66,2020-01-14 09:31:42,N,AAPL,316.02,2.0,316.08,6.0,0.0,2.0,2020-01-14 09:31:42.231442,316.01,316.03,0,0.060000000000002274,0.04069929612052192,0,1,-0.5,0.0007
67,2020-01-14 09:31:43,N,AAPL,316.01,1.0,316.03,1.0,-1.0,-3.0,2020-01-14 09:31:43.253579,316.0,316.04,0,0.01999999999998181,0.03948090614892408,0,-1,0.0,0.0007
68,2020-01-14 09:31:44,N,AAPL,316.0,3.0,316.04,2.0,-4.0,0.0,2020-01-14 09:31:44.071403,316.01,316.07,0,0.040000000000020464,0.040209330143625266,0,1,0.2,0.0007
69,2020-01-14 09:31:45,N,AAPL,316.01,1.0,316.07,2.0,-1.0,-1.0,2020-01-14 09:31:45.493380,315.97,316.02,0,0.060000000000002274,0.035658008658117524,0,1,-0.3333333333333333,0.0007
70,2020-01-14 09:31:46,N,AAPL,315.97,2.0,316.02,2.0,-3.0,0.0,2020-01-14 09:31:46.364903,316.02,316.05,0,0.049999999999954525,0.03373609095314123,1,-1,0.0,0.0007
71,2020-01-14 09:31:47,N,AAPL,316.02,1.0,316.05,2.0,-3.0,1.0,2020-01-14 09:31:47.625352,316.0,316.03,0,0.03000000000002956,0.029181969453929923,1,-1,-0.3333333333333333,0.0007
72,2020-01-14 09:31:49,N,AAPL,316.0,3.0,316.03,2.0,2.0,0.0,2020-01-14 09:31:49.970020,316.06,316.08,1,0.029999999999972715,0.03000231481485116,1,-1,0.2,0.0007
73,2020-01-14 09:31:50,N,AAPL,316.06,1.0,316.08,2.0,-1.0,0.0,2020-01-14 09:31:50.120183,316.01,316.07,0,0.01999999999998181,0.025892643795941694,1,-1,-0.3333333333333333,0.0007
74,2020-01-14 09:31:51,N,AAPL,316.01,2.0,316.07,2.0,0.0,0.0,2020-01-14 09:31:51.383852,315.97,316.02,0,0.060000000000002274,0.0245848646843001,1,1,0.0,0.0007
75,2020-01-14 09:31:52,N,AAPL,315.97,1.0,316.02,4.0,-1.0,2.0,2020-01-14 09:31:52.530440,316.0,316.06,0,0.049999999999954525,0.013676406926492746,1,-1,-0.6,0.0007
76,2020-01-14 09:31:53,N,AAPL,316.0,2.0,316.06,1.0,0.0,0.0,2020-01-14 09:31:53.020751,315.98,316.05,0,0.060000000000002274,0.015697265312724085,1,1,0.3333333333333333,0.0007
77,2020-01-14 09:31:54,N,AAPL,315.98,2.0,316.05,2.0,-2.0,-1.0,2020-01-14 09:31:54.550635,316.07,316.13,1,0.06999999999999318,0.014727704678364262,1,1,0.0,0.0007
78,2020-01-14 09:31:55,N,AAPL,316.07,2.0,316.13,4.0,0.0,2.0,2020-01-14 09:31:55.086671,316.17,316.2,1,0.060000000000002274,0.008973198482919997,1,-1,-0.3333333333333333,0.0007
79,2020-01-14 09:31:56,N,AAPL,316.17,3.0,316.2,2.0,1.0,1.0,2020-01-14 09:31:56.113462,316.35,316.4,1,0.029999999999972715,0.009895887301638595,1,-1,0.2,0.0007
80,2020-01-14 09:31:57,N,AAPL,316.35,1.0,316.4,2.0,-1.0,0.0,2020-01-14 09:31:57.597481,316.4,316.49,0,0.049999999999954525,0.009010201603018686,1,1,-0.3333333333333333,0.0007
81,2020-01-14 09:31:58,N,AAPL,316.4,2.0,316.49,13.0,0.0,12.0,2020-01-14 09:31:58.320616,316.26,316.32,-1,0.09000000000003183,0.005951867816008871,1,1,-0.7333333333333333,0.0007
82,2020-01-14 09:32:01,N,AAPL,316.26,5.0,316.32,2.0,4.0,-2.0,2020-01-14 09:32:01.363843,316.17,316.28,0,0.060000000000002274,0.009565444342854335,1,-1,0.42857142857142855,0.0007
83,2020-01-14 09:32:02,N,AAPL,316.17,2.0,316.28,2.0,0.0,-2.0,2020-01-14 09:32:02.990699,316.23,316.29,0,0.1099999999999568,0.009915891042510339,1,1,0.0,0.0007
84,2020-01-14 09:32:03,N,AAPL,316.23,2.0,316.29,1.0,0.0,-1.0,2020-01-14 09:32:03.025418,316.26,316.3,0,0.060000000000002274,0.011150662425905011,1,-1,0.3333333333333333,0.0007
85,2020-01-14 09:32:05,N,AAPL,316.26,4.0,316.3,1.0,2.0,0.0,2020-01-14 09:32:05.456694,316.21,316.28,0,0.040000000000020464,0.014360544217652205,1,-1,0.6,0.0007
86,2020-01-14 09:32:06,N,AAPL,316.21,9.0,316.28,2.0,8.0,1.0,2020-01-14 09:32:06.622645,316.18,316.2,-1,0.06999999999999318,0.022987007873950915,1,1,0.6363636363636364,0.00112
87,2020-01-14 09:32:07,N,AAPL,316.18,1.0,316.2,1.0,-8.0,-1.0,2020-01-14 09:32:07.052017,316.03,316.08,-1,0.01999999999998181,0.02261808604032467,1,-1,0.0,0.00112
88,2020-01-14 09:32:08,N,AAPL,316.03,4.0,316.08,2.0,3.0,-1.0,2020-01-14 09:32:08.869642,316.01,316.06,0,0.05000000000001137,0.025598455598469627,1,1,0.3333333333333333,0.00112
89,2020-01-14 09:32:09,N,AAPL,316.01,2.0,316.06,2.0,-2.0,0.0,2020-01-14 09:32:09.099672,315.9,315.93,-1,0.05000000000001137,0.024795626576917584,1,1,0.0,0.00112
90,2020-01-14 09:32:11,N,AAPL,315.9,8.0,315.93,2.0,6.0,0.0,2020-01-14 09:32:11.239839,315.88,315.96,0,0.03000000000002956,0.03696190937984056,0,-1,0.6,0.00112
91,2020-01-14 09:32:13,N,AAPL,315.88,1.0,315.96,4.0,-7.0,3.0,2020-01-14 09:32:13.084180,315.91,315.98,0,0.07999999999998408,0.028541688608015647,1,1,-0.6,0.00112
92,2020-01-14 09:32:15,N,AAPL,315.91,2.0,315.98,1.0,1.0,-1.0,2020-01-14 09:32:15.190528,315.86,315.89,-1,0.06999999999999318,0.03024833518310288,1,-1,0.3333333333333333,0.00112
93,2020-01-14 09:32:17,N,AAPL,315.86,7.0,315.89,2.0,5.0,1.0,2020-01-14 09:32:17.113116,315.91,315.96,1,0.029999999999972715,0.0399921280942408,0,-1,0.5555555555555556,0.00112
94,2020-01-14 09:32:21,N,AAPL,315.91,2.0,315.96,2.0,1.0,1.0,2020-01-14 09:32:21.448551,315.88,315.93,0,0.049999999999954525,0.038899268485465655,0,1,0.0,0.00112
95,2020-01-14 09:32:22,N,AAPL,315.88,1.0,315.93,1.0,-4.0,0.0,2020-01-14 09:32:22.679435,315.88,315.95,0,0.05000000000001137,0.03833480406564149,0,1,0.0,0.00112
96,2020-01-14 09:32:23,N,AAPL,315.88,2.0,315.95,1.0,-2.0,0.0,2020-01-14 09:32:23.528337,315.88,315.94,0,0.06999999999999318,0.0398979196277196,0,1,0.3333333333333333,0.00112
97,2020-01-14 09:32:24,N,AAPL,315.88,2.0,315.94,1.0,1.0,-1.0,2020-01-14 09:32:24.115381,315.8,315.83,-1,0.060000000000002274,0.04138135836763013,0,-1,0.3333333333333333,0.00112
98,2020-01-14 09:32:25,N,AAPL,315.8,1.0,315.83,3.0,-1.0,2.0,2020-01-14 09:32:25.677195,315.85,315.88,1,0.029999999999972715,0.03471419154340083,0,-1,-0.5,0.00112
99,2020-01-14 09:32:26,N,AAPL,315.85,2.0,315.88,1.0,1.0,0.0,2020-01-14 09:32:26.504151,315.8,315.95,0,0.029999999999972715,0.03614784241312918,0,1,0.3333333333333333,0.00112
100,2020-01-14 09:32:27,N,AAPL,315.8,2.0,315.95,2.0,0.0,1.0,2020-01-14 09:32:27.034561,315.81,315.89,0,0.14999999999997726,0.03586345933553048,0,1,0.0,0.00112
101,2020-01-14 09:32:28,N,AAPL,315.81,1.0,315.89,2.0,-1.0,0.0,2020-01-14 09:32:28.094632,315.79,315.86,0,0.07999999999998408,0.03286660430870825,0,-1,-0.3333333333333333,0.00112
102,2020-01-14 09:32:29,N,AAPL,315.79,4.0,315.86,2.0,3.0,0.0,2020-01-14 09:32:29.752766,315.79,315.85,0,0.06999999999999318,0.0362809807623421,0,-1,0.3333333333333333,0.00112
103,2020-01-14 09:32:30,N,AAPL,315.79,4.0,315.85,2.0,0.0,0.0,2020-01-14 09:32:30.131570,315.83,315.91,0,0.060000000000002274,0.039467965367862234,0,-1,0.3333333333333333,0.00112
104,2020-01-14 09:32:31,N,AAPL,315.83,1.0,315.91,4.0,-1.0,1.0,2020-01-14 09:32:31.326911,315.92,315.98,1,0.08000000000004093,0.032085954619276436,0,1,-0.6,0.00112
105,2020-01-14 09:32:32,N,AAPL,315.92,1.0,315.98,1.0,0.0,-3.0,2020-01-14 09:32:32.199596,316.02,316.1,1,0.060000000000002274,0.03174374228296983,0,-1,0.0,0.00112
106,2020-01-14 09:32:33,N,AAPL,316.02,2.0,316.1,2.0,0.0,0.0,2020-01-14 09:32:33.245394,316.0,316.08,0,0.08000000000004093,0.031427465723027126,0,1,0.0,0.00112
107,2020-01-14 09:32:34,N,AAPL,316.0,1.0,316.08,1.0,-1.0,-1.0,2020-01-14 09:32:34.051888,315.95,316.03,0,0.07999999999998408,0.03125673914524896,1,-1,0.0,0.00112
108,2020-01-14 09:32:35,N,AAPL,315.95,2.0,316.03,2.0,1.0,0.0,2020-01-14 09:32:35.000904,315.97,316.03,0,0.07999999999998408,0.03083757957472244,1,1,0.0,0.00112
109,2020-01-14 09:32:36,N,AAPL,315.97,1.0,316.03,2.0,-3.0,1.0,2020-01-14 09:32:36.546532,315.95,315.99,0,0.05999999999994543,0.0288914275024581,1,-1,-0.3333333333333333,0.00112
110,2020-01-14 09:32:37,N,AAPL,315.95,1.0,315.99,4.0,-6.0,3.0,2020-01-14 09:32:37.711554,315.95,315.99,0,0.040000000000020464,0.023146364791671203,1,-1,-0.6,0.00112
111,2020-01-14 09:32:38,N,AAPL,315.95,1.0,315.99,1.0,0.0,0.0,2020-01-14 09:32:38.373186,315.95,316.03,0,0.040000000000020464,0.022846774193510555,1,1,0.0,0.00112
112,2020-01-14 09:32:39,N,AAPL,315.95,1.0,316.03,2.0,0.0,0.0,2020-01-14 09:32:39.015750,315.99,316.03,0,0.07999999999998408,0.02113041800640758,1,1,-0.3333333333333333,0.00112
113,2020-01-14 09:32:40,N,AAPL,315.99,2.0,316.03,1.0,1.0,-2.0,2020-01-14 09:32:40.190613,316.06,316.14,1,0.03999999999996362,0.022198744956256178,1,-1,0.3333333333333333,0.00112
114,2020-01-14 09:32:41,N,AAPL,316.06,3.0,316.14,2.0,-1.0,1.0,2020-01-14 09:32:41.118793,316.08,316.14,0,0.07999999999998408,0.02319607745033636,1,1,0.2,0.00112
115,2020-01-14 09:32:42,N,AAPL,316.08,2.0,316.14,2.0,0.0,-4.0,2020-01-14 09:32:42.229474,316.08,316.15,0,0.060000000000002274,0.022992230854583795,1,-1,0.0,0.00112
116,2020-01-14 09:32:45,N,AAPL,316.08,1.0,316.15,10.0,-3.0,4.0,2020-01-14 09:32:45.704721,316.12,316.15,0,0.06999999999999318,0.013867865381143929,1,1,-0.8181818181818182,0.00112
117,2020-01-14 09:32:47,N,AAPL,316.12,1.0,316.15,5.0,0.0,-5.0,2020-01-14 09:32:47.150409,316.14,316.19,0,0.029999999999972715,0.009949074074086184,1,-1,-0.6666666666666666,0.00112
118,2020-01-14 09:32:49,N,AAPL,316.14,2.0,316.19,2.0,1.0,1.0,2020-01-14 09:32:49.020524,316.19,316.24,0,0.05000000000001137,0.009954557910134554,1,1,0.0,0.00112
119,2020-01-14 09:32:50,N,AAPL,316.19,4.0,316.24,2.0,2.0,1.0,2020-01-14 09:32:50.386278,316.3,316.37,1,0.05000000000001137,0.01124871255206017,1,1,0.3333333333333333,0.00112
120,2020-01-14 09:32:52,N,AAPL,316.3,9.0,316.37,3.0,8.0,1.0,2020-01-14 09:32:52.331055,316.3,316.39,0,0.06999999999999318,0.013313432835843741,1,1,0.5,0.00112
121,2020-01-14 09:32:53,N,AAPL,316.3,9.0,316.39,2.0,0.0,0.0,2020-01-14 09:32:53.326403,316.3,316.38,0,0.08999999999997499,0.015509710761023143,1,1,0.6363636363636364,0.00112
122,2020-01-14 09:32:54,N,AAPL,316.3,11.0,316.38,1.0,2.0,-1.0,2020-01-14 09:32:54.176501,316.17,316.24,-1,0.07999999999998408,0.0180543259557453,1,-1,0.8333333333333334,0.00112
123,2020-01-14 09:32:55,N,AAPL,316.17,2.0,316.24,2.0,-3.0,0.0,2020-01-14 09:32:55.451385,316.04,316.11,-1,0.06999999999999318,0.01810715775678773,1,-1,0.0,0.00112
124,2020-01-14 09:32:56,N,AAPL,316.04,1.0,316.11,1.0,0.0,-1.0,2020-01-14 09:32:56.271107,316.06,316.1,0,0.06999999999999318,0.018038375742776225,1,1,0.0,0.00112
125,2020-01-14 09:32:57,N,AAPL,316.06,2.0,316.1,2.0,1.0,1.0,2020-01-14 09:32:57.228126,316.05,316.1,0,0.040000000000020464,0.017725146198870334,1,-1,0.0,0.00112
126,2020-01-14 09:32:59,N,AAPL,316.05,2.0,316.1,1.0,1.0,-1.0,2020-01-14 09:32:59.823034,316.06,316.1,0,0.05000000000001137,0.018503071514203384,1,1,0.3333333333333333,0.00112
127,2020-01-14 09:33:00,N,AAPL,316.06,4.0,316.1,2.0,2.0,1.0,2020-01-14 09:33:00.351934,316.04,316.06,0,0.040000000000020464,0.019911771402519207,1,-1,0.3333333333333333,0.00112
128,2020-01-14 09:33:01,N,AAPL,316.04,1.0,316.06,8.0,-1.0,2.0,2020-01-14 09:33:01.439676,315.91,315.95,-1,0.01999999999998181,0.011830676043814492,1,-1,-0.7777777777777778,0.00112
129,2020-01-14 09:33:02,N,AAPL,315.91,2.0,315.95,2.0,1.0,0.0,2020-01-14 09:33:02.031471,315.8,315.87,-1,0.03999999999996362,0.011423491751656911,1,1,0.0,0.00179
130,2020-01-14 09:33:03,N,AAPL,315.8,4.0,315.87,4.0,1.0,2.0,2020-01-14 09:33:03.025579,315.81,315.85,0,0.06999999999999318,0.010764252614308134,1,1,0.0,0.00179
131,2020-01-14 09:33:05,N,AAPL,315.81,2.0,315.85,1.0,-2.0,-3.0,2020-01-14 09:33:05.418890,315.82,315.87,0,0.040000000000020464,0.011985214521359921,1,-1,0.3333333333333333,0.00179
132,2020-01-14 09:33:06,N,AAPL,315.82,2.0,315.87,2.0,0.0,1.0,2020-01-14 09:33:06.309320,315.83,315.86,0,0.05000000000001137,0.011558029308162077,1,1,0.0,0.00179
133,2020-01-14 09:33:07,N,AAPL,315.83,4.0,315.86,1.0,2.0,-6.0,2020-01-14 09:33:07.607831,315.86,315.89,0,0.03000000000002956,0.015431012299870872,1,-1,0.6,0.00179
134,2020-01-14 09:33:08,N,AAPL,315.86,2.0,315.89,1.0,0.0,0.0,2020-01-14 09:33:08.103449,315.85,315.9,0,0.029999999999972715,0.016444578630853357,1,-1,0.3333333333333333,0.00179
135,2020-01-14 09:33:09,N,AAPL,315.85,2.0,315.9,2.0,1.0,0.0,2020-01-14 09:33:09.257697,315.83,315.87,0,0.049999999999954525,0.016023956625872415,1,1,0.0,0.00179
136,2020-01-14 09:33:10,N,AAPL,315.83,2.0,315.87,2.0,1.0,0.0,2020-01-14 09:33:10.923047,315.72,315.77,-1,0.040000000000020464,0.015525727626936714,1,-1,0.0,0.00179
137,2020-01-14 09:33:11,N,AAPL,315.72,2.0,315.77,1.0,1.0,-1.0,2020-01-14 09:33:11.002466,315.74,315.79,0,0.049999999999954525,0.016844308219617687,1,1,0.3333333333333333,0.00179
138,2020-01-14 09:33:15,N,AAPL,315.74,4.0,315.79,2.0,3.0,1.0,2020-01-14 09:33:15.322652,315.73,315.82,0,0.05000000000001137,0.019343446621576277,1,1,0.3333333333333333,0.00179
139,2020-01-14 09:33:16,N,AAPL,315.73,1.0,315.82,4.0,0.0,2.0,2020-01-14 09:33:16.043385,315.7,315.82,0,0.08999999999997499,0.014161638412645061,1,1,-0.6,0.00179
140,2020-01-14 09:33:17,N,AAPL,315.7,1.0,315.82,2.0,-1.0,0.0,2020-01-14 09:33:17.025948,315.7,315.79,0,0.12000000000000455,0.012469145569582452,1,1,-0.3333333333333333,0.00179
141,2020-01-14 09:33:18,N,AAPL,315.7,3.0,315.79,2.0,2.0,0.0,2020-01-14 09:33:18.732237,315.7,315.75,0,0.09000000000003183,0.013788351696291556,1,-1,0.2,0.00179
142,2020-01-14 09:33:19,N,AAPL,315.7,1.0,315.75,2.0,-2.0,0.0,2020-01-14 09:33:19.068605,315.55,315.6,-1,0.05000000000001137,0.011714007240300361,1,-1,-0.3333333333333333,0.00179
143,2020-01-14 09:33:20,N,AAPL,315.55,1.0,315.6,1.0,-4.0,-1.0,2020-01-14 09:33:20.097182,315.63,315.7,1,0.05000000000001137,0.011384615384599783,1,1,0.0,0.00179
144,2020-01-14 09:33:21,N,AAPL,315.63,1.0,315.7,2.0,-1.0,1.0,2020-01-14 09:33:21.232653,315.6,315.7,0,0.06999999999999318,0.009232042218570768,1,1,-0.3333333333333333,0.00179
145,2020-01-14 09:33:22,N,AAPL,315.6,2.0,315.7,2.0,0.0,0.0,2020-01-14 09:33:22.045757,315.66,315.7,0,0.0999999999999659,0.008978482053180414,1,1,0.0,0.00179
146,2020-01-14 09:33:23,N,AAPL,315.66,1.0,315.7,1.0,0.0,-1.0,2020-01-14 09:33:23.015152,315.73,315.79,1,0.03999999999996362,0.00870732073195768,1,-1,0.0,0.00179
147,2020-01-14 09:33:24,N,AAPL,315.73,5.0,315.79,1.0,4.0,-1.0,2020-01-14 09:33:24.246116,315.79,315.83,0,0.060000000000002274,0.01425811979692071,1,1,0.6666666666666666,0.00179
148,2020-01-14 09:33:25,N,AAPL,315.79,2.0,315.83,1.0,-2.0,-1.0,2020-01-14 09:33:25.028518,315.81,315.83,0,0.03999999999996362,0.015298126813718227,1,-1,0.3333333333333333,0.00179
149,2020-01-14 09:33:26,N,AAPL,315.81,2.0,315.83,2.0,1.0,1.0,2020-01-14 09:33:26.682109,315.78,315.83,0,0.01999999999998181,0.014757506778153129,1,-1,0.0,0.00179
150,2020-01-14 09:33:27,N,AAPL,315.78,1.0,315.83,2.0,-7.0,1.0,2020-01-14 09:33:27.868318,315.78,315.83,0,0.05000000000001137,0.01311335403721614,1,1,-0.3333333333333333,0.00179
151,2020-01-14 09:33:29,N,AAPL,315.78,1.0,315.83,1.0,0.0,-1.0,2020-01-14 09:33:29.538660,315.78,315.83,0,0.05000000000001137,0.012931178720805292,1,1,0.0,0.00179
152,2020-01-14 09:33:30,N,AAPL,315.78,1.0,315.83,2.0,0.0,1.0,2020-01-14 09:33:30.319260,315.76,315.83,0,0.05000000000001137,0.011326299069651213,1,1,-0.3333333333333333,0.00179
153,2020-01-14 09:33:31,N,AAPL,315.76,4.0,315.83,2.0,2.0,-2.0,2020-01-14 09:33:31.060058,315.75,315.8,0,0.06999999999999318,0.01364753526036111,1,1,0.3333333333333333,0.00179
154,2020-01-14 09:33:32,N,AAPL,315.75,2.0,315.8,2.0,-2.0,0.0,2020-01-14 09:33:32.243407,315.77,315.83,0,0.05000000000001137,0.01326433891091483,1,-1,0.0,0.00179
155,2020-01-14 09:33:34,N,AAPL,315.77,1.0,315.83,2.0,0.0,0.0,2020-01-14 09:33:34.060581,315.8,315.83,0,0.060000000000002274,0.01174098057356332,1,1,-0.3333333333333333,0.00179
156,2020-01-14 09:33:35,N,AAPL,315.8,2.0,315.83,1.0,0.0,0.0,2020-01-14 09:33:35.210478,315.7,315.78,-1,0.029999999999972715,0.012686025161485759,1,-1,0.3333333333333333,0.00179
157,2020-01-14 09:33:36,N,AAPL,315.7,4.0,315.78,2.0,0.0,-2.0,2020-01-14 09:33:36.013997,315.72,315.75,0,0.07999999999998408,0.015180049835237241,1,1,0.3333333333333333,0.00179
158,2020-01-14 09:33:37,N,AAPL,315.72,1.0,315.75,1.0,-1.0,0.0,2020-01-14 09:33:37.220987,315.72,315.78,0,0.029999999999972715,0.014918304791081027,1,-1,0.0,0.00179
159,2020-01-14 09:33:38,N,AAPL,315.72,1.0,315.78,1.0,0.0,-4.0,2020-01-14 09:33:38.793569,315.74,315.77,0,0.05999999999994543,0.014745177328506998,1,1,0.0,0.00179
160,2020-01-14 09:33:39,N,AAPL,315.74,5.0,315.77,1.0,4.0,0.0,2020-01-14 09:33:39.072509,315.81,315.87,1,0.029999999999972715,0.01945143626335266,1,-1,0.6666666666666666,0.00179
161,2020-01-14 09:33:40,N,AAPL,315.81,2.0,315.87,2.0,0.0,1.0,2020-01-14 09:33:40.183126,315.92,315.98,1,0.060000000000002274,0.019170126896710826,1,1,0.0,0.00179
162,2020-01-14 09:33:41,N,AAPL,315.92,4.0,315.98,2.0,0.0,-3.0,2020-01-14 09:33:41.307097,315.93,315.98,0,0.060000000000002274,0.02060486903326364,1,1,0.3333333333333333,0.00179
163,2020-01-14 09:33:44,N,AAPL,315.93,2.0,315.98,2.0,-2.0,-2.0,2020-01-14 09:33:44.229257,315.9,315.98,0,0.05000000000001137,0.020396888485265663,1,-1,0.0,0.00179
164,2020-01-14 09:33:45,N,AAPL,315.9,10.0,315.98,2.0,1.0,0.0,2020-01-14 09:33:45.676471,315.93,316.0,0,0.08000000000004093,0.026783711484540618,0,1,0.6666666666666666,0.00179
165,2020-01-14 09:33:46,N,AAPL,315.93,2.0,316.0,2.0,0.0,0.0,2020-01-14 09:33:46.153594,315.93,316.0,0,0.06999999999999318,0.026642428439686228,0,-1,0.0,0.00179
166,2020-01-14 09:33:47,N,AAPL,315.93,6.0,316.0,1.0,4.0,0.0,2020-01-14 09:33:47.072081,315.9,315.98,0,0.06999999999999318,0.03011994451242117,0,1,0.7142857142857143,0.00179
167,2020-01-14 09:33:48,N,AAPL,315.9,10.0,315.98,1.0,9.0,-1.0,2020-01-14 09:33:48.537647,315.88,315.91,0,0.08000000000004093,0.03678462202941546,1,1,0.8181818181818182,0.00179
168,2020-01-14 09:33:49,N,AAPL,315.88,2.0,315.91,2.0,1.0,1.0,2020-01-14 09:33:49.525328,315.88,315.94,0,0.03000000000002956,0.03628547482821887,1,-1,0.0,0.00179
169,2020-01-14 09:33:50,N,AAPL,315.88,2.0,315.94,1.0,0.0,-1.0,2020-01-14 09:33:50.079578,315.91,315.93,0,0.060000000000002274,0.03688673830203015,1,1,0.3333333333333333,0.00179
170,2020-01-14 09:33:54,N,AAPL,315.91,2.0,315.93,2.0,0.0,1.0,2020-01-14 09:33:54.896705,315.87,315.9,-1,0.01999999999998181,0.03637779698033228,1,-1,0.0,0.00179
171,2020-01-14 09:33:56,N,AAPL,315.87,2.0,315.9,1.0,0.0,-1.0,2020-01-14 09:33:56.088886,315.87,315.93,0,0.029999999999972715,0.036902608401248926,1,1,0.3333333333333333,0.00179
172,2020-01-14 09:33:57,N,AAPL,315.87,1.0,315.93,4.0,-1.0,3.0,2020-01-14 09:33:57.175189,315.88,315.93,0,0.060000000000002274,0.03394648102442943,0,1,-0.6,0.00179
173,2020-01-14 09:33:58,N,AAPL,315.88,2.0,315.93,1.0,1.0,-3.0,2020-01-14 09:33:58.139697,315.88,315.94,0,0.05000000000001137,0.03451727726672971,0,-1,0.3333333333333333,0.00179
174,2020-01-14 09:33:59,N,AAPL,315.88,2.0,315.94,2.0,0.0,1.0,2020-01-14 09:33:59.384785,315.94,315.98,0,0.060000000000002274,0.034224446150574295,0,1,0.0,0.00179
175,2020-01-14 09:34:01,N,AAPL,315.94,2.0,315.98,1.0,0.0,-1.0,2020-01-14 09:34:01.570664,315.96,315.99,0,0.040000000000020464,0.03467148513880147,0,-1,0.3333333333333333,0.00179
176,2020-01-14 09:34:02,N,AAPL,315.96,2.0,315.99,1.0,0.0,0.0,2020-01-14 09:34:02.524600,315.96,315.99,0,0.03000000000002956,0.03505729217380349,1,-1,0.3333333333333333,0.00179
177,2020-01-14 09:34:03,N,AAPL,315.96,4.0,315.99,1.0,2.0,0.0,2020-01-14 09:34:03.081271,315.99,316.02,0,0.03000000000002956,0.03654696088244691,1,1,0.6,0.00179
178,2020-01-14 09:34:04,N,AAPL,315.99,5.0,316.02,2.0,2.0,1.0,2020-01-14 09:34:04.021341,315.94,315.96,-1,0.029999999999972715,0.037673370647894444,1,-1,0.42857142857142855,0.00179
179,2020-01-14 09:34:05,N,AAPL,315.94,1.0,315.96,2.0,0.0,0.0,2020-01-14 09:34:05.186881,315.88,315.97,0,0.01999999999998181,0.03664833583610516,1,-1,-0.3333333333333333,0.00179
180,2020-01-14 09:34:06,N,AAPL,315.88,2.0,315.97,2.0,0.0,-1.0,2020-01-14 09:34:06.041658,315.98,316.0,1,0.09000000000003183,0.03650537885260974,1,1,0.0,0.00179
181,2020-01-14 09:34:07,N,AAPL,315.98,2.0,316.0,3.0,0.0,2.0,2020-01-14 09:34:07.050562,316.0,316.07,0,0.01999999999998181,0.03544675247479745,1,-1,-0.2,0.00185
182,2020-01-14 09:34:08,N,AAPL,316.0,2.0,316.07,1.0,0.0,-3.0,2020-01-14 09:34:08.087169,315.96,316.01,0,0.06999999999999318,0.035850899742911224,1,1,0.3333333333333333,0.00185
183,2020-01-14 09:34:09,N,AAPL,315.96,7.0,316.01,2.0,5.0,0.0,2020-01-14 09:34:09.617854,315.96,316.04,0,0.05000000000001137,0.03819937859651645,1,-1,0.5555555555555556,0.00185
184,2020-01-14 09:34:10,N,AAPL,315.96,8.0,316.04,2.0,1.0,0.0,2020-01-14 09:34:10.975032,315.99,316.04,0,0.08000000000004093,0.04111328048543328,1,1,0.6,0.00185
185,2020-01-14 09:34:11,N,AAPL,315.99,1.0,316.04,2.0,-8.0,-2.0,2020-01-14 09:34:11.393680,315.98,316.02,0,0.05000000000001137,0.04044043830026567,1,-1,-0.3333333333333333,0.00185
186,2020-01-14 09:34:12,N,AAPL,315.98,2.0,316.02,1.0,0.0,-1.0,2020-01-14 09:34:12.073339,315.99,316.03,0,0.03999999999996362,0.04074830523205719,1,-1,0.3333333333333333,0.00185
187,2020-01-14 09:34:14,N,AAPL,315.99,1.0,316.03,2.0,-1.0,1.0,2020-01-14 09:34:14.018774,316.02,316.07,0,0.03999999999996362,0.04003711304619628,1,1,-0.3333333333333333,0.00185
188,2020-01-14 09:34:15,N,AAPL,316.02,1.0,316.07,2.0,0.0,1.0,2020-01-14 09:34:15.924515,316.06,316.09,0,0.05000000000001137,0.03947857142867406,1,1,-0.3333333333333333,0.00185
189,2020-01-14 09:34:16,N,AAPL,316.06,2.0,316.09,1.0,1.0,-1.0,2020-01-14 09:34:16.782607,315.98,316.01,-1,0.029999999999972715,0.03965816010264689,1,-1,0.3333333333333333,0.00185
190,2020-01-14 09:34:17,N,AAPL,315.98,1.0,316.01,1.0,0.0,0.0,2020-01-14 09:34:17.164005,315.96,316.0,0,0.029999999999972715,0.039494289914102865,1,1,0.0,0.00185
191,2020-01-14 09:34:18,N,AAPL,315.96,1.0,316.0,4.0,0.0,3.0,2020-01-14 09:34:18.202563,315.99,316.02,0,0.040000000000020464,0.0374679430471474,1,1,-0.6,0.00185
192,2020-01-14 09:34:21,N,AAPL,315.99,1.0,316.02,1.0,0.0,0.0,2020-01-14 09:34:21.496773,315.96,316.02,0,0.029999999999972715,0.0373214964536146,1,-1,0.0,0.00185
193,2020-01-14 09:34:22,N,AAPL,315.96,2.0,316.02,1.0,0.0,0.0,2020-01-14 09:34:22.034659,316.07,316.12,1,0.060000000000002274,0.037709715465155114,1,1,0.3333333333333333,0.00185
194,2020-01-14 09:34:23,N,AAPL,316.07,2.0,316.12,4.0,0.0,3.0,2020-01-14 09:34:23.563780,316.09,316.13,0,0.05000000000001137,0.0369746554670769,1,-1,-0.3333333333333333,0.00185
195,2020-01-14 09:34:24,N,AAPL,316.09,2.0,316.13,2.0,0.0,-2.0,2020-01-14 09:34:24.450810,316.07,316.09,0,0.040000000000020464,0.03685431537962813,1,-1,0.0,0.00185
196,2020-01-14 09:34:26,N,AAPL,316.07,2.0,316.09,4.0,0.0,2.0,2020-01-14 09:34:26.817904,316.01,316.06,-1,0.01999999999998181,0.03586044360645246,1,-1,-0.3333333333333333,0.00185
197,2020-01-14 09:34:27,N,AAPL,316.01,5.0,316.06,2.0,3.0,-2.0,2020-01-14 09:34:27.145672,316.01,316.07,0,0.05000000000001137,0.03682478295183955,1,1,0.42857142857142855,0.00185
198,2020-01-14 09:34:28,N,AAPL,316.01,2.0,316.07,1.0,1.0,0.0,2020-01-14 09:34:28.261295,316.01,316.08,0,0.060000000000002274,0.037138573514369,1,1,0.3333333333333333,0.00185
199,2020-01-14 09:34:29,N,AAPL,316.01,1.0,316.08,4.0,-1.0,2.0,2020-01-14 09:34:29.136422,316.01,316.07,0,0.06999999999999318,0.03593820297356842,1,1,-0.6,0.00185
200,2020-01-14 09:34:30,N,AAPL,316.01,1.0,316.07,4.0,0.0,2.0,2020-01-14 09:34:30.333187,316.03,316.11,0,0.060000000000002274,0.03467244516605206,0,-1,-0.6,0.00185
201,2020-01-14 09:34:31,N,AAPL,316.03,3.0,316.11,1.0,2.0,-3.0,2020-01-14 09:34:31.145576,316.06,316.09,0,0.08000000000004093,0.03533615221988384,1,1,0.5,0.00185
202,2020-01-14 09:34:34,N,AAPL,316.06,2.0,316.09,2.0,0.0,1.0,2020-01-14 09:34:34.069031,316.07,316.11,0,0.029999999999972715,0.03516304347823507,0,-1,0.0,0.00185
203,2020-01-14 09:34:36,N,AAPL,316.07,4.0,316.11,1.0,2.0,-1.0,2020-01-14 09:34:36.100005,316.14,316.18,1,0.040000000000020464,0.035843039194446646,1,1,0.6,0.00185
204,2020-01-14 09:34:37,N,AAPL,316.14,2.0,316.18,2.0,0.0,0.0,2020-01-14 09:34:37.661161,316.19,316.23,1,0.040000000000020464,0.03579532814228514,1,1,0.0,0.00185
205,2020-01-14 09:34:38,N,AAPL,316.19,2.0,316.23,2.0,1.0,1.0,2020-01-14 09:34:38.175344,316.23,316.25,0,0.040000000000020464,0.03579879045423695,1,1,0.0,0.00185
206,2020-01-14 09:34:42,N,AAPL,316.23,1.0,316.25,2.0,-1.0,1.0,2020-01-14 09:34:42.440175,316.19,316.25,0,0.01999999999998181,0.03579436330323915,1,-1,-0.3333333333333333,0.00185
207,2020-01-14 09:34:43,N,AAPL,316.19,4.0,316.25,3.0,-2.0,1.0,2020-01-14 09:34:43.043442,316.22,316.25,0,0.060000000000002274,0.035963240299508925,1,1,0.14285714285714285,0.00185
208,2020-01-14 09:34:45,N,AAPL,316.22,1.0,316.25,2.0,-3.0,-1.0,2020-01-14 09:34:45.526160,316.24,316.27,0,0.029999999999972715,0.03597586986279566,1,-1,-0.3333333333333333,0.00185
209,2020-01-14 09:34:46,N,AAPL,316.24,2.0,316.27,1.0,1.0,-1.0,2020-01-14 09:34:46.206870,316.27,316.31,0,0.029999999999972715,0.03591861845222866,1,1,0.3333333333333333,0.00185
210,2020-01-14 09:34:47,N,AAPL,316.27,1.0,316.31,1.0,0.0,-1.0,2020-01-14 09:34:47.458988,316.28,316.34,0,0.040000000000020464,0.035958924081967325,1,1,0.0,0.00185
211,2020-01-14 09:34:48,N,AAPL,316.28,4.0,316.34,2.0,3.0,0.0,2020-01-14 09:34:48.000495,316.29,316.34,0,0.060000000000002274,0.035879612316080056,1,1,0.3333333333333333,0.00185
212,2020-01-14 09:34:49,N,AAPL,316.29,2.0,316.34,2.0,0.0,1.0,2020-01-14 09:34:49.356824,316.29,316.35,0,0.049999999999954525,0.036023188405749806,1,-1,0.0,0.00185
213,2020-01-14 09:34:50,N,AAPL,316.29,3.0,316.35,2.0,1.0,0.0,2020-01-14 09:34:50.763387,316.3,316.36,0,0.060000000000002274,0.036065468352830976,1,1,0.2,0.00185
214,2020-01-14 09:34:51,N,AAPL,316.3,2.0,316.36,2.0,-1.0,0.0,2020-01-14 09:34:51.064648,316.42,316.44,1,0.060000000000002274,0.0362598359409958,1,1,0.0,0.00185
215,2020-01-14 09:34:52,N,AAPL,316.42,1.0,316.44,1.0,-1.0,-1.0,2020-01-14 09:34:52.006770,316.39,316.44,0,0.01999999999998181,0.036325433602542034,1,-1,0.0,0.00185
216,2020-01-14 09:34:53,N,AAPL,316.39,1.0,316.44,2.0,-1.0,1.0,2020-01-14 09:34:53.035636,316.46,316.49,1,0.05000000000001137,0.03686969403020157,1,1,-0.3333333333333333,0.00185
217,2020-01-14 09:34:54,N,AAPL,316.46,3.0,316.49,2.0,1.0,-1.0,2020-01-14 09:34:54.663911,316.43,316.47,0,0.03000000000002956,0.0366455505278509,1,-1,0.2,0.00185
218,2020-01-14 09:34:56,N,AAPL,316.43,2.0,316.47,2.0,-1.0,1.0,2020-01-14 09:34:56.595796,316.38,316.44,0,0.040000000000020464,0.036865565192329086,1,1,0.0,0.00185
219,2020-01-14 09:34:57,N,AAPL,316.38,4.0,316.44,2.0,3.0,0.0,2020-01-14 09:34:57.432278,316.43,316.5,0,0.060000000000002274,0.0365495389810917,1,1,0.3333333333333333,0.00185
220,2020-01-14 09:34:58,N,AAPL,316.43,4.0,316.5,10.0,2.0,0.0,2020-01-14 09:34:58.171217,316.4,316.44,0,0.06999999999999318,0.04041060990994083,1,1,-0.42857142857142855,0.00185
221,2020-01-14 09:34:59,N,AAPL,316.4,2.0,316.44,1.0,-2.0,-9.0,2020-01-14 09:34:59.047814,316.37,316.41,0,0.040000000000020464,0.04017746962665569,1,-1,0.3333333333333333,0.00185
222,2020-01-14 09:35:00,N,AAPL,316.37,2.0,316.41,1.0,0.0,-1.0,2020-01-14 09:35:00.314650,316.37,316.39,0,0.040000000000020464,0.0399838678499691,1,1,0.3333333333333333,0.00185
223,2020-01-14 09:35:01,N,AAPL,316.37,2.0,316.39,2.0,-2.0,-2.0,2020-01-14 09:35:01.364498,316.36,316.43,0,0.01999999999998181,0.04003512664081654,1,-1,0.0,0.00185
224,2020-01-14 09:35:02,N,AAPL,316.36,2.0,316.43,2.0,0.0,1.0,2020-01-14 09:35:02.260621,316.36,316.4,0,0.06999999999999318,0.04028524738862416,1,1,0.0,0.00185
225,2020-01-14 09:35:03,N,AAPL,316.36,2.0,316.4,2.0,-2.0,0.0,2020-01-14 09:35:03.086545,316.36,316.43,0,0.03999999999996362,0.040407724953126944,1,-1,0.0,0.00185
226,2020-01-14 09:35:04,N,AAPL,316.36,3.0,316.43,3.0,1.0,0.0,2020-01-14 09:35:04.012950,316.28,316.31,-1,0.06999999999999318,0.04077397781645686,1,1,0.0,0.00185
227,2020-01-14 09:35:05,N,AAPL,316.28,2.0,316.31,3.0,0.0,2.0,2020-01-14 09:35:05.318158,316.26,316.29,0,0.03000000000002956,0.04089177634898533,1,-1,-0.2,0.00185
228,2020-01-14 09:35:06,N,AAPL,316.26,1.0,316.29,2.0,-1.0,-2.0,2020-01-14 09:35:06.607819,316.2,316.26,0,0.03000000000002956,0.04095445128336905,1,1,-0.3333333333333333,0.00185
229,2020-01-14 09:35:07,N,AAPL,316.2,5.0,316.26,1.0,0.0,-1.0,2020-01-14 09:35:07.057091,316.15,316.21,0,0.060000000000002274,0.041092764378447555,1,1,0.6666666666666666,0.00185
230,2020-01-14 09:35:08,N,AAPL,316.15,2.0,316.21,4.0,-3.0,3.0,2020-01-14 09:35:08.563792,316.12,316.16,0,0.060000000000002274,0.040923902362294484,1,1,-0.3333333333333333,0.00237
231,2020-01-14 09:35:09,N,AAPL,316.12,15.0,316.16,6.0,13.0,5.0,2020-01-14 09:35:09.873498,316.11,316.12,0,0.040000000000020464,0.04203592417059099,1,-1,0.42857142857142855,0.00237
232,2020-01-14 09:35:10,N,AAPL,316.11,2.0,316.12,2.0,-13.0,-4.0,2020-01-14 09:35:10.549023,316.08,316.13,0,0.009999999999990905,0.04182172099001491,1,-1,0.0,0.00237
233,2020-01-14 09:35:11,N,AAPL,316.08,1.0,316.13,4.0,-1.0,1.0,2020-01-14 09:35:11.219860,316.14,316.18,1,0.05000000000001137,0.04104146468785075,1,1,-0.6,0.00237
234,2020-01-14 09:35:12,N,AAPL,316.14,2.0,316.18,1.0,1.0,-3.0,2020-01-14 09:35:12.412687,316.18,316.22,0,0.040000000000020464,0.04112450767615883,1,-1,0.3333333333333333,0.00237
235,2020-01-14 09:35:13,N,AAPL,316.18,2.0,316.22,1.0,-2.0,-1.0,2020-01-14 09:35:13.058587,316.23,316.28,1,0.040000000000020464,0.04116043307084283,1,1,0.3333333333333333,0.00237
236,2020-01-14 09:35:14,N,AAPL,316.23,3.0,316.28,2.0,1.0,1.0,2020-01-14 09:35:14.897983,316.24,316.3,0,0.049999999999954525,0.041182355990542874,1,1,0.2,0.00237
237,2020-01-14 09:35:15,N,AAPL,316.24,1.0,316.3,1.0,-2.0,-1.0,2020-01-14 09:35:15.103952,316.29,316.34,0,0.060000000000002274,0.04123011146089084,1,1,0.0,0.00237
238,2020-01-14 09:35:16,N,AAPL,316.29,4.0,316.34,2.0,3.0,0.0,2020-01-14 09:35:16.460134,316.27,316.29,0,0.049999999999954525,0.04108918128650885,1,-1,0.3333333333333333,0.00237
239,2020-01-14 09:35:17,N,AAPL,316.27,1.0,316.29,1.0,0.0,0.0,2020-01-14 09:35:17.850617,316.22,316.27,0,0.020000000000038654,0.041071028160729384,1,-1,0.0,0.00237
240,2020-01-14 09:35:19,N,AAPL,316.22,1.0,316.27,2.0,0.0,-2.0,2020-01-14 09:35:19.009525,316.25,316.29,0,0.049999999999954525,0.04112069171139865,1,1,-0.3333333333333333,0.00237
241,2020-01-14 09:35:20,N,AAPL,316.25,3.0,316.29,1.0,1.0,0.0,2020-01-14 09:35:20.230258,316.23,316.29,0,0.040000000000020464,0.04102162019671596,1,-1,0.5,0.00237
242,2020-01-14 09:35:21,N,AAPL,316.23,4.0,316.29,2.0,3.0,0.0,2020-01-14 09:35:21.078171,316.25,316.3,0,0.060000000000002274,0.04105841053660697,1,1,0.3333333333333333,0.00237
243,2020-01-14 09:35:22,N,AAPL,316.25,3.0,316.3,1.0,0.0,0.0,2020-01-14 09:35:22.155021,316.27,316.32,0,0.05000000000001137,0.040980769230770875,1,-1,0.5,0.00237
244,2020-01-14 09:35:23,N,AAPL,316.27,4.0,316.32,1.0,3.0,-1.0,2020-01-14 09:35:23.063217,316.27,316.3,0,0.05000000000001137,0.04076821682127729,1,1,0.6,0.00237
245,2020-01-14 09:35:24,N,AAPL,316.27,2.0,316.3,2.0,0.0,0.0,2020-01-14 09:35:24.298188,316.29,316.32,0,0.03000000000002956,0.04077274214944282,1,-1,0.0,0.00237
246,2020-01-14 09:35:25,N,AAPL,316.29,2.0,316.32,1.0,0.0,-1.0,2020-01-14 09:35:25.678093,316.29,316.35,0,0.029999999999972715,0.04067022443666701,1,-1,0.3333333333333333,0.00237
247,2020-01-14 09:35:26,N,AAPL,316.29,4.0,316.35,1.0,2.0,0.0,2020-01-14 09:35:26.091868,316.29,316.32,0,0.060000000000002274,0.040402380952457406,1,1,0.6,0.00237
248,2020-01-14 09:35:27,N,AAPL,316.29,1.0,316.32,2.0,0.0,0.0,2020-01-14 09:35:27.052448,316.28,316.34,0,0.029999999999972715,0.04053567954531445,1,-1,-0.3333333333333333,0.00237
249,2020-01-14 09:35:28,N,AAPL,316.28,2.0,316.34,4.0,0.0,0.0,2020-01-14 09:35:28.035368,316.34,316.38,0,0.060000000000002274,0.040978028876395456,1,1,-0.3333333333333333,0.00237
250,2020-01-14 09:35:29,N,AAPL,316.34,1.0,316.38,2.0,-1.0,-2.0,2020-01-14 09:35:29.660210,316.29,316.34,0,0.040000000000020464,0.04125739644979376,1,-1,-0.3333333333333333,0.00237
251,2020-01-14 09:35:30,N,AAPL,316.29,2.0,316.34,4.0,1.0,2.0,2020-01-14 09:35:30.292360,316.28,316.32,0,0.049999999999954525,0.041656943689190484,1,1,-0.3333333333333333,0.00237
252,2020-01-14 09:35:32,N,AAPL,316.28,1.0,316.32,1.0,0.0,-1.0,2020-01-14 09:35:32.236025,316.28,316.32,0,0.040000000000020464,0.041678611121881204,1,-1,0.0,0.00237
253,2020-01-14 09:35:33,N,AAPL,316.28,1.0,316.32,1.0,0.0,0.0,2020-01-14 09:35:33.312758,316.33,316.35,1,0.040000000000020464,0.04170012550486035,1,1,0.0,0.00237
254,2020-01-14 09:35:34,N,AAPL,316.33,2.0,316.35,1.0,-2.0,0.0,2020-01-14 09:35:34.109775,316.32,316.36,0,0.020000000000038654,0.04153681981108548,1,-1,0.3333333333333333,0.00237
255,2020-01-14 09:35:35,N,AAPL,316.32,4.0,316.36,2.0,2.0,1.0,2020-01-14 09:35:35.289044,316.35,316.39,0,0.040000000000020464,0.04130937140274682,1,1,0.3333333333333333,0.00237
256,2020-01-14 09:35:36,N,AAPL,316.35,1.0,316.39,2.0,-1.0,1.0,2020-01-14 09:35:36.568563,316.39,316.41,0,0.03999999999996362,0.04159990688418702,1,-1,-0.3333333333333333,0.00237
257,2020-01-14 09:35:37,N,AAPL,316.39,2.0,316.41,1.0,0.0,0.0,2020-01-14 09:35:37.414157,316.38,316.42,0,0.020000000000038654,0.041375747326924284,1,-1,0.3333333333333333,0.00237
258,2020-01-14 09:35:39,N,AAPL,316.38,2.0,316.42,4.0,0.0,3.0,2020-01-14 09:35:39.028308,316.49,316.53,1,0.040000000000020464,0.04207845339112737,1,1,-0.3333333333333333,0.00237
259,2020-01-14 09:35:40,N,AAPL,316.49,2.0,316.53,1.0,-1.0,-8.0,2020-01-14 09:35:40.347394,316.43,316.48,-1,0.03999999999996362,0.04178441558440227,1,-1,0.3333333333333333,0.00237
260,2020-01-14 09:35:41,N,AAPL,316.43,5.0,316.48,5.0,2.0,0.0,2020-01-14 09:35:41.031776,316.42,316.46,0,0.05000000000001137,0.04224794135109278,1,1,0.0,0.00237
261,2020-01-14 09:35:42,N,AAPL,316.42,2.0,316.46,1.0,0.0,-1.0,2020-01-14 09:35:42.107705,316.39,316.44,0,0.03999999999996362,0.0420326824254289,1,-1,0.3333333333333333,0.00237
262,2020-01-14 09:35:43,N,AAPL,316.39,2.0,316.44,5.0,1.0,4.0,2020-01-14 09:35:43.500528,316.4,316.45,0,0.05000000000001137,0.04312818989285461,1,1,-0.42857142857142855,0.00237
263,2020-01-14 09:35:44,N,AAPL,316.4,6.0,316.45,1.0,4.0,-1.0,2020-01-14 09:35:44.257223,316.43,316.49,0,0.05000000000001137,0.04194548324187508,1,1,0.7142857142857143,0.00237
264,2020-01-14 09:35:45,N,AAPL,316.43,2.0,316.49,3.0,0.0,1.0,2020-01-14 09:35:45.101627,316.43,316.45,0,0.060000000000002274,0.04255727284061095,1,1,-0.2,0.00237
265,2020-01-14 09:35:48,N,AAPL,316.43,2.0,316.45,3.0,0.0,0.0,2020-01-14 09:35:48.568578,316.38,316.42,-1,0.01999999999998181,0.04294844912175222,1,-1,-0.2,0.00237
266,2020-01-14 09:35:49,N,AAPL,316.38,2.0,316.42,2.0,-4.0,0.0,2020-01-14 09:35:49.618397,316.38,316.43,0,0.040000000000020464,0.04304835618461311,1,1,0.0,0.00237
267,2020-01-14 09:35:50,N,AAPL,316.38,2.0,316.43,1.0,0.0,-1.0,2020-01-14 09:35:50.169217,316.32,316.35,-1,0.05000000000001137,0.042898643955084026,1,1,0.3333333333333333,0.00237
268,2020-01-14 09:35:51,N,AAPL,316.32,2.0,316.35,2.0,1.0,0.0,2020-01-14 09:35:51.094041,316.32,316.36,0,0.03000000000002956,0.04292053746348756,1,-1,0.0,0.00237
269,2020-01-14 09:35:52,N,AAPL,316.32,3.0,316.36,2.0,2.0,0.0,2020-01-14 09:35:52.185470,316.34,316.38,0,0.040000000000020464,0.042845757703673826,1,1,0.2,0.00237
270,2020-01-14 09:35:53,N,AAPL,316.34,2.0,316.38,1.0,-2.0,-1.0,2020-01-14 09:35:53.190577,316.36,316.4,0,0.040000000000020464,0.04272310108348165,1,1,0.3333333333333333,0.00237
271,2020-01-14 09:35:54,N,AAPL,316.36,4.0,316.4,1.0,0.0,0.0,2020-01-14 09:35:54.299332,316.36,316.41,0,0.03999999999996362,0.04221350770836807,1,-1,0.6,0.00237
272,2020-01-14 09:35:55,N,AAPL,316.36,5.0,316.41,1.0,0.0,-1.0,2020-01-14 09:35:55.254613,316.35,316.39,0,0.05000000000001137,0.041547497494718755,1,1,0.6666666666666666,0.00237
273,2020-01-14 09:35:56,N,AAPL,316.35,5.0,316.39,4.0,0.0,3.0,2020-01-14 09:35:56.378042,316.35,316.36,0,0.03999999999996362,0.04154769731479746,1,-1,0.1111111111111111,0.00237
274,2020-01-14 09:35:57,N,AAPL,316.35,15.0,316.36,1.0,10.0,-3.0,2020-01-14 09:35:57.872756,316.31,316.34,-1,0.009999999999990905,0.039278835626419095,1,-1,0.875,0.00237
275,2020-01-14 09:35:59,N,AAPL,316.31,4.0,316.34,2.0,-11.0,1.0,2020-01-14 09:35:59.775805,316.27,316.3,-1,0.029999999999972715,0.03909910459913135,1,1,0.3333333333333333,0.00328
276,2020-01-14 09:36:00,N,AAPL,316.27,2.0,316.3,2.0,-2.0,0.0,2020-01-14 09:36:00.836045,316.3,316.32,0,0.03000000000002956,0.03909780063196422,1,1,0.0,0.00328
277,2020-01-14 09:36:01,N,AAPL,316.3,4.0,316.32,1.0,0.0,-1.0,2020-01-14 09:36:01.439124,316.31,316.33,0,0.01999999999998181,0.03882211152171067,1,-1,0.6,0.00328
278,2020-01-14 09:36:02,N,AAPL,316.31,2.0,316.33,2.0,0.0,1.0,2020-01-14 09:36:02.525896,316.31,316.35,0,0.01999999999998181,0.0388186618155828,1,1,0.0,0.00328
279,2020-01-14 09:36:03,N,AAPL,316.31,2.0,316.35,4.0,-2.0,3.0,2020-01-14 09:36:03.496586,316.19,316.24,-1,0.040000000000020464,0.03914809540134456,1,1,-0.3333333333333333,0.00328
280,2020-01-14 09:36:04,N,AAPL,316.19,2.0,316.24,2.0,0.0,0.0,2020-01-14 09:36:04.259866,316.19,316.24,0,0.05000000000001137,0.03915277195193312,1,1,0.0,0.00328
281,2020-01-14 09:36:05,N,AAPL,316.19,2.0,316.24,2.0,0.0,0.0,2020-01-14 09:36:05.257384,316.19,316.23,0,0.05000000000001137,0.03915758154892046,1,1,0.0,0.00328
282,2020-01-14 09:36:06,N,AAPL,316.19,1.0,316.23,2.0,0.0,1.0,2020-01-14 09:36:06.341602,316.16,316.21,0,0.040000000000020464,0.03907483787287447,1,-1,-0.3333333333333333,0.00328
283,2020-01-14 09:36:07,N,AAPL,316.16,4.0,316.21,2.0,0.0,0.0,2020-01-14 09:36:07.005328,316.14,316.18,0,0.049999999999954525,0.039243468009885873,1,1,0.3333333333333333,0.00328
284,2020-01-14 09:36:08,N,AAPL,316.14,1.0,316.18,1.0,0.0,-2.0,2020-01-14 09:36:08.060560,316.11,316.16,0,0.040000000000020464,0.03921086150000974,1,-1,0.0,0.00328
285,2020-01-14 09:36:09,N,AAPL,316.11,2.0,316.16,1.0,0.0,-1.0,2020-01-14 09:36:09.040238,316.09,316.14,0,0.05000000000001137,0.039339876402380014,1,1,0.3333333333333333,0.00328
286,2020-01-14 09:36:10,N,AAPL,316.09,2.0,316.14,4.0,1.0,3.0,2020-01-14 09:36:10.468786,316.11,316.15,0,0.05000000000001137,0.038843286099847774,1,1,-0.3333333333333333,0.00328
287,2020-01-14 09:36:11,N,AAPL,316.11,2.0,316.15,1.0,0.0,0.0,2020-01-14 09:36:11.132682,316.14,316.17,0,0.03999999999996362,0.038955774213775385,1,-1,0.3333333333333333,0.00328
288,2020-01-14 09:36:13,N,AAPL,316.14,1.0,316.17,1.0,-1.0,0.0,2020-01-14 09:36:13.135699,316.17,316.2,0,0.03000000000002956,0.038908318154255994,1,-1,0.0,0.00328
289,2020-01-14 09:36:15,N,AAPL,316.17,1.0,316.2,2.0,0.0,0.0,2020-01-14 09:36:15.241156,316.13,316.17,0,0.029999999999972715,0.038758920234784,1,-1,-0.3333333333333333,0.00328
290,2020-01-14 09:36:16,N,AAPL,316.13,4.0,316.17,2.0,2.0,1.0,2020-01-14 09:36:16.665923,316.15,316.17,0,0.040000000000020464,0.03894537773447837,1,1,0.3333333333333333,0.00328
291,2020-01-14 09:36:17,N,AAPL,316.15,1.0,316.17,2.0,0.0,1.0,2020-01-14 09:36:17.639119,316.15,316.19,0,0.020000000000038654,0.03872594768984072,1,-1,-0.3333333333333333,0.00328
292,2020-01-14 09:36:18,N,AAPL,316.15,1.0,316.19,1.0,0.0,-3.0,2020-01-14 09:36:18.482590,316.12,316.13,-1,0.040000000000020464,0.03869973124352555,1,1,0.0,0.00328
293,2020-01-14 09:36:19,N,AAPL,316.12,1.0,316.13,1.0,0.0,0.0,2020-01-14 09:36:19.486174,316.07,316.1,-1,0.009999999999990905,0.03861451032861396,1,-1,0.0,0.00328
294,2020-01-14 09:36:20,N,AAPL,316.07,2.0,316.1,2.0,1.0,1.0,2020-01-14 09:36:20.768990,316.05,316.09,0,0.03000000000002956,0.03847451490878484,1,1,0.0,0.00328
295,2020-01-14 09:36:22,N,AAPL,316.05,4.0,316.09,1.0,0.0,-1.0,2020-01-14 09:36:22.192294,316.07,316.09,0,0.03999999999996362,0.0390872373656066,1,1,0.6,0.00328
296,2020-01-14 09:36:23,N,AAPL,316.07,5.0,316.09,2.0,2.0,0.0,2020-01-14 09:36:23.404508,316.08,316.09,0,0.01999999999998181,0.039504208979963096,1,-1,0.42857142857142855,0.00328
297,2020-01-14 09:36:24,N,AAPL,316.08,1.0,316.09,2.0,-4.0,-2.0,2020-01-14 09:36:24.865562,316.09,316.12,0,0.009999999999990905,0.03912215193031443,1,-1,-0.3333333333333333,0.00328
298,2020-01-14 09:36:25,N,AAPL,316.09,2.0,316.12,2.0,1.0,0.0,2020-01-14 09:36:25.017674,316.11,316.12,0,0.03000000000002956,0.03899644367839983,1,1,0.0,0.00328
299,2020-01-14 09:36:28,N,AAPL,316.11,1.0,316.12,2.0,-1.0,-1.0,2020-01-14 09:36:28.371860,316.08,316.12,0,0.009999999999990905,0.038678097890624485,1,-1,-0.3333333333333333,0.00328
300,2020-01-14 09:36:29,N,AAPL,316.08,1.0,316.12,3.0,0.0,1.0,2020-01-14 09:36:29.053289,316.07,316.11,0,0.040000000000020464,0.03817053707280138,1,1,-0.5,0.00328
301,2020-01-14 09:36:30,N,AAPL,316.07,5.0,316.11,2.0,0.0,0.0,2020-01-14 09:36:30.001494,316.09,316.12,0,0.040000000000020464,0.03954831620598043,1,1,0.42857142857142855,0.00328
302,2020-01-14 09:36:31,N,AAPL,316.09,1.0,316.12,1.0,-5.0,0.0,2020-01-14 09:36:31.044538,316.07,316.1,0,0.03000000000002956,0.03985171221006567,1,-1,0.0,0.00328
303,2020-01-14 09:36:32,N,AAPL,316.07,3.0,316.1,4.0,1.0,2.0,2020-01-14 09:36:32.030816,316.05,316.09,0,0.03000000000002956,0.039823774830267666,1,1,-0.14285714285714285,0.00328
304,2020-01-14 09:36:33,N,AAPL,316.05,2.0,316.09,2.0,-2.0,0.0,2020-01-14 09:36:33.598411,316.06,316.1,0,0.03999999999996362,0.040403111739692577,1,1,0.0,0.00328
305,2020-01-14 09:36:34,N,AAPL,316.06,2.0,316.1,1.0,-1.0,-1.0,2020-01-14 09:36:34.025449,316.07,316.11,0,0.040000000000020464,0.04115516732207425,1,1,0.3333333333333333,0.00328
306,2020-01-14 09:36:35,N,AAPL,316.07,2.0,316.11,2.0,-2.0,1.0,2020-01-14 09:36:35.323893,316.02,316.06,-1,0.040000000000020464,0.040807084096911694,1,1,0.0,0.00328
307,2020-01-14 09:36:36,N,AAPL,316.02,2.0,316.06,2.0,0.0,-1.0,2020-01-14 09:36:36.076402,316.0,316.01,-1,0.040000000000020464,0.04027524284987294,1,1,0.0,0.00328
308,2020-01-14 09:36:37,N,AAPL,316.0,31.0,316.01,4.0,28.0,0.0,2020-01-14 09:36:37.536008,315.99,316.01,0,0.009999999999990905,0.046415510677491056,1,-1,0.7714285714285715,0.00328
309,2020-01-14 09:36:39,N,AAPL,315.99,1.0,316.01,2.0,-1.0,0.0,2020-01-14 09:36:39.164334,315.98,316.0,0,0.01999999999998181,0.0459109736647747,1,1,-0.3333333333333333,0.00328
310,2020-01-14 09:36:41,N,AAPL,315.98,4.0,316.0,1.0,2.0,-1.0,2020-01-14 09:36:41.301272,316.01,316.05,1,0.01999999999998181,0.04649164054336552,1,1,0.6,0.00328
311,2020-01-14 09:36:42,N,AAPL,316.01,2.0,316.05,1.0,-2.0,-2.0,2020-01-14 09:36:42.310627,315.9,315.95,-1,0.040000000000020464,0.04483971759037786,1,1,0.3333333333333333,0.00328
312,2020-01-14 09:36:44,N,AAPL,315.9,6.0,315.95,2.0,5.0,1.0,2020-01-14 09:36:44.969358,315.96,316.0,1,0.05000000000001137,0.04645410132093275,1,1,0.5,0.00328
313,2020-01-14 09:36:45,N,AAPL,315.96,1.0,316.0,2.0,-5.0,0.0,2020-01-14 09:36:45.407161,315.98,316.01,0,0.040000000000020464,0.04474250132989255,1,-1,-0.3333333333333333,0.00328
314,2020-01-14 09:36:47,N,AAPL,315.98,2.0,316.01,2.0,0.0,1.0,2020-01-14 09:36:47.588147,316.03,316.06,1,0.029999999999972715,0.04670875515546413,1,-1,0.0,0.00328
315,2020-01-14 09:36:48,N,AAPL,316.03,3.0,316.06,2.0,1.0,0.0,2020-01-14 09:36:48.610620,316.01,316.05,0,0.03000000000002956,0.04619393859940146,1,1,0.2,0.00328
316,2020-01-14 09:36:49,N,AAPL,316.01,4.0,316.05,1.0,1.0,-1.0,2020-01-14 09:36:49.208605,316.06,316.11,1,0.040000000000020464,0.04710655866671232,1,1,0.6,0.00328
317,2020-01-14 09:36:50,N,AAPL,316.06,2.0,316.11,4.0,1.0,2.0,2020-01-14 09:36:50.247053,316.02,316.06,0,0.05000000000001137,0.04630969606552071,1,1,-0.3333333333333333,0.00328
318,2020-01-14 09:36:51,N,AAPL,316.02,1.0,316.06,4.0,-1.0,-15.0,2020-01-14 09:36:51.291049,315.96,316.02,0,0.040000000000020464,0.0448282835039322,1,-1,-0.6,0.00328
319,2020-01-14 09:36:52,N,AAPL,315.96,2.0,316.02,18.0,1.0,14.0,2020-01-14 09:36:52.231811,316.01,316.03,0,0.060000000000002274,0.037574218948520866,1,1,-0.8,0.00328
320,2020-01-14 09:36:55,N,AAPL,316.01,2.0,316.03,2.0,0.0,-16.0,2020-01-14 09:36:55.018384,316.02,316.05,0,0.01999999999998181,0.03986188980530869,1,-1,0.0,0.00425
321,2020-01-14 09:36:57,N,AAPL,316.02,2.0,316.05,15.0,1.0,14.0,2020-01-14 09:36:57.532860,316.0,316.01,-1,0.03000000000002956,0.03493218709843404,0,1,-0.7647058823529411,0.00425
322,2020-01-14 09:36:58,N,AAPL,316.0,1.0,316.01,4.0,-1.0,-11.0,2020-01-14 09:36:58.945840,316.0,316.01,0,0.009999999999990905,0.03545989595136234,0,-1,-0.6,0.00425
323,2020-01-14 09:36:59,N,AAPL,316.0,2.0,316.01,4.0,0.0,2.0,2020-01-14 09:36:59.001778,315.99,316.02,0,0.009999999999990905,0.03440200196615706,0,1,-0.3333333333333333,0.00425
324,2020-01-14 09:37:00,N,AAPL,315.99,2.0,316.02,1.0,0.0,0.0,2020-01-14 09:37:00.245056,315.92,315.98,-1,0.029999999999972715,0.03736998082803211,1,1,0.3333333333333333,0.00425
325,2020-01-14 09:37:01,N,AAPL,315.92,2.0,315.98,1.0,-2.0,-1.0,2020-01-14 09:37:01.275568,315.92,315.96,0,0.060000000000002274,0.03909115928183837,1,1,0.3333333333333333,0.00425
326,2020-01-14 09:37:02,N,AAPL,315.92,2.0,315.96,2.0,0.0,1.0,2020-01-14 09:37:02.928834,315.94,315.98,0,0.03999999999996362,0.040457698417355914,1,-1,0.0,0.00425
327,2020-01-14 09:37:03,N,AAPL,315.94,1.0,315.98,3.0,-1.0,1.0,2020-01-14 09:37:03.510456,315.99,316.04,1,0.040000000000020464,0.039217247097838026,1,1,-0.5,0.00425
328,2020-01-14 09:37:04,N,AAPL,315.99,4.0,316.04,2.0,2.0,-3.0,2020-01-14 09:37:04.470924,316.08,316.11,1,0.05000000000001137,0.04100771504789691,1,1,0.3333333333333333,0.00425
329,2020-01-14 09:37:05,N,AAPL,316.08,1.0,316.11,4.0,-2.0,1.0,2020-01-14 09:37:05.119274,316.08,316.12,0,0.03000000000002956,0.03682817795078108,0,-1,-0.6,0.00425
330,2020-01-14 09:37:06,N,AAPL,316.08,1.0,316.12,3.0,0.0,0.0,2020-01-14 09:37:06.116247,316.1,316.13,0,0.040000000000020464,0.0337671595606821,0,1,-0.5,0.00425
331,2020-01-14 09:37:07,N,AAPL,316.1,2.0,316.13,1.0,-1.0,0.0,2020-01-14 09:37:07.186070,316.06,316.1,0,0.029999999999972715,0.031265617191422734,1,-1,0.3333333333333333,0.00425
332,2020-01-14 09:37:08,N,AAPL,316.06,1.0,316.1,4.0,-1.0,3.0,2020-01-14 09:37:08.399063,316.09,316.13,0,0.040000000000020464,0.03148324279453618,1,1,-0.6,0.00425
333,2020-01-14 09:37:09,N,AAPL,316.09,2.0,316.13,1.0,1.0,0.0,2020-01-14 09:37:09.302101,316.07,316.12,0,0.040000000000020464,0.03309724106736667,0,1,0.3333333333333333,0.00425
334,2020-01-14 09:37:10,N,AAPL,316.07,1.0,316.12,4.0,-2.0,-1.0,2020-01-14 09:37:10.604586,316.12,316.15,0,0.05000000000001137,0.032684281147282945,0,1,-0.6,0.00425
335,2020-01-14 09:37:11,N,AAPL,316.12,2.0,316.15,1.0,1.0,-1.0,2020-01-14 09:37:11.055640,316.15,316.2,0,0.029999999999972715,0.03370774388133668,0,-1,0.3333333333333333,0.00425
336,2020-01-14 09:37:12,N,AAPL,316.15,2.0,316.2,1.0,-2.0,0.0,2020-01-14 09:37:12.021285,316.28,316.34,1,0.05000000000001137,0.03374147799780758,0,1,0.3333333333333333,0.00425
337,2020-01-14 09:37:13,N,AAPL,316.28,2.0,316.34,2.0,1.0,1.0,2020-01-14 09:37:13.071352,316.26,316.3,0,0.060000000000002274,0.03215178995884571,1,1,0.0,0.00425
338,2020-01-14 09:37:14,N,AAPL,316.26,2.0,316.3,2.0,0.0,0.0,2020-01-14 09:37:14.208664,316.25,316.29,0,0.040000000000020464,0.03264261720471495,0,-1,0.0,0.00425
339,2020-01-14 09:37:15,N,AAPL,316.25,1.0,316.29,2.0,-1.0,0.0,2020-01-14 09:37:15.541040,316.25,316.31,0,0.040000000000020464,0.03872938138601967,1,1,-0.3333333333333333,0.00425
340,2020-01-14 09:37:16,N,AAPL,316.25,1.0,316.31,2.0,0.0,0.0,2020-01-14 09:37:16.028835,316.27,316.31,0,0.060000000000002274,0.040515583517446885,1,1,-0.3333333333333333,0.00425
341,2020-01-14 09:37:17,N,AAPL,316.27,1.0,316.31,2.0,0.0,1.0,2020-01-14 09:37:17.193243,316.28,316.32,0,0.040000000000020464,0.03993446444911797,1,-1,-0.3333333333333333,0.00425
342,2020-01-14 09:37:22,N,AAPL,316.28,1.0,316.32,1.0,0.0,-1.0,2020-01-14 09:37:22.272973,316.26,316.29,0,0.040000000000020464,0.03964297432537478,1,1,0.0,0.00425
343,2020-01-14 09:37:23,N,AAPL,316.26,1.0,316.29,1.0,0.0,-1.0,2020-01-14 09:37:23.517835,316.31,316.34,1,0.03000000000002956,0.0401664999179161,1,-1,0.0,0.00425
344,2020-01-14 09:37:24,N,AAPL,316.31,2.0,316.34,1.0,1.0,-1.0,2020-01-14 09:37:24.018509,316.29,316.33,0,0.029999999999972715,0.03714077847178032,1,-1,0.3333333333333333,0.00425
345,2020-01-14 09:37:25,N,AAPL,316.29,2.0,316.33,1.0,0.0,0.0,2020-01-14 09:37:25.054831,316.37,316.4,1,0.03999999999996362,0.04164073274233715,1,1,0.3333333333333333,0.00425
346,2020-01-14 09:37:26,N,AAPL,316.37,2.0,316.4,4.0,0.0,-1.0,2020-01-14 09:37:26.123356,316.32,316.35,-1,0.029999999999972715,0.04214578729676077,1,-1,-0.3333333333333333,0.00425
347,2020-01-14 09:37:27,N,AAPL,316.32,1.0,316.35,2.0,0.0,1.0,2020-01-14 09:37:27.286577,316.33,316.37,0,0.03000000000002956,0.043871189405365385,1,1,-0.3333333333333333,0.00425
348,2020-01-14 09:37:28,N,AAPL,316.33,1.0,316.37,2.0,-1.0,1.0,2020-01-14 09:37:28.493171,316.33,316.37,0,0.040000000000020464,0.05143100682306567,1,1,-0.3333333333333333,0.00425
349,2020-01-14 09:37:29,N,AAPL,316.33,1.0,316.37,2.0,0.0,1.0,2020-01-14 09:37:29.135821,316.34,316.39,0,0.040000000000020464,0.04914361923431443,1,1,-0.3333333333333333,0.00425
350,2020-01-14 09:37:30,N,AAPL,316.34,2.0,316.39,2.0,1.0,-3.0,2020-01-14 09:37:30.322535,316.37,316.39,0,0.05000000000001137,0.04826617945155931,1,1,0.0,0.00425
351,2020-01-14 09:37:31,N,AAPL,316.37,1.0,316.39,2.0,-1.0,0.0,2020-01-14 09:37:31.850644,316.34,316.39,0,0.01999999999998181,0.04856131919575546,1,-1,-0.3333333333333333,0.00425
352,2020-01-14 09:37:32,N,AAPL,316.34,1.0,316.39,2.0,0.0,0.0,2020-01-14 09:37:32.047262,316.35,316.4,0,0.05000000000001137,0.04804750733143237,1,1,-0.3333333333333333,0.00425
353,2020-01-14 09:37:33,N,AAPL,316.35,5.0,316.4,4.0,4.0,3.0,2020-01-14 09:37:33.370576,316.35,316.38,0,0.049999999999954525,0.04615112615243788,1,-1,0.1111111111111111,0.00425
354,2020-01-14 09:37:34,N,AAPL,316.35,1.0,316.38,1.0,-1.0,-3.0,2020-01-14 09:37:34.021301,316.36,316.39,0,0.029999999999972715,0.045527805969015844,1,-1,0.0,0.00425
355,2020-01-14 09:37:36,N,AAPL,316.36,1.0,316.39,2.0,-1.0,-1.0,2020-01-14 09:37:36.353560,316.35,316.38,0,0.029999999999972715,0.0471515590583067,1,1,-0.3333333333333333,0.00425
356,2020-01-14 09:37:37,N,AAPL,316.35,1.0,316.38,4.0,0.0,2.0,2020-01-14 09:37:37.420966,316.34,316.35,0,0.029999999999972715,0.04765459764035995,1,1,-0.6,0.00425
357,2020-01-14 09:37:38,N,AAPL,316.34,1.0,316.35,2.0,0.0,-2.0,2020-01-14 09:37:38.228867,316.37,316.4,1,0.010000000000047748,0.04981060606064602,1,-1,-0.3333333333333333,0.00425
358,2020-01-14 09:37:39,N,AAPL,316.37,1.0,316.4,3.0,-1.0,1.0,2020-01-14 09:37:39.872288,316.41,316.43,1,0.029999999999972715,0.05075381424921943,1,1,-0.5,0.00425
359,2020-01-14 09:37:40,N,AAPL,316.41,1.0,316.43,2.0,0.0,-1.0,2020-01-14 09:37:40.602217,316.5,316.52,1,0.01999999999998181,0.05103025526517513,1,-1,-0.3333333333333333,0.00425
360,2020-01-14 09:37:41,N,AAPL,316.5,1.0,316.52,5.0,-1.0,3.0,2020-01-14 09:37:41.032400,316.48,316.51,0,0.01999999999998181,0.05363500586685177,1,1,-0.6666666666666666,0.00425
361,2020-01-14 09:37:42,N,AAPL,316.48,3.0,316.51,2.0,2.0,-3.0,2020-01-14 09:37:42.148535,316.49,316.54,0,0.029999999999972715,0.052747389823537105,1,1,0.2,0.00425
362,2020-01-14 09:37:43,N,AAPL,316.49,2.0,316.54,2.0,1.0,0.0,2020-01-14 09:37:43.033970,316.45,316.49,0,0.05000000000001137,0.05299774595073359,1,1,0.0,0.00425
363,2020-01-14 09:37:44,N,AAPL,316.45,2.0,316.49,2.0,0.0,0.0,2020-01-14 09:37:44.742353,316.44,316.49,0,0.040000000000020464,0.05325388857016833,1,-1,0.0,0.00425
364,2020-01-14 09:37:45,N,AAPL,316.44,2.0,316.49,4.0,0.0,2.0,2020-01-14 09:37:45.489042,316.47,316.5,0,0.05000000000001137,0.05434970684967766,1,1,-0.3333333333333333,0.00425
365,2020-01-14 09:37:46,N,AAPL,316.47,4.0,316.5,2.0,2.0,1.0,2020-01-14 09:37:46.036261,316.49,316.53,0,0.029999999999972715,0.053479204798406954,1,-1,0.3333333333333333,0.00425
366,2020-01-14 09:37:47,N,AAPL,316.49,5.0,316.53,4.0,1.0,2.0,2020-01-14 09:37:47.489996,316.48,316.51,0,0.03999999999996362,0.05340346865318679,1,1,0.1111111111111111,0.00425
367,2020-01-14 09:37:48,N,AAPL,316.48,1.0,316.51,2.0,0.0,1.0,2020-01-14 09:37:48.246822,316.54,316.58,1,0.029999999999972715,0.05445096417201967,1,-1,-0.3333333333333333,0.00425
368,2020-01-14 09:37:49,N,AAPL,316.54,1.0,316.58,4.0,0.0,3.0,2020-01-14 09:37:49.582152,316.53,316.57,0,0.03999999999996362,0.05647106801387736,1,1,-0.6,0.00425
369,2020-01-14 09:37:51,N,AAPL,316.53,1.0,316.57,4.0,0.0,0.0,2020-01-14 09:37:51.051566,316.47,316.5,-1,0.040000000000020464,0.05829850464073161,1,1,-0.6,0.00425
370,2020-01-14 09:37:55,N,AAPL,316.47,7.0,316.5,17.0,2.0,16.0,2020-01-14 09:37:55.172783,316.44,316.47,0,0.029999999999972715,0.06345338837274994,1,-1,-0.4166666666666667,0.00425
371,2020-01-14 09:37:57,N,AAPL,316.44,2.0,316.47,4.0,-5.0,-13.0,2020-01-14 09:37:57.530730,316.47,316.5,0,0.03000000000002956,0.06440107471547662,1,1,-0.3333333333333333,0.00455
372,2020-01-14 09:37:58,N,AAPL,316.47,4.0,316.5,1.0,2.0,-2.0,2020-01-14 09:37:58.365494,316.5,316.51,0,0.029999999999972715,0.06325416286489371,1,-1,0.6,0.00455
373,2020-01-14 09:37:59,N,AAPL,316.5,3.0,316.51,3.0,1.0,2.0,2020-01-14 09:37:59.792138,316.49,316.51,0,0.009999999999990905,0.06318661169814277,1,-1,0.0,0.00455
374,2020-01-14 09:38:02,N,AAPL,316.49,2.0,316.51,4.0,-1.0,3.0,2020-01-14 09:38:02.312207,316.54,316.58,1,0.01999999999998181,0.06435405767069824,1,1,-0.3333333333333333,0.00455
375,2020-01-14 09:38:03,N,AAPL,316.54,2.0,316.58,2.0,1.0,1.0,2020-01-14 09:38:03.188011,316.64,316.69,1,0.03999999999996362,0.06445820228623234,1,1,0.0,0.00455
376,2020-01-14 09:38:04,N,AAPL,316.64,2.0,316.69,1.0,0.0,0.0,2020-01-14 09:38:04.834713,316.63,316.67,0,0.05000000000001137,0.06459759218876115,1,1,0.3333333333333333,0.00455
377,2020-01-14 09:38:05,N,AAPL,316.63,1.0,316.67,5.0,0.0,1.0,2020-01-14 09:38:05.003388,316.67,316.71,0,0.040000000000020464,0.0673315579579139,1,-1,-0.6666666666666666,0.00455
378,2020-01-14 09:38:06,N,AAPL,316.67,1.0,316.71,2.0,0.0,1.0,2020-01-14 09:38:06.071811,316.65,316.7,0,0.03999999999996362,0.06816646256646663,1,-1,-0.3333333333333333,0.00455
379,2020-01-14 09:38:07,N,AAPL,316.65,1.0,316.7,1.0,0.0,-1.0,2020-01-14 09:38:07.475341,316.62,316.67,0,0.05000000000001137,0.06843411344794958,1,1,0.0,0.00455
380,2020-01-14 09:38:08,N,AAPL,316.62,4.0,316.67,2.0,3.0,1.0,2020-01-14 09:38:08.172115,316.62,316.66,0,0.05000000000001137,0.06739818695342592,1,1,0.3333333333333333,0.00455
381,2020-01-14 09:38:09,N,AAPL,316.62,2.0,316.66,1.0,-2.0,-1.0,2020-01-14 09:38:09.473302,316.65,316.71,0,0.040000000000020464,0.06647837270890022,1,-1,0.3333333333333333,0.00455
382,2020-01-14 09:38:11,N,AAPL,316.65,2.0,316.71,2.0,-1.0,1.0,2020-01-14 09:38:11.289546,316.65,316.7,0,0.060000000000002274,0.06161630388237427,1,1,0.0,0.00455
383,2020-01-14 09:38:12,N,AAPL,316.65,3.0,316.7,1.0,0.0,-1.0,2020-01-14 09:38:12.756156,316.7,316.73,0,0.05000000000001137,0.06080811172620315,1,-1,0.5,0.00455
384,2020-01-14 09:38:13,N,AAPL,316.7,2.0,316.73,1.0,1.0,-1.0,2020-01-14 09:38:13.415699,316.76,316.78,1,0.03000000000002956,0.05995896582248861,1,-1,0.3333333333333333,0.00455
385,2020-01-14 09:38:14,N,AAPL,316.76,1.0,316.78,1.0,-2.0,0.0,2020-01-14 09:38:14.078758,316.83,316.86,1,0.01999999999998181,0.06012852791258183,1,-1,0.0,0.00455
386,2020-01-14 09:38:15,N,AAPL,316.83,4.0,316.86,1.0,3.0,-2.0,2020-01-14 09:38:15.062555,316.85,316.89,0,0.03000000000002956,0.05798535994046006,1,1,0.6,0.00455
387,2020-01-14 09:38:17,N,AAPL,316.85,2.0,316.89,2.0,0.0,0.0,2020-01-14 09:38:17.716092,316.84,316.88,0,0.03999999999996362,0.05883199228316016,1,1,0.0,0.00455
388,2020-01-14 09:38:18,N,AAPL,316.84,2.0,316.88,5.0,0.0,3.0,2020-01-14 09:38:18.078501,316.83,316.86,0,0.040000000000020464,0.06211047960135829,1,1,-0.42857142857142855,0.00455
389,2020-01-14 09:38:19,N,AAPL,316.83,2.0,316.86,1.0,-1.0,-1.0,2020-01-14 09:38:19.071668,316.82,316.85,0,0.03000000000002956,0.06105171503958218,1,-1,0.3333333333333333,0.00455
390,2020-01-14 09:38:20,N,AAPL,316.82,2.0,316.85,2.0,0.0,0.0,2020-01-14 09:38:20.472528,316.88,316.9,1,0.03000000000002956,0.06125525261415987,1,1,0.0,0.00455
391,2020-01-14 09:38:23,N,AAPL,316.88,2.0,316.9,2.0,0.0,0.0,2020-01-14 09:38:23.565035,316.85,316.89,0,0.01999999999998181,0.059612155240301945,1,-1,0.0,0.00455
392,2020-01-14 09:38:24,N,AAPL,316.85,2.0,316.89,2.0,0.0,0.0,2020-01-14 09:38:24.805916,316.84,316.89,0,0.03999999999996362,0.060874106348194346,1,1,0.0,0.00455
393,2020-01-14 09:38:25,N,AAPL,316.84,3.0,316.89,1.0,1.0,-2.0,2020-01-14 09:38:25.190371,316.84,316.88,0,0.05000000000001137,0.05883929591954029,1,1,0.5,0.00455
394,2020-01-14 09:38:26,N,AAPL,316.84,2.0,316.88,4.0,0.0,3.0,2020-01-14 09:38:26.143395,316.83,316.86,0,0.040000000000020464,0.05921222370562873,1,-1,-0.3333333333333333,0.00455
395,2020-01-14 09:38:27,N,AAPL,316.83,1.0,316.86,4.0,-2.0,2.0,2020-01-14 09:38:27.620959,316.81,316.85,0,0.03000000000002956,0.06222489909077922,1,-1,-0.6,0.00455
396,2020-01-14 09:38:28,N,AAPL,316.81,3.0,316.85,2.0,0.0,0.0,2020-01-14 09:38:28.798610,316.77,316.81,0,0.040000000000020464,0.061529321533896564,1,1,0.2,0.00455
397,2020-01-14 09:38:29,N,AAPL,316.77,1.0,316.81,3.0,0.0,2.0,2020-01-14 09:38:29.406033,316.77,316.82,0,0.040000000000020464,0.0629682714206865,1,1,-0.5,0.00455
398,2020-01-14 09:38:30,N,AAPL,316.77,3.0,316.82,1.0,2.0,-2.0,2020-01-14 09:38:30.135666,316.78,316.82,0,0.05000000000001137,0.06107607843136975,1,1,0.5,0.00455
399,2020-01-14 09:38:31,N,AAPL,316.78,2.0,316.82,1.0,1.0,-1.0,2020-01-14 09:38:31.017880,316.78,316.83,0,0.040000000000020464,0.06157416463406662,1,-1,0.3333333333333333,0.00455
400,2020-01-14 09:38:32,N,AAPL,316.78,2.0,316.83,4.0,0.0,3.0,2020-01-14 09:38:32.036880,316.77,316.81,0,0.05000000000001137,0.06314818616795037,1,1,-0.3333333333333333,0.00455
401,2020-01-14 09:38:33,N,AAPL,316.77,2.0,316.81,1.0,0.0,-3.0,2020-01-14 09:38:33.081595,316.71,316.76,-1,0.040000000000020464,0.062243205138315716,1,-1,0.3333333333333333,0.00455
402,2020-01-14 09:38:34,N,AAPL,316.71,1.0,316.76,3.0,-1.0,1.0,2020-01-14 09:38:34.368335,316.78,316.8,1,0.05000000000001137,0.06437390381114483,1,1,-0.5,0.00455
403,2020-01-14 09:38:35,N,AAPL,316.78,4.0,316.8,5.0,2.0,3.0,2020-01-14 09:38:35.214903,316.75,316.79,0,0.020000000000038654,0.06432222923052677,1,-1,-0.1111111111111111,0.00455
404,2020-01-14 09:38:36,N,AAPL,316.75,2.0,316.79,2.0,-2.0,1.0,2020-01-14 09:38:36.128263,316.72,316.79,0,0.040000000000020464,0.06347367640296397,1,1,0.0,0.00455
405,2020-01-14 09:38:37,N,AAPL,316.72,2.0,316.79,2.0,0.0,0.0,2020-01-14 09:38:37.179329,316.74,316.79,0,0.06999999999999318,0.06512860215065075,1,1,0.0,0.00455
406,2020-01-14 09:38:38,N,AAPL,316.74,2.0,316.79,1.0,0.0,-1.0,2020-01-14 09:38:38.111298,316.71,316.76,0,0.05000000000001137,0.06448221530627052,1,-1,0.3333333333333333,0.00455
407,2020-01-14 09:38:39,N,AAPL,316.71,1.0,316.76,4.0,-3.0,3.0,2020-01-14 09:38:39.126829,316.7,316.72,0,0.05000000000001137,0.06676713450292482,1,1,-0.6,0.00455
408,2020-01-14 09:38:40,N,AAPL,316.7,1.0,316.72,2.0,0.0,0.0,2020-01-14 09:38:40.261128,316.72,316.75,0,0.020000000000038654,0.06745080291972272,1,-1,-0.3333333333333333,0.00455
409,2020-01-14 09:38:42,N,AAPL,316.72,1.0,316.75,2.0,0.0,0.0,2020-01-14 09:38:42.232168,316.74,316.77,0,0.029999999999972715,0.06820917427614859,1,1,-0.3333333333333333,0.00455
410,2020-01-14 09:38:43,N,AAPL,316.74,5.0,316.77,3.0,3.0,2.0,2020-01-14 09:38:43.384171,316.83,316.86,1,0.029999999999972715,0.06716020272648393,1,1,0.25,0.00455
411,2020-01-14 09:38:44,N,AAPL,316.83,2.0,316.86,1.0,0.0,0.0,2020-01-14 09:38:44.372596,316.87,316.9,1,0.03000000000002956,0.06760195501971111,1,1,0.3333333333333333,0.00455
412,2020-01-14 09:38:45,N,AAPL,316.87,2.0,316.9,2.0,0.0,0.0,2020-01-14 09:38:45.292686,316.86,316.91,0,0.029999999999972715,0.06775181054166524,1,-1,0.0,0.00455
413,2020-01-14 09:38:46,N,AAPL,316.86,2.0,316.91,2.0,0.0,-3.0,2020-01-14 09:38:46.006223,316.87,316.91,0,0.05000000000001137,0.06824282929540004,1,1,0.0,0.00455
414,2020-01-14 09:38:47,N,AAPL,316.87,1.0,316.91,3.0,-1.0,1.0,2020-01-14 09:38:47.662479,316.89,316.91,0,0.040000000000020464,0.06996128820486547,1,-1,-0.5,0.00455
415,2020-01-14 09:38:51,N,AAPL,316.89,2.0,316.91,2.0,1.0,-1.0,2020-01-14 09:38:51.077860,316.84,316.86,-1,0.020000000000038654,0.06981962091390415,1,-1,0.0,0.00455
416,2020-01-14 09:38:52,N,AAPL,316.84,1.0,316.86,2.0,-1.0,0.0,2020-01-14 09:38:52.210125,316.86,316.91,0,0.020000000000038654,0.07074762175778915,1,1,-0.3333333333333333,0.00455
417,2020-01-14 09:38:54,N,AAPL,316.86,4.0,316.91,4.0,3.0,1.0,2020-01-14 09:38:54.290292,316.87,316.9,0,0.05000000000001137,0.07267156862741331,1,1,0.0,0.00455
418,2020-01-14 09:38:55,N,AAPL,316.87,2.0,316.9,2.0,0.0,0.0,2020-01-14 09:38:55.702199,316.85,316.88,0,0.029999999999972715,0.07359334541814633,1,-1,0.0,0.00455
419,2020-01-14 09:38:56,N,AAPL,316.85,2.0,316.88,2.0,-1.0,1.0,2020-01-14 09:38:56.320247,316.8,316.84,-1,0.029999999999972715,0.0737559245174566,1,1,0.0,0.00455
420,2020-01-14 09:38:57,N,AAPL,316.8,4.0,316.84,1.0,2.0,0.0,2020-01-14 09:38:57.455637,316.78,316.79,-1,0.03999999999996362,0.07148558229698665,1,1,0.6,0.00455
421,2020-01-14 09:38:58,N,AAPL,316.78,2.0,316.79,1.0,1.0,0.0,2020-01-14 09:38:58.386756,316.78,316.84,0,0.010000000000047748,0.07138294757675112,1,-1,0.3333333333333333,0.00549
422,2020-01-14 09:38:59,N,AAPL,316.78,4.0,316.84,4.0,3.0,1.0,2020-01-14 09:38:59.003113,316.78,316.84,0,0.060000000000002274,0.07235415591128458,1,1,0.0,0.00549
423,2020-01-14 09:39:00,N,AAPL,316.78,4.0,316.84,3.0,0.0,1.0,2020-01-14 09:39:00.000348,316.79,316.82,0,0.060000000000002274,0.0728536825191668,1,1,0.14285714285714285,0.00549
424,2020-01-14 09:39:01,N,AAPL,316.79,1.0,316.82,1.0,-1.0,-3.0,2020-01-14 09:39:01.469116,316.81,316.85,0,0.029999999999972715,0.07287913193533768,1,-1,0.0,0.00549
425,2020-01-14 09:39:03,N,AAPL,316.81,2.0,316.85,2.0,0.0,0.0,2020-01-14 09:39:03.582164,316.89,316.93,1,0.040000000000020464,0.0729496126820095,1,1,0.0,0.00549
426,2020-01-14 09:39:05,N,AAPL,316.89,4.0,316.93,2.0,0.0,0.0,2020-01-14 09:39:05.177886,316.92,316.94,0,0.040000000000020464,0.07134573068657346,1,1,0.3333333333333333,0.00549
427,2020-01-14 09:39:06,N,AAPL,316.92,2.0,316.94,1.0,1.0,0.0,2020-01-14 09:39:06.384723,316.93,316.96,0,0.01999999999998181,0.0702333173882721,1,-1,0.3333333333333333,0.00549
428,2020-01-14 09:39:07,N,AAPL,316.93,1.0,316.96,2.0,-1.0,1.0,2020-01-14 09:39:07.011402,316.96,316.99,0,0.029999999999972715,0.07090967127362546,1,1,-0.3333333333333333,0.00549
429,2020-01-14 09:39:08,N,AAPL,316.96,2.0,316.99,2.0,1.0,-4.0,2020-01-14 09:39:08.302930,316.96,316.99,0,0.03000000000002956,0.0735817121564537,1,1,0.0,0.00549
430,2020-01-14 09:39:09,N,AAPL,316.96,1.0,316.99,1.0,-1.0,0.0,2020-01-14 09:39:09.572521,316.97,316.99,0,0.03000000000002956,0.0737998531930657,1,1,0.0,0.00549
431,2020-01-14 09:39:10,N,AAPL,316.97,1.0,316.99,1.0,0.0,-21.0,2020-01-14 09:39:10.021665,317.04,317.08,1,0.01999999999998181,0.0740744260797328,1,-1,0.0,0.00549
432,2020-01-14 09:39:11,N,AAPL,317.04,1.0,317.08,2.0,-5.0,0.0,2020-01-14 09:39:11.335422,317.03,317.08,0,0.03999999999996362,0.07480352871368723,1,1,-0.3333333333333333,0.00549
433,2020-01-14 09:39:12,N,AAPL,317.03,1.0,317.08,1.0,0.0,0.0,2020-01-14 09:39:12.167064,317.09,317.1,1,0.05000000000001137,0.0750538267726597,1,1,0.0,0.00549
434,2020-01-14 09:39:13,N,AAPL,317.09,1.0,317.1,20.0,0.0,19.0,2020-01-14 09:39:13.258112,317.02,317.04,-1,0.010000000000047748,0.09512420555768131,1,-1,-0.9047619047619048,0.00549
435,2020-01-14 09:39:14,N,AAPL,317.02,2.0,317.04,2.0,0.0,1.0,2020-01-14 09:39:14.088965,316.93,316.95,-1,0.020000000000038654,0.09463156362647851,1,1,0.0,0.00549
436,2020-01-14 09:39:15,N,AAPL,316.93,1.0,316.95,2.0,-2.0,0.0,2020-01-14 09:39:15.001915,317.0,317.03,1,0.01999999999998181,0.09565438921544,1,-1,-0.3333333333333333,0.00549
437,2020-01-14 09:39:16,N,AAPL,317.0,3.0,317.03,3.0,2.0,1.0,2020-01-14 09:39:16.460355,317.01,317.05,0,0.029999999999972715,0.09577618902557106,1,1,0.0,0.00549
438,2020-01-14 09:39:17,N,AAPL,317.01,4.0,317.05,1.0,3.0,0.0,2020-01-14 09:39:17.080130,317.02,317.06,0,0.040000000000020464,0.09203544461621505,1,1,0.6,0.00549
439,2020-01-14 09:39:18,N,AAPL,317.02,2.0,317.06,8.0,1.0,0.0,2020-01-14 09:39:18.139401,317.03,317.06,0,0.040000000000020464,0.09687124374568157,1,1,-0.6,0.00549
440,2020-01-14 09:39:19,N,AAPL,317.03,1.0,317.06,10.0,-1.0,-1.0,2020-01-14 09:39:19.283161,317.05,317.08,0,0.03000000000002956,0.10814517375717969,1,-1,-0.8181818181818182,0.00549
441,2020-01-14 09:39:20,N,AAPL,317.05,2.0,317.08,2.0,0.0,-2.0,2020-01-14 09:39:20.063672,317.02,317.04,-1,0.029999999999972715,0.10881683700375788,1,-1,0.0,0.00549
442,2020-01-14 09:39:21,N,AAPL,317.02,3.0,317.04,1.0,1.0,0.0,2020-01-14 09:39:21.734991,317.02,317.06,0,0.020000000000038654,0.10601761252439701,1,-1,0.5,0.00549
443,2020-01-14 09:39:23,N,AAPL,317.02,1.0,317.06,1.0,-2.0,0.0,2020-01-14 09:39:23.865307,317.05,317.09,0,0.040000000000020464,0.10698539988629818,1,1,0.0,0.00549
444,2020-01-14 09:39:24,N,AAPL,317.05,3.0,317.09,1.0,2.0,0.0,2020-01-14 09:39:24.708161,317.07,317.1,0,0.03999999999996362,0.10495368090238344,1,-1,0.5,0.00549
445,2020-01-14 09:39:25,N,AAPL,317.07,2.0,317.1,33.0,1.0,32.0,2020-01-14 09:39:25.028826,317.06,317.1,0,0.03000000000002956,0.13609626417979825,1,-1,-0.8857142857142857,0.00549
446,2020-01-14 09:39:26,N,AAPL,317.06,1.0,317.1,33.0,0.0,0.0,2020-01-14 09:39:26.087887,317.04,317.08,0,0.040000000000020464,0.16456738329628706,1,1,-0.9411764705882353,0.00549
447,2020-01-14 09:39:27,N,AAPL,317.04,1.0,317.08,1.0,0.0,-3.0,2020-01-14 09:39:27.012992,317.04,317.09,0,0.03999999999996362,0.16449554081117412,1,-1,0.0,0.00549
448,2020-01-14 09:39:28,N,AAPL,317.04,1.0,317.09,4.0,0.0,1.0,2020-01-14 09:39:28.203908,317.06,317.09,0,0.049999999999954525,0.16383277717039846,1,1,-0.6,0.00549
449,2020-01-14 09:39:29,N,AAPL,317.06,1.0,317.09,5.0,0.0,4.0,2020-01-14 09:39:29.494493,317.09,317.11,0,0.029999999999972715,0.16633167125161208,1,-1,-0.6666666666666666,0.00549
450,2020-01-14 09:39:32,N,AAPL,317.09,2.0,317.11,2.0,-1.0,-31.0,2020-01-14 09:39:32.791623,317.2,317.22,1,0.020000000000038654,0.16614368408977498,1,-1,0.0,0.00549
451,2020-01-14 09:39:33,N,AAPL,317.2,1.0,317.22,2.0,0.0,-6.0,2020-01-14 09:39:33.036787,317.13,317.16,-1,0.020000000000038654,0.16781024329429783,1,1,-0.3333333333333333,0.00549
452,2020-01-14 09:39:34,N,AAPL,317.13,1.0,317.16,2.0,0.0,0.0,2020-01-14 09:39:34.064890,317.13,317.16,0,0.03000000000002956,0.16858160887045415,1,1,-0.3333333333333333,0.00549
453,2020-01-14 09:39:36,N,AAPL,317.13,4.0,317.16,2.0,2.0,0.0,2020-01-14 09:39:36.095910,317.19,317.21,1,0.03000000000002956,0.16679218697106535,1,1,0.3333333333333333,0.00549
454,2020-01-14 09:39:41,N,AAPL,317.19,2.0,317.21,2.0,0.0,-1.0,2020-01-14 09:39:41.539836,317.09,317.12,-1,0.01999999999998181,0.16494685905763617,1,-1,0.0,0.00594
455,2020-01-14 09:39:42,N,AAPL,317.09,1.0,317.12,2.0,-1.0,0.0,2020-01-14 09:39:42.059624,317.13,317.18,1,0.03000000000002956,0.1657615152495282,1,1,-0.3333333333333333,0.00594
456,2020-01-14 09:39:43,N,AAPL,317.13,1.0,317.18,15.0,0.0,13.0,2020-01-14 09:39:43.126196,317.13,317.16,0,0.05000000000001137,0.17894811737255623,1,1,-0.875,0.00594
457,2020-01-14 09:39:44,N,AAPL,317.13,2.0,317.16,1.0,-1.0,-2.0,2020-01-14 09:39:44.107767,317.13,317.17,0,0.03000000000002956,0.17699001255891744,1,-1,0.3333333333333333,0.00594
458,2020-01-14 09:39:45,N,AAPL,317.13,4.0,317.17,1.0,1.0,-1.0,2020-01-14 09:39:45.140084,317.11,317.13,0,0.040000000000020464,0.17182205651050708,1,1,0.6,0.00594
459,2020-01-14 09:39:46,N,AAPL,317.11,2.0,317.13,1.0,-3.0,0.0,2020-01-14 09:39:46.356976,317.1,317.16,0,0.01999999999998181,0.17060766698091356,1,-1,0.3333333333333333,0.00594
460,2020-01-14 09:39:47,N,AAPL,317.1,2.0,317.16,2.0,0.0,1.0,2020-01-14 09:39:47.130071,317.09,317.11,0,0.060000000000002274,0.17026657755604901,1,1,0.0,0.00594
461,2020-01-14 09:39:48,N,AAPL,317.09,1.0,317.11,3.0,0.0,-2.0,2020-01-14 09:39:48.079661,317.08,317.13,0,0.020000000000038654,0.16836958128084234,1,-1,-0.5,0.00594
462,2020-01-14 09:39:49,N,AAPL,317.08,2.0,317.13,3.0,0.0,0.0,2020-01-14 09:39:49.032593,317.01,317.04,-1,0.05000000000001137,0.16886738414234514,1,1,-0.2,0.00594
463,2020-01-14 09:39:50,N,AAPL,317.01,3.0,317.04,3.0,2.0,2.0,2020-01-14 09:39:50.046969,317.02,317.05,0,0.03000000000002956,0.1671326248015248,1,-1,0.0,0.00594
464,2020-01-14 09:39:51,N,AAPL,317.02,2.0,317.05,1.0,0.0,-1.0,2020-01-14 09:39:51.730554,317.01,317.04,0,0.03000000000002956,0.16616792764898491,1,1,0.3333333333333333,0.00594
465,2020-01-14 09:39:52,N,AAPL,317.01,4.0,317.04,2.0,2.0,1.0,2020-01-14 09:39:52.582108,317.01,317.06,0,0.03000000000002956,0.15890534570547743,1,1,0.3333333333333333,0.00594
466,2020-01-14 09:39:53,N,AAPL,317.01,2.0,317.06,4.0,-2.0,3.0,2020-01-14 09:39:53.186618,316.89,316.9,-1,0.05000000000001137,0.15996018164241832,1,1,-0.3333333333333333,0.00594
467,2020-01-14 09:39:54,N,AAPL,316.89,2.0,316.9,1.0,-2.0,0.0,2020-01-14 09:39:54.167106,316.83,316.87,-1,0.009999999999990905,0.15597638801386893,1,-1,0.3333333333333333,0.00594
468,2020-01-14 09:39:55,N,AAPL,316.83,2.0,316.87,1.0,0.0,0.0,2020-01-14 09:39:55.119169,316.79,316.84,0,0.040000000000020464,0.14914279852132495,1,1,0.3333333333333333,0.00594
469,2020-01-14 09:39:56,N,AAPL,316.79,3.0,316.84,1.0,1.0,-1.0,2020-01-14 09:39:56.016356,316.86,316.91,1,0.049999999999954525,0.14795505504747553,1,1,0.5,0.00594
470,2020-01-14 09:39:57,N,AAPL,316.86,2.0,316.91,2.0,-1.0,-2.0,2020-01-14 09:39:57.231012,316.81,316.86,0,0.05000000000001137,0.14689886396507745,1,1,0.0,0.00594
471,2020-01-14 09:39:58,N,AAPL,316.81,3.0,316.86,3.0,1.0,1.0,2020-01-14 09:39:58.188534,316.83,316.88,0,0.05000000000001137,0.1465328802086674,1,1,0.0,0.00594
472,2020-01-14 09:39:59,N,AAPL,316.83,2.0,316.88,2.0,1.0,1.0,2020-01-14 09:39:59.206505,316.84,316.88,0,0.05000000000001137,0.14550170780421467,1,1,0.0,0.00594
473,2020-01-14 09:40:00,N,AAPL,316.84,1.0,316.88,2.0,-3.0,0.0,2020-01-14 09:40:00.019553,316.86,316.91,0,0.040000000000020464,0.1480849288221293,1,-1,-0.3333333333333333,0.00594
474,2020-01-14 09:40:01,N,AAPL,316.86,3.0,316.91,1.0,1.0,0.0,2020-01-14 09:40:01.132799,316.96,316.98,1,0.05000000000001137,0.14590489315980903,1,1,0.5,0.00594
475,2020-01-14 09:40:02,N,AAPL,316.96,1.0,316.98,4.0,-5.0,2.0,2020-01-14 09:40:02.954165,316.96,317.01,0,0.020000000000038654,0.1474017206934377,1,-1,-0.6,0.00594
476,2020-01-14 09:40:03,N,AAPL,316.96,4.0,317.01,1.0,-4.0,-3.0,2020-01-14 09:40:03.043843,317.05,317.08,1,0.05000000000001137,0.14424846926937107,1,1,0.6,0.00594
477,2020-01-14 09:40:04,N,AAPL,317.05,6.0,317.08,2.0,-2.0,1.0,2020-01-14 09:40:04.429202,317.12,317.15,1,0.029999999999972715,0.13961872850416057,1,-1,0.5,0.00594
478,2020-01-14 09:40:06,N,AAPL,317.12,7.0,317.15,2.0,4.0,1.0,2020-01-14 09:40:06.116555,317.09,317.13,0,0.029999999999972715,0.1323971739249714,1,1,0.5555555555555556,0.00594
479,2020-01-14 09:40:07,N,AAPL,317.09,3.0,317.13,2.0,2.0,-1.0,2020-01-14 09:40:07.026055,317.06,317.09,0,0.040000000000020464,0.12939184709102847,1,1,0.2,0.00594
480,2020-01-14 09:40:08,N,AAPL,317.06,1.0,317.09,2.0,0.0,1.0,2020-01-14 09:40:08.208673,317.07,317.1,0,0.029999999999972715,0.13068255638177106,1,-1,-0.3333333333333333,0.00594
481,2020-01-14 09:40:09,N,AAPL,317.07,2.0,317.1,1.0,1.0,-1.0,2020-01-14 09:40:09.793133,317.04,317.08,0,0.03000000000002956,0.1295258033107416,1,1,0.3333333333333333,0.00594
482,2020-01-14 09:40:10,N,AAPL,317.04,1.0,317.08,2.0,-1.0,-2.0,2020-01-14 09:40:10.476024,316.98,317.02,-1,0.03999999999996362,0.1308579629571227,1,1,-0.3333333333333333,0.00594
483,2020-01-14 09:40:11,N,AAPL,316.98,1.0,317.02,2.0,-1.0,-1.0,2020-01-14 09:40:11.158189,316.94,316.98,0,0.03999999999996362,0.13066259520303447,1,1,-0.3333333333333333,0.00594
484,2020-01-14 09:40:12,N,AAPL,316.94,2.0,316.98,2.0,1.0,0.0,2020-01-14 09:40:12.213538,316.99,317.04,1,0.040000000000020464,0.12701269398559134,1,1,0.0,0.00594
485,2020-01-14 09:40:13,N,AAPL,316.99,1.0,317.04,2.0,-1.0,0.0,2020-01-14 09:40:13.104920,317.0,317.05,0,0.05000000000001137,0.12329525632463856,1,1,-0.3333333333333333,0.00594
486,2020-01-14 09:40:14,N,AAPL,317.0,1.0,317.05,2.0,0.0,0.0,2020-01-14 09:40:14.162712,317.01,317.05,0,0.05000000000001137,0.12441141949113899,1,1,-0.3333333333333333,0.00594
487,2020-01-14 09:40:15,N,AAPL,317.01,4.0,317.05,1.0,2.0,-1.0,2020-01-14 09:40:15.340550,317.02,317.05,0,0.040000000000020464,0.12118135657306084,1,-1,0.6,0.00594
488,2020-01-14 09:40:16,N,AAPL,317.02,1.0,317.05,2.0,0.0,1.0,2020-01-14 09:40:16.544008,316.96,317.01,-1,0.03000000000002956,0.1222984856942162,1,-1,-0.3333333333333333,0.00594
489,2020-01-14 09:40:17,N,AAPL,316.96,2.0,317.01,2.0,1.0,1.0,2020-01-14 09:40:17.115715,316.92,316.97,0,0.05000000000001137,0.12262190736475986,1,1,0.0,0.00594
490,2020-01-14 09:40:18,N,AAPL,316.92,2.0,316.97,2.0,1.0,0.0,2020-01-14 09:40:18.191382,316.95,316.99,0,0.05000000000001137,0.12178804878743676,1,1,0.0,0.00594
491,2020-01-14 09:40:19,N,AAPL,316.95,1.0,316.99,2.0,-1.0,0.0,2020-01-14 09:40:19.169210,316.95,316.99,0,0.040000000000020464,0.12216698232316503,1,-1,-0.3333333333333333,0.00594
492,2020-01-14 09:40:20,N,AAPL,316.95,1.0,316.99,1.0,0.0,0.0,2020-01-14 09:40:20.327116,316.97,317.01,0,0.040000000000020464,0.12422229663548023,1,1,0.0,0.00594
493,2020-01-14 09:40:21,N,AAPL,316.97,1.0,317.01,1.0,0.0,-6.0,2020-01-14 09:40:21.353548,316.98,316.99,0,0.03999999999996362,0.12408500403262224,1,-1,0.0,0.00594
494,2020-01-14 09:40:22,N,AAPL,316.98,4.0,316.99,2.0,3.0,0.0,2020-01-14 09:40:22.287606,316.94,316.98,0,0.009999999999990905,0.12146566500507561,1,-1,0.3333333333333333,0.00594
495,2020-01-14 09:40:23,N,AAPL,316.94,2.0,316.98,2.0,0.0,-1.0,2020-01-14 09:40:23.017566,316.95,316.98,0,0.040000000000020464,0.12236871054471976,1,1,0.0,0.00594
496,2020-01-14 09:40:24,N,AAPL,316.95,1.0,316.98,2.0,-1.0,-4.0,2020-01-14 09:40:24.069097,316.86,316.91,-1,0.03000000000002956,0.1227702595671758,1,-1,-0.3333333333333333,0.00594
497,2020-01-14 09:40:25,N,AAPL,316.86,3.0,316.91,1.0,2.0,-3.0,2020-01-14 09:40:25.005593,316.92,316.98,1,0.05000000000001137,0.12294381191236425,1,1,0.5,0.00594
498,2020-01-14 09:40:26,N,AAPL,316.92,2.0,316.98,2.0,-3.0,1.0,2020-01-14 09:40:26.101620,316.95,316.98,0,0.060000000000002274,0.12072562539071896,1,1,0.0,0.00594
499,2020-01-14 09:40:27,N,AAPL,316.95,2.0,316.98,1.0,1.0,-1.0,2020-01-14 09:40:27.312313,316.93,316.99,0,0.03000000000002956,0.11921060785886084,1,-1,0.3333333333333333,0.00594
500,2020-01-14 09:40:28,N,AAPL,316.93,2.0,316.99,2.0,-1.0,-4.0,2020-01-14 09:40:28.373233,316.91,316.95,0,0.060000000000002274,0.12091371691042241,1,1,0.0,0.00594
501,2020-01-14 09:40:29,N,AAPL,316.91,2.0,316.95,3.0,0.0,1.0,2020-01-14 09:40:29.327254,316.87,316.91,0,0.03999999999996362,0.12308632167014366,1,-1,-0.2,0.00594
502,2020-01-14 09:40:30,N,AAPL,316.87,5.0,316.91,2.0,3.0,0.0,2020-01-14 09:40:30.804951,316.85,316.91,0,0.040000000000020464,0.11983776538568236,1,1,0.42857142857142855,0.00594
503,2020-01-14 09:40:31,N,AAPL,316.85,45.0,316.91,2.0,43.0,0.0,2020-01-14 09:40:31.337699,316.86,316.89,0,0.060000000000002274,0.09907775223501858,1,1,0.9148936170212766,0.00594
504,2020-01-14 09:40:32,N,AAPL,316.86,4.0,316.89,5.0,-33.0,3.0,2020-01-14 09:40:32.697142,316.87,316.89,0,0.029999999999972715,0.09727839051248566,1,-1,-0.1111111111111111,0.00739
505,2020-01-14 09:40:33,N,AAPL,316.87,1.0,316.89,5.0,0.0,0.0,2020-01-14 09:40:33.483804,316.85,316.87,0,0.01999999999998181,0.09865423940783558,1,-1,-0.6666666666666666,0.00739
506,2020-01-14 09:40:34,N,AAPL,316.85,36.0,316.87,1.0,35.0,-4.0,2020-01-14 09:40:34.118337,316.78,316.81,-1,0.01999999999998181,0.08379349193177177,1,1,0.9459459459459459,0.00739
507,2020-01-14 09:40:35,N,AAPL,316.78,2.0,316.81,1.0,-1.0,-1.0,2020-01-14 09:40:35.335598,316.72,316.75,-1,0.03000000000002956,0.08395259245833131,1,1,0.3333333333333333,0.00739
508,2020-01-14 09:40:36,N,AAPL,316.72,1.0,316.75,2.0,-1.0,1.0,2020-01-14 09:40:36.091128,316.66,316.71,-1,0.029999999999972715,0.08369119185488216,1,-1,-0.3333333333333333,0.00739
509,2020-01-14 09:40:37,N,AAPL,316.66,2.0,316.71,1.0,0.0,-1.0,2020-01-14 09:40:37.047390,316.6,316.64,-1,0.049999999999954525,0.08402513942854739,1,1,0.3333333333333333,0.00739
510,2020-01-14 09:40:38,N,AAPL,316.6,1.0,316.64,3.0,-1.0,1.0,2020-01-14 09:40:38.023217,316.61,316.67,0,0.03999999999996362,0.08370329266790577,1,-1,-0.5,0.00739
511,2020-01-14 09:40:39,N,AAPL,316.61,3.0,316.67,2.0,2.0,0.0,2020-01-14 09:40:39.496854,316.6,316.65,0,0.060000000000002274,0.08360187249013507,1,1,0.2,0.00739
512,2020-01-14 09:40:40,N,AAPL,316.6,2.0,316.65,4.0,0.0,2.0,2020-01-14 09:40:40.010227,316.62,316.67,0,0.049999999999954525,0.08297723590141004,1,-1,-0.3333333333333333,0.00739
513,2020-01-14 09:40:42,N,AAPL,316.62,1.0,316.67,2.0,-1.0,-2.0,2020-01-14 09:40:42.399521,316.62,316.67,0,0.05000000000001137,0.08306867321471145,1,1,-0.3333333333333333,0.00739
514,2020-01-14 09:40:43,N,AAPL,316.62,2.0,316.67,1.0,1.0,-1.0,2020-01-14 09:40:43.185225,316.57,316.63,0,0.05000000000001137,0.08265122438712069,1,1,0.3333333333333333,0.00739
515,2020-01-14 09:40:44,N,AAPL,316.57,13.0,316.63,1.0,11.0,0.0,2020-01-14 09:40:44.104668,316.57,316.62,0,0.060000000000002274,0.08224650655375854,1,1,0.8571428571428571,0.00739
516,2020-01-14 09:40:45,N,AAPL,316.57,12.0,316.62,4.0,-1.0,3.0,2020-01-14 09:40:45.134957,316.64,316.69,1,0.05000000000001137,0.08189081829533507,1,-1,0.5,0.00739
517,2020-01-14 09:40:46,N,AAPL,316.64,1.0,316.69,2.0,0.0,0.0,2020-01-14 09:40:46.116112,316.65,316.69,0,0.05000000000001137,0.08221002156398072,1,1,-0.3333333333333333,0.00739
518,2020-01-14 09:40:47,N,AAPL,316.65,2.0,316.69,2.0,1.0,1.0,2020-01-14 09:40:47.126846,316.66,316.69,0,0.040000000000020464,0.08213585858590022,1,-1,0.0,0.00739
519,2020-01-14 09:40:48,N,AAPL,316.66,3.0,316.69,4.0,0.0,2.0,2020-01-14 09:40:48.609946,316.65,316.69,0,0.029999999999972715,0.08213184401114404,1,-1,-0.14285714285714285,0.00739
520,2020-01-14 09:40:50,N,AAPL,316.65,2.0,316.69,3.0,0.0,-1.0,2020-01-14 09:40:50.778865,316.64,316.66,0,0.040000000000020464,0.08175223746673055,1,1,-0.2,0.00739
521,2020-01-14 09:40:52,N,AAPL,316.64,2.0,316.66,3.0,0.0,0.0,2020-01-14 09:40:52.287839,316.57,316.61,-1,0.020000000000038654,0.08267661407955984,1,-1,-0.2,0.00739
522,2020-01-14 09:40:53,N,AAPL,316.57,8.0,316.61,4.0,-3.0,2.0,2020-01-14 09:40:53.208366,316.57,316.59,0,0.040000000000020464,0.08222007232689066,1,1,0.3333333333333333,0.00739
523,2020-01-14 09:40:54,N,AAPL,316.57,2.0,316.59,1.0,-3.0,-1.0,2020-01-14 09:40:54.347580,316.6,316.64,1,0.01999999999998181,0.08194950037238868,1,-1,0.3333333333333333,0.00739
524,2020-01-14 09:40:55,N,AAPL,316.6,2.0,316.64,2.0,1.0,0.0,2020-01-14 09:40:55.161758,316.64,316.68,0,0.03999999999996362,0.08200875981822264,1,1,0.0,0.00739
525,2020-01-14 09:40:56,N,AAPL,316.64,2.0,316.68,1.0,1.0,0.0,2020-01-14 09:40:56.234308,316.62,316.66,0,0.040000000000020464,0.08188131532074294,1,1,0.3333333333333333,0.00739
526,2020-01-14 09:40:57,N,AAPL,316.62,1.0,316.66,1.0,-1.0,-1.0,2020-01-14 09:40:57.001955,316.6,316.65,0,0.040000000000020464,0.08194362003746392,1,1,0.0,0.00739
527,2020-01-14 09:40:58,N,AAPL,316.6,2.0,316.65,2.0,1.0,0.0,2020-01-14 09:40:58.088928,316.64,316.68,0,0.049999999999954525,0.08192180459707288,1,1,0.0,0.00739
528,2020-01-14 09:40:59,N,AAPL,316.64,2.0,316.68,1.0,0.0,0.0,2020-01-14 09:40:59.392018,316.64,316.69,0,0.040000000000020464,0.08231366326447187,1,-1,0.3333333333333333,0.00739
529,2020-01-14 09:41:00,N,AAPL,316.64,1.0,316.69,2.0,0.0,0.0,2020-01-14 09:41:00.177709,316.73,316.77,1,0.05000000000001137,0.08285706797795456,1,1,-0.3333333333333333,0.00739
530,2020-01-14 09:41:01,N,AAPL,316.73,1.0,316.77,3.0,-1.0,2.0,2020-01-14 09:41:01.025875,316.76,316.8,0,0.03999999999996362,0.08141784865830459,1,-1,-0.5,0.00739
531,2020-01-14 09:41:02,N,AAPL,316.76,1.0,316.8,1.0,0.0,-1.0,2020-01-14 09:41:02.199232,316.76,316.8,0,0.040000000000020464,0.082521732868031,1,1,0.0,0.00739
532,2020-01-14 09:41:03,N,AAPL,316.76,1.0,316.8,2.0,0.0,1.0,2020-01-14 09:41:03.056471,316.76,316.79,0,0.040000000000020464,0.07799491438271389,1,1,-0.3333333333333333,0.00739
533,2020-01-14 09:41:04,N,AAPL,316.76,1.0,316.79,2.0,0.0,1.0,2020-01-14 09:41:04.020341,316.71,316.73,-1,0.03000000000002956,0.07829705505741913,1,-1,-0.3333333333333333,0.00739
534,2020-01-14 09:41:05,N,AAPL,316.71,2.0,316.73,2.0,-18.0,-3.0,2020-01-14 09:41:05.230627,316.61,316.65,-1,0.020000000000038654,0.08016597775997525,1,-1,0.0,0.00739
535,2020-01-14 09:41:06,N,AAPL,316.61,1.0,316.65,2.0,-2.0,0.0,2020-01-14 09:41:06.208242,316.57,316.62,0,0.03999999999996362,0.07962510259676492,1,1,-0.3333333333333333,0.00739
536,2020-01-14 09:41:07,N,AAPL,316.57,2.0,316.62,1.0,1.0,0.0,2020-01-14 09:41:07.127971,316.55,316.59,0,0.05000000000001137,0.07913920351921888,1,1,0.3333333333333333,0.00739
537,2020-01-14 09:41:08,N,AAPL,316.55,2.0,316.59,3.0,1.0,1.0,2020-01-14 09:41:08.014566,316.55,316.59,0,0.03999999999996362,0.0786045667944677,1,-1,-0.2,0.00739
538,2020-01-14 09:41:09,N,AAPL,316.55,1.0,316.59,1.0,0.0,-2.0,2020-01-14 09:41:09.016916,316.54,316.57,0,0.03999999999996362,0.0785784497190889,1,1,0.0,0.00739
539,2020-01-14 09:41:10,N,AAPL,316.54,2.0,316.57,2.0,-1.0,0.0,2020-01-14 09:41:10.012929,316.53,316.58,0,0.029999999999972715,0.0778043770919794,1,-1,0.0,0.00739
540,2020-01-14 09:41:11,N,AAPL,316.53,2.0,316.58,4.0,-1.0,3.0,2020-01-14 09:41:11.627032,316.53,316.57,0,0.05000000000001137,0.0776283533308515,1,1,-0.3333333333333333,0.00739
541,2020-01-14 09:41:12,N,AAPL,316.53,2.0,316.57,2.0,0.0,0.0,2020-01-14 09:41:12.053923,316.51,316.55,0,0.040000000000020464,0.07804990842475945,1,-1,0.0,0.00739
542,2020-01-14 09:41:13,N,AAPL,316.51,1.0,316.55,3.0,-2.0,1.0,2020-01-14 09:41:13.295842,316.46,316.5,-1,0.040000000000020464,0.07696304872536075,1,1,-0.5,0.00739
543,2020-01-14 09:41:14,N,AAPL,316.46,2.0,316.5,2.0,0.0,0.0,2020-01-14 09:41:14.423416,316.46,316.5,0,0.040000000000020464,0.07601961517264044,1,1,0.0,0.00739
544,2020-01-14 09:41:15,N,AAPL,316.46,2.0,316.5,4.0,0.0,-1.0,2020-01-14 09:41:15.320549,316.5,316.54,0,0.040000000000020464,0.07473831309528123,1,1,-0.3333333333333333,0.00757
545,2020-01-14 09:41:16,N,AAPL,316.5,3.0,316.54,1.0,0.0,0.0,2020-01-14 09:41:16.321367,316.55,316.57,1,0.040000000000020464,0.07373055874859347,1,1,0.5,0.00757
546,2020-01-14 09:41:17,N,AAPL,316.55,2.0,316.57,1.0,1.0,0.0,2020-01-14 09:41:17.018194,316.59,316.61,1,0.01999999999998181,0.07379490811780443,1,-1,0.3333333333333333,0.00757
547,2020-01-14 09:41:18,N,AAPL,316.59,3.0,316.61,2.0,1.0,0.0,2020-01-14 09:41:18.149072,316.62,316.64,1,0.020000000000038654,0.07331980865939158,1,1,0.2,0.00757
548,2020-01-14 09:41:19,N,AAPL,316.62,1.0,316.64,2.0,-2.0,-1.0,2020-01-14 09:41:19.642731,316.62,316.65,0,0.01999999999998181,0.07212274545804576,1,-1,-0.3333333333333333,0.00757
549,2020-01-14 09:41:20,N,AAPL,316.62,1.0,316.65,1.0,0.0,-1.0,2020-01-14 09:41:20.157742,316.49,316.53,-1,0.029999999999972715,0.07253469007133617,1,1,0.0,0.00757
550,2020-01-14 09:41:21,N,AAPL,316.49,2.0,316.53,3.0,1.0,1.0,2020-01-14 09:41:21.636389,316.46,316.5,0,0.03999999999996362,0.07311137266248124,1,1,-0.2,0.00757
551,2020-01-14 09:41:22,N,AAPL,316.46,1.0,316.5,1.0,-1.0,0.0,2020-01-14 09:41:22.245731,316.52,316.56,1,0.040000000000020464,0.07345688684648621,1,1,0.0,0.00757
552,2020-01-14 09:41:23,N,AAPL,316.52,3.0,316.56,1.0,-1.0,-1.0,2020-01-14 09:41:23.255303,316.54,316.58,0,0.040000000000020464,0.07442611941280575,1,1,0.5,0.00757
553,2020-01-14 09:41:24,N,AAPL,316.54,1.0,316.58,2.0,-2.0,1.0,2020-01-14 09:41:24.309162,316.55,316.59,0,0.03999999999996362,0.07432386021861248,1,-1,-0.3333333333333333,0.00757
554,2020-01-14 09:41:25,N,AAPL,316.55,4.0,316.59,5.0,3.0,3.0,2020-01-14 09:41:25.981076,316.54,316.58,0,0.03999999999996362,0.0741054185775738,1,1,-0.1111111111111111,0.00757
555,2020-01-14 09:41:26,N,AAPL,316.54,2.0,316.58,2.0,-3.0,-3.0,2020-01-14 09:41:26.177220,316.47,316.51,-1,0.03999999999996362,0.07375851494185781,1,1,0.0,0.00757
556,2020-01-14 09:41:30,N,AAPL,316.47,2.0,316.51,1.0,0.0,-1.0,2020-01-14 09:41:30.187969,316.51,316.54,0,0.03999999999996362,0.07325768070660388,1,1,0.3333333333333333,0.00757
557,2020-01-14 09:41:31,N,AAPL,316.51,3.0,316.54,1.0,1.0,0.0,2020-01-14 09:41:31.993768,316.54,316.58,0,0.03000000000002956,0.07377165210112935,1,-1,0.5,0.00757
558,2020-01-14 09:41:32,N,AAPL,316.54,2.0,316.58,4.0,-1.0,3.0,2020-01-14 09:41:32.256784,316.57,316.59,0,0.03999999999996362,0.07330502952032703,1,1,-0.3333333333333333,0.00757
559,2020-01-14 09:41:33,N,AAPL,316.57,4.0,316.59,4.0,3.0,-1.0,2020-01-14 09:41:33.274290,316.53,316.57,0,0.01999999999998181,0.07371323923706541,1,-1,0.0,0.00757
560,2020-01-14 09:41:35,N,AAPL,316.53,3.0,316.57,2.0,2.0,0.0,2020-01-14 09:41:35.120505,316.55,316.59,0,0.040000000000020464,0.07361963667489135,1,1,0.2,0.00757
561,2020-01-14 09:41:36,N,AAPL,316.55,2.0,316.59,4.0,-1.0,0.0,2020-01-14 09:41:36.339983,316.55,316.59,0,0.03999999999996362,0.07349355507187738,1,-1,-0.3333333333333333,0.00757
562,2020-01-14 09:41:37,N,AAPL,316.55,4.0,316.59,3.0,2.0,0.0,2020-01-14 09:41:37.104890,316.55,316.59,0,0.03999999999996362,0.07324056574719862,1,1,0.14285714285714285,0.00757
563,2020-01-14 09:41:38,N,AAPL,316.55,1.0,316.59,5.0,0.0,0.0,2020-01-14 09:41:38.300182,316.57,316.59,0,0.03999999999996362,0.07372814897411217,1,1,-0.6666666666666666,0.00757
564,2020-01-14 09:41:39,N,AAPL,316.57,4.0,316.59,3.0,3.0,-2.0,2020-01-14 09:41:39.362432,316.55,316.58,0,0.01999999999998181,0.07236899979716327,1,-1,0.14285714285714285,0.00757
565,2020-01-14 09:41:42,N,AAPL,316.55,3.0,316.58,4.0,2.0,1.0,2020-01-14 09:41:42.031802,316.51,316.52,-1,0.029999999999972715,0.07234691498734946,1,1,-0.14285714285714285,0.00757
566,2020-01-14 09:41:43,N,AAPL,316.51,1.0,316.52,4.0,-3.0,3.0,2020-01-14 09:41:43.688476,316.46,316.5,-1,0.009999999999990905,0.0721269761605754,1,-1,-0.6,0.00757
567,2020-01-14 09:41:44,N,AAPL,316.46,2.0,316.5,3.0,1.0,-2.0,2020-01-14 09:41:44.070953,316.4,316.44,-1,0.040000000000020464,0.071919864176607,1,1,-0.2,0.00757
568,2020-01-14 09:41:45,N,AAPL,316.4,7.0,316.44,1.0,6.0,-2.0,2020-01-14 09:41:45.063159,316.37,316.41,0,0.040000000000020464,0.07309012916908841,1,1,0.75,0.00757
569,2020-01-14 09:41:46,N,AAPL,316.37,2.0,316.41,3.0,0.0,-3.0,2020-01-14 09:41:46.067884,316.28,316.3,-1,0.040000000000020464,0.07279854625971893,1,1,-0.2,0.00757
570,2020-01-14 09:41:47,N,AAPL,316.28,1.0,316.3,1.0,0.0,0.0,2020-01-14 09:41:47.035992,316.33,316.37,1,0.020000000000038654,0.07246332412000811,1,-1,0.0,0.00757
571,2020-01-14 09:41:48,N,AAPL,316.33,1.0,316.37,5.0,0.0,4.0,2020-01-14 09:41:48.306192,316.42,316.46,1,0.040000000000020464,0.07069451532049698,1,1,-0.6666666666666666,0.00757
572,2020-01-14 09:41:49,N,AAPL,316.42,2.0,316.46,2.0,0.0,-1.0,2020-01-14 09:41:49.105393,316.44,316.48,0,0.03999999999996362,0.06977657976136697,1,-1,0.0,0.00757
573,2020-01-14 09:41:50,N,AAPL,316.44,1.0,316.48,1.0,0.0,0.0,2020-01-14 09:41:50.274308,316.43,316.47,0,0.040000000000020464,0.0685705517409474,1,1,0.0,0.00757
574,2020-01-14 09:41:51,N,AAPL,316.43,2.0,316.47,4.0,1.0,1.0,2020-01-14 09:41:51.422572,316.4,316.45,0,0.040000000000020464,0.06782104542861589,1,1,-0.3333333333333333,0.00757
575,2020-01-14 09:41:52,N,AAPL,316.4,3.0,316.45,4.0,0.0,2.0,2020-01-14 09:41:52.934882,316.4,316.44,0,0.05000000000001137,0.06311782005337818,1,1,-0.14285714285714285,0.00757
576,2020-01-14 09:41:53,N,AAPL,316.4,4.0,316.44,4.0,1.0,0.0,2020-01-14 09:41:53.383488,316.26,316.3,-1,0.040000000000020464,0.06234742521877479,1,-1,0.0,0.00757
577,2020-01-14 09:41:54,N,AAPL,316.26,2.0,316.3,4.0,0.0,3.0,2020-01-14 09:41:54.870152,316.26,316.3,0,0.040000000000020464,0.061488536155252405,1,1,-0.3333333333333333,0.00757
578,2020-01-14 09:41:55,N,AAPL,316.26,3.0,316.3,1.0,2.0,-4.0,2020-01-14 09:41:55.011567,316.29,316.33,0,0.040000000000020464,0.06123047992809916,1,1,0.5,0.00757
579,2020-01-14 09:41:56,N,AAPL,316.29,3.0,316.33,2.0,1.0,0.0,2020-01-14 09:41:56.182199,316.32,316.35,0,0.03999999999996362,0.06168871252214103,1,-1,0.2,0.00757
580,2020-01-14 09:42:00,N,AAPL,316.32,2.0,316.35,1.0,1.0,-1.0,2020-01-14 09:42:00.270833,316.27,316.31,-1,0.03000000000002956,0.06280595385618426,1,-1,0.3333333333333333,0.00757
581,2020-01-14 09:42:01,N,AAPL,316.27,2.0,316.31,2.0,0.0,-1.0,2020-01-14 09:42:01.010918,316.32,316.34,1,0.040000000000020464,0.0627677956767343,1,1,0.0,0.00757
582,2020-01-14 09:42:02,N,AAPL,316.32,1.0,316.34,2.0,0.0,0.0,2020-01-14 09:42:02.427081,316.28,316.31,-1,0.01999999999998181,0.06230542357025115,1,-1,-0.3333333333333333,0.00757
583,2020-01-14 09:42:03,N,AAPL,316.28,2.0,316.31,2.0,-1.0,-1.0,2020-01-14 09:42:03.043650,316.28,316.32,0,0.03000000000002956,0.06280383942095114,1,1,0.0,0.00757
584,2020-01-14 09:42:04,N,AAPL,316.28,2.0,316.32,3.0,0.0,1.0,2020-01-14 09:42:04.056356,316.27,316.32,0,0.040000000000020464,0.06117961630383206,1,1,-0.2,0.00757
585,2020-01-14 09:42:05,N,AAPL,316.27,6.0,316.32,1.0,4.0,0.0,2020-01-14 09:42:05.442016,316.21,316.23,-1,0.05000000000001137,0.0633429375545802,1,1,0.7142857142857143,0.00757
586,2020-01-14 09:42:06,N,AAPL,316.21,1.0,316.23,3.0,-2.0,2.0,2020-01-14 09:42:06.048667,316.15,316.19,-1,0.020000000000038654,0.06159578487898898,1,-1,-0.5,0.00757
587,2020-01-14 09:42:07,N,AAPL,316.15,3.0,316.19,1.0,2.0,-2.0,2020-01-14 09:42:07.648665,316.19,316.23,0,0.040000000000020464,0.06401580048094502,1,1,0.5,0.00757
588,2020-01-14 09:42:08,N,AAPL,316.19,1.0,316.23,1.0,0.0,-2.0,2020-01-14 09:42:08.035958,316.21,316.26,0,0.040000000000020464,0.06336764720305155,1,1,0.0,0.00757
589,2020-01-14 09:42:10,N,AAPL,316.21,1.0,316.26,3.0,0.0,2.0,2020-01-14 09:42:10.410306,316.19,316.23,0,0.05000000000001137,0.062396293675078596,1,1,-0.5,0.00757
