,last_interval,Exchange,Symbol,Best_Bid_Price,FB0,Best_Offer_Price,FA0,FB2,FA2,p_time,Next_Best_Bid,Next_Best_Offer,outcome,Spread,AWS,Anomaly,Spread Change,Quote IMB,VPIN
0,2020-01-13 09:30:00,N,AAPL,311.61,1.0,311.7,4.0,-2.0,3.0,2020-01-13 09:30:00.303565,311.79,311.88,1,0.08999999999997499,0.08999999999997499,0,0,-0.6,9e-05
1,2020-01-13 09:30:26,N,AAPL,311.79,4.0,311.88,1.0,3.0,-3.0,2020-01-13 09:30:26.006085,311.82,311.89,0,0.08999999999997499,-0.018000000000029104,0,1,0.6,9e-05
2,2020-01-13 09:30:27,N,AAPL,311.82,2.0,311.89,3.0,0.0,0.0,2020-01-13 09:30:27.270557,311.82,311.89,0,0.06999999999999318,0.020892857142882804,0,-1,-0.2,9e-05
3,2020-01-13 09:30:28,N,AAPL,311.82,2.0,311.89,3.0,0.0,1.0,2020-01-13 09:30:28.097493,311.93,311.97,1,0.06999999999999318,0.03666666666669016,0,1,-0.2,9e-05
4,2020-01-13 09:30:29,N,AAPL,311.93,4.0,311.97,1.0,3.0,-9.0,2020-01-13 09:30:29.187025,311.89,311.96,0,0.040000000000020464,0.004038461538470983,0,-1,0.6,9e-05
5,2020-01-13 09:30:30,N,AAPL,311.89,1.0,311.96,1.0,0.0,0.0,2020-01-13 09:30:30.105799,311.86,311.92,0,0.06999999999999318,0.009450549450548351,0,1,0.0,9e-05
6,2020-01-13 09:30:31,N,AAPL,311.86,2.0,311.92,1.0,1.0,0.0,2020-01-13 09:30:31.059423,311.84,311.92,0,0.060000000000002274,0.011607142857144481,0,-1,0.3333333333333333,9e-05
7,2020-01-13 09:30:32,N,AAPL,311.84,2.0,311.92,2.0,0.0,0.0,2020-01-13 09:30:32.012840,311.87,311.92,0,0.08000000000004093,0.020208333333300743,0,1,0.0,9e-05
8,2020-01-13 09:30:33,N,AAPL,311.87,2.0,311.92,2.0,1.0,0.0,2020-01-13 09:30:33.145100,311.87,311.93,0,0.05000000000001137,0.023888888888848214,0,-1,0.0,9e-05
9,2020-01-13 09:30:34,N,AAPL,311.87,2.0,311.93,1.0,1.0,0.0,2020-01-13 09:30:34.035627,311.89,311.97,0,0.060000000000002274,0.024641148325429185,0,1,0.3333333333333333,9e-05
10,2020-01-13 09:30:35,N,AAPL,311.89,1.0,311.97,2.0,0.0,1.0,2020-01-13 09:30:35.769814,311.89,311.93,0,0.08000000000004093,0.032360248447218964,0,1,-0.3333333333333333,9e-05
11,2020-01-13 09:30:36,N,AAPL,311.89,1.0,311.93,6.0,0.0,4.0,2020-01-13 09:30:36.609186,311.87,311.91,0,0.040000000000020464,0.04222222222222172,1,-1,-0.7142857142857143,9e-05
12,2020-01-13 09:30:38,N,AAPL,311.87,2.0,311.91,1.0,1.0,-4.0,2020-01-13 09:30:38.370477,311.96,311.99,1,0.040000000000020464,0.041181318681310586,1,1,0.3333333333333333,9e-05
13,2020-01-13 09:30:39,N,AAPL,311.96,2.0,311.99,1.0,1.0,0.0,2020-01-13 09:30:39.095943,311.87,311.95,-1,0.03000000000002956,0.036674876847257565,0,-1,0.3333333333333333,9e-05
14,2020-01-13 09:30:40,N,AAPL,311.87,2.0,311.95,3.0,1.0,0.0,2020-01-13 09:30:40.031788,311.87,311.94,0,0.07999999999998408,0.041104166666684705,1,1,-0.2,9e-05
15,2020-01-13 09:30:41,N,AAPL,311.87,4.0,311.94,4.0,2.0,0.0,2020-01-13 09:30:41.091721,311.9,311.96,0,0.06999999999999318,0.04423202614373167,1,-1,0.0,9e-05
16,2020-01-13 09:30:42,N,AAPL,311.9,2.0,311.96,4.0,0.0,0.0,2020-01-13 09:30:42.497529,311.87,311.92,0,0.060000000000002274,0.047638888888855035,1,-1,-0.3333333333333333,9e-05
17,2020-01-13 09:30:43,N,AAPL,311.87,2.0,311.92,1.0,1.0,-1.0,2020-01-13 09:30:43.564798,311.85,311.93,0,0.05000000000001137,0.047445442875471144,1,-1,0.3333333333333333,9e-05
18,2020-01-13 09:30:44,N,AAPL,311.85,2.0,311.93,4.0,0.0,2.0,2020-01-13 09:30:44.129804,311.85,311.93,0,0.07999999999998408,0.04988888888885867,1,1,-0.3333333333333333,9e-05
19,2020-01-13 09:30:45,N,AAPL,311.85,2.0,311.93,2.0,0.0,0.0,2020-01-13 09:30:45.041933,311.82,311.88,0,0.07999999999998408,0.05122593718334656,1,1,0.0,9e-05
20,2020-01-13 09:30:46,N,AAPL,311.82,3.0,311.88,2.0,2.0,0.0,2020-01-13 09:30:46.126819,311.75,311.82,0,0.060000000000002274,0.05263038548747545,1,-1,0.2,9e-05
21,2020-01-13 09:30:47,N,AAPL,311.75,9.0,311.82,2.0,5.0,0.0,2020-01-13 09:30:47.012868,311.82,311.88,0,0.06999999999999318,0.06704793028313816,1,1,0.6363636363636364,9e-05
22,2020-01-13 09:30:48,N,AAPL,311.82,2.0,311.88,2.0,0.0,1.0,2020-01-13 09:30:48.348719,311.82,311.89,0,0.060000000000002274,0.06674191374656857,1,-1,0.0,9e-05
23,2020-01-13 09:30:49,N,AAPL,311.82,2.0,311.89,2.0,0.0,0.0,2020-01-13 09:30:49.582380,311.82,311.88,0,0.06999999999999318,0.06682445141058224,1,1,0.0,9e-05
24,2020-01-13 09:30:50,N,AAPL,311.82,2.0,311.88,1.0,0.0,0.0,2020-01-13 09:30:50.331921,311.85,311.9,0,0.060000000000002274,0.06698809523805949,1,-1,0.3333333333333333,9e-05
25,2020-01-13 09:30:51,N,AAPL,311.85,1.0,311.9,2.0,-3.0,-1.0,2020-01-13 09:30:51.091489,311.95,311.99,1,0.049999999999954525,0.0666223855285466,1,-1,-0.3333333333333333,9e-05
26,2020-01-13 09:30:52,N,AAPL,311.95,4.0,311.99,2.0,2.0,0.0,2020-01-13 09:30:52.896790,312.01,312.02,1,0.040000000000020464,0.06257692307690377,1,-1,0.3333333333333333,9e-05
27,2020-01-13 09:30:54,N,AAPL,312.01,2.0,312.02,2.0,0.0,1.0,2020-01-13 09:30:54.916141,312.03,312.1,1,0.009999999999990905,0.061278285989374126,1,-1,0.0,9e-05
28,2020-01-13 09:30:55,N,AAPL,312.03,3.0,312.1,2.0,1.0,0.0,2020-01-13 09:30:55.039545,312.08,312.17,0,0.07000000000005002,0.0594598214285611,1,1,0.2,9e-05
29,2020-01-13 09:30:56,N,AAPL,312.08,2.0,312.17,3.0,1.0,1.0,2020-01-13 09:30:56.449296,312.08,312.14,0,0.09000000000003183,0.06460820895517827,1,1,-0.2,9e-05
30,2020-01-13 09:30:57,N,AAPL,312.08,1.0,312.14,2.0,0.0,0.0,2020-01-13 09:30:57.090980,312.04,312.11,0,0.060000000000002274,0.06778042485603919,1,-1,-0.3333333333333333,9e-05
31,2020-01-13 09:30:58,N,AAPL,312.04,1.0,312.11,2.0,-1.0,0.0,2020-01-13 09:30:58.111969,312.2,312.23,1,0.06999999999999318,0.07038256566426071,1,1,-0.3333333333333333,0.00037
32,2020-01-13 09:30:59,N,AAPL,312.2,3.0,312.23,2.0,1.0,1.0,2020-01-13 09:30:59.354548,312.31,312.32,1,0.03000000000002956,0.06544920832590151,1,-1,0.2,0.00037
33,2020-01-13 09:31:00,N,AAPL,312.31,3.0,312.32,2.0,1.0,-3.0,2020-01-13 09:31:00.734283,312.26,312.31,0,0.009999999999990905,0.059333333333313476,1,-1,0.2,0.00037
34,2020-01-13 09:31:01,N,AAPL,312.26,2.0,312.31,2.0,-1.0,0.0,2020-01-13 09:31:01.178179,312.25,312.3,0,0.05000000000001137,0.059664238200809905,1,1,0.0,0.00037
35,2020-01-13 09:31:02,N,AAPL,312.25,2.0,312.3,2.0,1.0,1.0,2020-01-13 09:31:02.841041,312.26,312.32,0,0.05000000000001137,0.059936708860732324,1,1,0.0,0.00037
36,2020-01-13 09:31:03,N,AAPL,312.26,3.0,312.32,2.0,1.0,0.0,2020-01-13 09:31:03.054091,312.32,312.36,0,0.060000000000002274,0.056560238399242735,1,1,0.2,0.00037
37,2020-01-13 09:31:04,N,AAPL,312.32,1.0,312.36,2.0,0.0,-1.0,2020-01-13 09:31:04.166168,312.34,312.37,0,0.040000000000020464,0.06116648411824599,1,-1,-0.3333333333333333,0.00037
38,2020-01-13 09:31:05,N,AAPL,312.34,1.0,312.37,2.0,-1.0,0.0,2020-01-13 09:31:05.060625,312.36,312.38,0,0.03000000000002956,0.0654567085260851,1,-1,-0.3333333333333333,0.00037
39,2020-01-13 09:31:07,N,AAPL,312.36,1.0,312.38,4.0,0.0,2.0,2020-01-13 09:31:07.145145,312.32,312.39,0,0.01999999999998181,0.07776029962548137,1,-1,-0.6,0.00037
40,2020-01-13 09:31:08,N,AAPL,312.32,3.0,312.39,2.0,2.0,0.0,2020-01-13 09:31:08.860643,312.32,312.37,0,0.06999999999999318,0.07369018078696854,1,1,0.2,0.00037
41,2020-01-13 09:31:09,N,AAPL,312.32,3.0,312.37,1.0,0.0,-1.0,2020-01-13 09:31:09.277428,312.32,312.33,0,0.05000000000001137,0.06595108695648833,1,-1,0.5,0.00037
42,2020-01-13 09:31:10,N,AAPL,312.32,1.0,312.33,2.0,-2.0,1.0,2020-01-13 09:31:10.624269,312.3,312.34,0,0.009999999999990905,0.06866089054614122,1,-1,-0.3333333333333333,0.00037
43,2020-01-13 09:31:11,N,AAPL,312.3,2.0,312.34,1.0,1.0,-1.0,2020-01-13 09:31:11.335561,312.22,312.25,-1,0.03999999999996362,0.06514726209462651,1,1,0.3333333333333333,0.00037
44,2020-01-13 09:31:12,N,AAPL,312.22,2.0,312.25,2.0,-2.0,1.0,2020-01-13 09:31:12.050129,312.19,312.25,0,0.029999999999972715,0.06462284372770455,1,-1,0.0,0.00037
45,2020-01-13 09:31:13,N,AAPL,312.19,4.0,312.25,2.0,2.0,0.0,2020-01-13 09:31:13.007748,312.22,312.27,0,0.060000000000002274,0.06076479076477881,1,1,0.3333333333333333,0.00037
46,2020-01-13 09:31:15,N,AAPL,312.22,1.0,312.27,2.0,-1.0,0.0,2020-01-13 09:31:15.219078,312.26,312.31,0,0.049999999999954525,0.06296095647303446,1,-1,-0.3333333333333333,0.00037
47,2020-01-13 09:31:16,N,AAPL,312.26,2.0,312.31,1.0,0.0,-1.0,2020-01-13 09:31:16.043385,312.35,312.42,1,0.05000000000001137,0.06047930283222058,1,1,0.3333333333333333,0.00037
48,2020-01-13 09:31:18,N,AAPL,312.35,2.0,312.42,4.0,0.0,2.0,2020-01-13 09:31:18.009351,312.32,312.36,0,0.06999999999999318,0.06778387650081186,1,1,-0.3333333333333333,0.00037
49,2020-01-13 09:31:19,N,AAPL,312.32,2.0,312.36,3.0,0.0,0.0,2020-01-13 09:31:19.830322,312.28,312.34,0,0.040000000000020464,0.07009993446922635,1,-1,-0.2,0.00037
50,2020-01-13 09:31:20,N,AAPL,312.28,2.0,312.34,2.0,-2.0,-2.0,2020-01-13 09:31:20.235975,312.22,312.29,0,0.060000000000002274,0.07004741583693885,1,1,0.0,0.00037
51,2020-01-13 09:31:21,N,AAPL,312.22,4.0,312.29,1.0,0.0,-1.0,2020-01-13 09:31:21.045458,312.21,312.28,0,0.06999999999999318,0.06484715496372928,1,1,0.6,0.00037
52,2020-01-13 09:31:22,N,AAPL,312.21,3.0,312.28,4.0,-1.0,1.0,2020-01-13 09:31:22.071443,312.22,312.27,0,0.06999999999999318,0.06687731547458498,1,1,-0.14285714285714285,0.00037
53,2020-01-13 09:31:23,N,AAPL,312.22,4.0,312.27,2.0,2.0,1.0,2020-01-13 09:31:23.118723,312.13,312.21,-1,0.049999999999954525,0.06363457627134039,1,-1,0.3333333333333333,0.00037
54,2020-01-13 09:31:24,N,AAPL,312.13,2.0,312.21,4.0,1.0,0.0,2020-01-13 09:31:24.053249,312.02,312.07,-1,0.07999999999998408,0.06587775913266114,1,1,-0.3333333333333333,0.00037
55,2020-01-13 09:31:25,N,AAPL,312.02,1.0,312.07,2.0,0.0,0.0,2020-01-13 09:31:25.071584,312.09,312.15,1,0.05000000000001137,0.06552671370980079,1,-1,-0.3333333333333333,0.00037
56,2020-01-13 09:31:26,N,AAPL,312.09,4.0,312.15,2.0,2.0,1.0,2020-01-13 09:31:26.217357,312.07,312.13,0,0.060000000000002274,0.06459235209246117,1,1,0.3333333333333333,0.00037
57,2020-01-13 09:31:27,N,AAPL,312.07,1.0,312.13,4.0,-1.0,2.0,2020-01-13 09:31:27.154518,312.12,312.2,0,0.060000000000002274,0.0653088490457776,1,1,-0.6,0.00037
58,2020-01-13 09:31:28,N,AAPL,312.12,1.0,312.2,1.0,-1.0,0.0,2020-01-13 09:31:28.167218,312.22,312.28,1,0.07999999999998408,0.06543579810875144,1,1,0.0,0.00037
59,2020-01-13 09:31:29,N,AAPL,312.22,2.0,312.28,2.0,0.0,1.0,2020-01-13 09:31:29.055934,312.29,312.32,1,0.05999999999994543,0.06541574524544558,1,-1,0.0,0.00037
60,2020-01-13 09:31:30,N,AAPL,312.29,2.0,312.32,38.0,0.0,36.0,2020-01-13 09:31:30.167068,312.31,312.35,0,0.029999999999972715,0.11015001271300662,1,-1,-0.9,0.00037
61,2020-01-13 09:31:31,N,AAPL,312.31,4.0,312.35,9.0,2.0,8.0,2020-01-13 09:31:31.302560,312.25,312.3,-1,0.040000000000020464,0.11252738654155792,1,1,-0.38461538461538464,0.00131
62,2020-01-13 09:31:32,N,AAPL,312.25,1.0,312.3,2.0,0.0,1.0,2020-01-13 09:31:32.447070,312.26,312.35,0,0.05000000000001137,0.11264735264740011,1,1,-0.3333333333333333,0.00131
63,2020-01-13 09:31:33,N,AAPL,312.26,2.0,312.35,11.0,0.0,9.0,2020-01-13 09:31:33.085000,312.24,312.28,0,0.09000000000003183,0.12045309987496466,1,1,-0.6923076923076923,0.00131
64,2020-01-13 09:31:34,N,AAPL,312.24,2.0,312.28,4.0,-2.0,1.0,2020-01-13 09:31:34.399594,312.21,312.27,0,0.03999999999996362,0.12007666010572393,1,-1,-0.3333333333333333,0.00131
65,2020-01-13 09:31:35,N,AAPL,312.21,2.0,312.27,1.0,-3.0,-1.0,2020-01-13 09:31:35.361202,312.15,312.23,0,0.060000000000002274,0.1184746796827767,1,1,0.3333333333333333,0.00131
66,2020-01-13 09:31:36,N,AAPL,312.15,1.0,312.23,4.0,0.0,0.0,2020-01-13 09:31:36.034939,312.16,312.19,0,0.08000000000004093,0.11893465346537369,1,1,-0.6,0.00131
67,2020-01-13 09:31:37,N,AAPL,312.16,4.0,312.19,11.0,2.0,10.0,2020-01-13 09:31:37.096846,312.14,312.18,0,0.029999999999972715,0.11697030668864272,1,-1,-0.4666666666666667,0.00131
68,2020-01-13 09:31:38,N,AAPL,312.14,2.0,312.18,1.0,1.0,-1.0,2020-01-13 09:31:38.089661,312.15,312.19,0,0.040000000000020464,0.11596093937214391,1,1,0.3333333333333333,0.00131
69,2020-01-13 09:31:40,N,AAPL,312.15,1.0,312.19,1.0,0.0,-5.0,2020-01-13 09:31:40.036116,312.12,312.19,0,0.040000000000020464,0.11545519182340058,1,1,0.0,0.00131
70,2020-01-13 09:31:41,N,AAPL,312.12,1.0,312.19,1.0,-1.0,0.0,2020-01-13 09:31:41.862238,312.1,312.14,0,0.06999999999999318,0.11514592123768352,1,1,0.0,0.00131
71,2020-01-13 09:31:42,N,AAPL,312.1,2.0,312.14,2.0,1.0,1.0,2020-01-13 09:31:42.594476,312.07,312.12,0,0.03999999999996362,0.11433084862386522,1,-1,0.0,0.00131
72,2020-01-13 09:31:43,N,AAPL,312.07,6.0,312.12,2.0,0.0,0.0,2020-01-13 09:31:43.019851,312.07,312.12,0,0.05000000000001137,0.11354819277113393,1,1,0.5,0.00131
73,2020-01-13 09:31:44,N,AAPL,312.07,6.0,312.12,4.0,0.0,3.0,2020-01-13 09:31:44.332526,312.07,312.12,0,0.05000000000001137,0.11229339700997798,1,1,0.2,0.00131
74,2020-01-13 09:31:45,N,AAPL,312.07,4.0,312.12,3.0,2.0,-1.0,2020-01-13 09:31:45.348821,312.09,312.14,0,0.05000000000001137,0.11140543652385304,1,1,0.14285714285714285,0.00131
75,2020-01-13 09:31:46,N,AAPL,312.09,3.0,312.14,2.0,1.0,-1.0,2020-01-13 09:31:46.084233,312.06,312.11,0,0.05000000000001137,0.11065526579011475,1,1,0.2,0.00131
76,2020-01-13 09:31:47,N,AAPL,312.06,1.0,312.11,2.0,0.0,1.0,2020-01-13 09:31:47.089872,312.1,312.14,0,0.05000000000001137,0.1101183261183678,1,1,-0.3333333333333333,0.00131
77,2020-01-13 09:31:49,N,AAPL,312.1,2.0,312.14,2.0,1.0,1.0,2020-01-13 09:31:49.828123,312.09,312.14,0,0.03999999999996362,0.10942932603887812,1,-1,0.0,0.00131
78,2020-01-13 09:31:50,N,AAPL,312.09,2.0,312.14,2.0,0.0,0.0,2020-01-13 09:31:50.143126,312.01,312.07,-1,0.05000000000001137,0.10886262719714068,1,1,0.0,0.00131
79,2020-01-13 09:31:51,N,AAPL,312.01,3.0,312.07,1.0,-1.0,-1.0,2020-01-13 09:31:51.407081,312.04,312.1,0,0.060000000000002274,0.10929846823160005,1,1,0.5,0.00131
80,2020-01-13 09:31:52,N,AAPL,312.04,2.0,312.1,2.0,1.0,0.0,2020-01-13 09:31:52.407784,312.03,312.1,0,0.060000000000002274,0.1089355742296334,1,1,0.0,0.00131
81,2020-01-13 09:31:53,N,AAPL,312.03,2.0,312.1,2.0,0.0,-1.0,2020-01-13 09:31:53.015954,312.01,312.06,0,0.07000000000005002,0.10868237347284548,1,1,0.0,0.00131
82,2020-01-13 09:31:55,N,AAPL,312.01,3.0,312.06,2.0,1.0,0.0,2020-01-13 09:31:55.385850,312.0,312.01,0,0.05000000000001137,0.10857885319921934,1,-1,0.2,0.00131
83,2020-01-13 09:31:56,N,AAPL,312.0,1.0,312.01,2.0,-2.0,0.0,2020-01-13 09:31:56.352725,311.96,312.04,0,0.009999999999990905,0.10758007566198557,1,-1,-0.3333333333333333,0.00131
84,2020-01-13 09:31:57,N,AAPL,311.96,4.0,312.04,4.0,0.0,2.0,2020-01-13 09:31:57.060681,311.98,312.06,0,0.08000000000004093,0.10753971470251145,1,1,0.0,0.00131
85,2020-01-13 09:31:58,N,AAPL,311.98,1.0,312.06,4.0,-3.0,2.0,2020-01-13 09:31:58.068461,311.99,312.05,0,0.07999999999998408,0.10623492063490403,1,-1,-0.6,0.00131
86,2020-01-13 09:31:59,N,AAPL,311.99,2.0,312.05,3.0,1.0,2.0,2020-01-13 09:31:59.367335,311.95,312.0,0,0.060000000000002274,0.10556163851674683,1,-1,-0.2,0.00187
87,2020-01-13 09:32:00,N,AAPL,311.95,2.0,312.0,3.0,1.0,0.0,2020-01-13 09:32:00.000453,311.92,311.98,0,0.05000000000001137,0.10471728226167443,1,-1,-0.2,0.00187
88,2020-01-13 09:32:01,N,AAPL,311.92,2.0,311.98,1.0,1.0,0.0,2020-01-13 09:32:01.269492,312.0,312.04,1,0.060000000000002274,0.10534955204849439,1,1,0.3333333333333333,0.00187
89,2020-01-13 09:32:02,N,AAPL,312.0,1.0,312.04,2.0,-1.0,1.0,2020-01-13 09:32:02.331083,311.99,312.07,0,0.040000000000020464,0.1046893220056404,1,-1,-0.3333333333333333,0.00187
90,2020-01-13 09:32:03,N,AAPL,311.99,2.0,312.07,1.0,0.0,-2.0,2020-01-13 09:32:03.358754,312.0,312.05,0,0.07999999999998408,0.10497498082469292,1,1,0.3333333333333333,0.00187
91,2020-01-13 09:32:04,N,AAPL,312.0,1.0,312.05,2.0,-1.0,1.0,2020-01-13 09:32:04.322013,312.05,312.09,0,0.05000000000001137,0.10440259740255442,1,-1,-0.3333333333333333,0.00187
92,2020-01-13 09:32:05,N,AAPL,312.05,2.0,312.09,2.0,-1.0,1.0,2020-01-13 09:32:05.508880,312.09,312.11,0,0.03999999999996362,0.10392821676828135,1,-1,0.0,0.00187
93,2020-01-13 09:32:06,N,AAPL,312.09,3.0,312.11,3.0,1.0,-2.0,2020-01-13 09:32:06.185770,312.19,312.23,1,0.020000000000038654,0.10289444108229873,1,-1,0.0,0.00187
94,2020-01-13 09:32:08,N,AAPL,312.19,2.0,312.23,10.0,-1.0,7.0,2020-01-13 09:32:08.673011,312.21,312.24,0,0.040000000000020464,0.10421915002547166,1,1,-0.6666666666666666,0.00187
95,2020-01-13 09:32:10,N,AAPL,312.21,2.0,312.24,2.0,0.0,0.0,2020-01-13 09:32:10.173467,312.15,312.2,-1,0.03000000000002956,0.10338224540538477,1,-1,0.0,0.00187
96,2020-01-13 09:32:12,N,AAPL,312.15,2.0,312.2,2.0,0.0,0.0,2020-01-13 09:32:12.515310,312.16,312.2,0,0.05000000000001137,0.10282301776379654,1,1,0.0,0.00187
97,2020-01-13 09:32:13,N,AAPL,312.16,1.0,312.2,2.0,-1.0,1.0,2020-01-13 09:32:13.017815,312.16,312.22,0,0.03999999999996362,0.10263584637260692,1,-1,-0.3333333333333333,0.00187
98,2020-01-13 09:32:14,N,AAPL,312.16,2.0,312.22,2.0,0.0,1.0,2020-01-13 09:32:14.181201,312.13,312.18,0,0.060000000000002274,0.10214176829259713,1,1,0.0,0.00187
99,2020-01-13 09:32:15,N,AAPL,312.13,7.0,312.18,2.0,3.0,1.0,2020-01-13 09:32:15.048837,312.15,312.19,0,0.05000000000001137,0.10015353735070676,1,-1,0.5555555555555556,0.00187
100,2020-01-13 09:32:17,N,AAPL,312.15,2.0,312.19,2.0,-5.0,0.0,2020-01-13 09:32:17.005074,312.11,312.15,0,0.040000000000020464,0.0995904311017739,1,-1,0.0,0.00187
101,2020-01-13 09:32:18,N,AAPL,312.11,1.0,312.15,2.0,-5.0,0.0,2020-01-13 09:32:18.000820,312.05,312.07,-1,0.03999999999996362,0.0993029666578309,1,-1,-0.3333333333333333,0.00187
102,2020-01-13 09:32:19,N,AAPL,312.05,1.0,312.07,1.0,-5.0,-1.0,2020-01-13 09:32:19.331512,312.11,312.17,1,0.01999999999998181,0.09904472427263045,1,-1,0.0,0.00187
103,2020-01-13 09:32:21,N,AAPL,312.11,2.0,312.17,1.0,1.0,-3.0,2020-01-13 09:32:21.169878,312.11,312.17,0,0.060000000000002274,0.0986771079166715,1,1,0.3333333333333333,0.00187
104,2020-01-13 09:32:22,N,AAPL,312.11,1.0,312.17,2.0,0.0,0.0,2020-01-13 09:32:22.031923,312.1,312.13,0,0.060000000000002274,0.09853365588651286,1,1,-0.3333333333333333,0.00187
105,2020-01-13 09:32:23,N,AAPL,312.1,1.0,312.13,2.0,0.0,0.0,2020-01-13 09:32:23.020739,312.06,312.11,0,0.029999999999972715,0.09816543289332458,1,-1,-0.3333333333333333,0.00187
106,2020-01-13 09:32:24,N,AAPL,312.06,1.0,312.11,4.0,-1.0,0.0,2020-01-13 09:32:24.006808,312.07,312.16,0,0.05000000000001137,0.09749216171604758,1,1,-0.6,0.00187
107,2020-01-13 09:32:25,N,AAPL,312.07,1.0,312.16,2.0,-3.0,1.0,2020-01-13 09:32:25.178044,312.08,312.15,0,0.09000000000003183,0.09745717978358925,1,1,-0.3333333333333333,0.00187
108,2020-01-13 09:32:26,N,AAPL,312.08,2.0,312.15,5.0,-2.0,3.0,2020-01-13 09:32:26.181646,312.08,312.13,0,0.06999999999999318,0.09713951944763721,1,-1,-0.42857142857142855,0.00187
109,2020-01-13 09:32:27,N,AAPL,312.08,1.0,312.13,2.0,0.0,1.0,2020-01-13 09:32:27.481043,312.04,312.09,0,0.05000000000001137,0.09687368642266847,1,-1,-0.3333333333333333,0.00187
110,2020-01-13 09:32:28,N,AAPL,312.04,2.0,312.09,4.0,1.0,2.0,2020-01-13 09:32:28.277934,312.05,312.09,0,0.049999999999954525,0.09617011423262056,1,-1,-0.3333333333333333,0.00187
111,2020-01-13 09:32:29,N,AAPL,312.05,1.0,312.09,4.0,0.0,2.0,2020-01-13 09:32:29.965043,312.07,312.11,0,0.03999999999996362,0.09534843117410219,1,-1,-0.6,0.00187
112,2020-01-13 09:32:30,N,AAPL,312.07,2.0,312.11,2.0,1.0,-1.0,2020-01-13 09:32:30.523720,312.11,312.17,0,0.040000000000020464,0.09499388859791225,1,1,0.0,0.00187
113,2020-01-13 09:32:31,N,AAPL,312.11,2.0,312.17,1.0,0.0,-1.0,2020-01-13 09:32:31.390530,312.24,312.27,1,0.060000000000002274,0.09466209465546171,1,1,0.3333333333333333,0.00187
114,2020-01-13 09:32:32,N,AAPL,312.24,4.0,312.27,2.0,2.0,-10.0,2020-01-13 09:32:32.961889,312.23,312.28,0,0.029999999999972715,0.0925912518853238,1,-1,0.3333333333333333,0.00187
115,2020-01-13 09:32:33,N,AAPL,312.23,3.0,312.28,3.0,1.0,2.0,2020-01-13 09:32:33.140051,312.29,312.35,1,0.049999999999954525,0.09179783512945505,1,1,0.0,0.00187
116,2020-01-13 09:32:34,N,AAPL,312.29,2.0,312.35,4.0,0.0,2.0,2020-01-13 09:32:34.244237,312.3,312.35,0,0.060000000000002274,0.09237673772003063,1,1,-0.3333333333333333,0.00187
117,2020-01-13 09:32:35,N,AAPL,312.3,4.0,312.35,3.0,2.0,-1.0,2020-01-13 09:32:35.475396,312.26,312.31,0,0.05000000000001137,0.09057734056978006,1,-1,0.14285714285714285,0.00187
118,2020-01-13 09:32:36,N,AAPL,312.26,7.0,312.31,2.0,1.0,-3.0,2020-01-13 09:32:36.076861,312.24,312.28,0,0.05000000000001137,0.0866422854138591,1,1,0.5555555555555556,0.00229
119,2020-01-13 09:32:37,N,AAPL,312.24,2.0,312.28,4.0,-5.0,2.0,2020-01-13 09:32:37.085036,312.21,312.26,0,0.03999999999996362,0.08680373390046725,1,-1,-0.3333333333333333,0.00229
120,2020-01-13 09:32:38,N,AAPL,312.21,2.0,312.26,3.0,0.0,2.0,2020-01-13 09:32:38.119321,312.25,312.3,0,0.05000000000001137,0.08667061310774216,1,1,-0.2,0.00229
121,2020-01-13 09:32:40,N,AAPL,312.25,1.0,312.3,2.0,-1.0,-1.0,2020-01-13 09:32:40.155059,312.21,312.26,0,0.05000000000001137,0.08682269414418897,1,1,-0.3333333333333333,0.00229
122,2020-01-13 09:32:42,N,AAPL,312.21,2.0,312.26,4.0,1.0,2.0,2020-01-13 09:32:42.114746,312.2,312.26,0,0.05000000000001137,0.08694450154160904,1,1,-0.3333333333333333,0.00229
123,2020-01-13 09:32:43,N,AAPL,312.2,3.0,312.26,1.0,1.0,-2.0,2020-01-13 09:32:43.490630,312.12,312.17,-1,0.060000000000002274,0.0859501576582602,1,1,0.5,0.00229
124,2020-01-13 09:32:44,N,AAPL,312.12,1.0,312.17,4.0,-1.0,2.0,2020-01-13 09:32:44.602148,312.12,312.19,0,0.05000000000001137,0.08582289481563521,1,-1,-0.6,0.00229
125,2020-01-13 09:32:45,N,AAPL,312.12,1.0,312.19,4.0,0.0,2.0,2020-01-13 09:32:45.038788,312.22,312.28,1,0.06999999999999318,0.08591936769778385,1,1,-0.6,0.00229
126,2020-01-13 09:32:46,N,AAPL,312.22,2.0,312.28,2.0,1.0,1.0,2020-01-13 09:32:46.448686,312.26,312.28,0,0.05999999999994543,0.08557525392421894,1,-1,0.0,0.00229
127,2020-01-13 09:32:47,N,AAPL,312.26,2.0,312.28,2.0,0.0,0.0,2020-01-13 09:32:47.156023,312.23,312.3,0,0.01999999999998181,0.08495896564630812,1,-1,0.0,0.00229
128,2020-01-13 09:32:48,N,AAPL,312.23,4.0,312.3,9.0,3.0,7.0,2020-01-13 09:32:48.989274,312.27,312.31,0,0.06999999999999318,0.08609688504600399,1,1,-0.38461538461538464,0.00229
129,2020-01-13 09:32:49,N,AAPL,312.27,4.0,312.31,2.0,0.0,-7.0,2020-01-13 09:32:49.258574,312.31,312.35,0,0.040000000000020464,0.08435928577904406,0,-1,0.3333333333333333,0.00229
130,2020-01-13 09:32:50,N,AAPL,312.31,1.0,312.35,2.0,-1.0,1.0,2020-01-13 09:32:50.169285,312.35,312.39,0,0.040000000000020464,0.08454859114436886,0,1,-0.3333333333333333,0.00229
131,2020-01-13 09:32:51,N,AAPL,312.35,2.0,312.39,1.0,-1.0,-3.0,2020-01-13 09:32:51.172043,312.35,312.38,0,0.03999999999996362,0.08338169583254285,0,-1,0.3333333333333333,0.00229
132,2020-01-13 09:32:52,N,AAPL,312.35,2.0,312.38,1.0,-1.0,-12.0,2020-01-13 09:32:52.155174,312.36,312.4,0,0.029999999999972715,0.08220846560845985,0,-1,0.3333333333333333,0.00229
133,2020-01-13 09:32:53,N,AAPL,312.36,2.0,312.4,13.0,0.0,0.0,2020-01-13 09:32:53.535854,312.35,312.39,0,0.03999999999996362,0.0878591148523924,1,1,-0.7333333333333333,0.00229
134,2020-01-13 09:32:54,N,AAPL,312.35,4.0,312.39,1.0,1.0,-12.0,2020-01-13 09:32:54.255480,312.32,312.36,0,0.03999999999996362,0.08507336267842902,1,1,0.6,0.00229
135,2020-01-13 09:32:55,N,AAPL,312.32,1.0,312.36,3.0,-3.0,2.0,2020-01-13 09:32:55.320237,312.26,312.31,-1,0.040000000000020464,0.08568474003220672,1,1,-0.5,0.00229
136,2020-01-13 09:32:56,N,AAPL,312.26,1.0,312.31,4.0,-1.0,3.0,2020-01-13 09:32:56.011253,312.3,312.35,0,0.05000000000001137,0.08640578719530367,1,1,-0.6,0.00229
137,2020-01-13 09:32:57,N,AAPL,312.3,2.0,312.35,2.0,1.0,0.0,2020-01-13 09:32:57.147866,312.34,312.39,0,0.05000000000001137,0.08593339232567132,1,1,0.0,0.00229
138,2020-01-13 09:32:58,N,AAPL,312.34,4.0,312.39,3.0,2.0,2.0,2020-01-13 09:32:58.051723,312.38,312.41,0,0.05000000000001137,0.08440546761687528,0,1,0.14285714285714285,0.00229
139,2020-01-13 09:33:00,N,AAPL,312.38,4.0,312.41,8.0,2.0,5.0,2020-01-13 09:33:00.091553,312.39,312.42,0,0.03000000000002956,0.08522516333880503,1,-1,-0.3333333333333333,0.00229
140,2020-01-13 09:33:02,N,AAPL,312.39,2.0,312.42,2.0,-2.0,1.0,2020-01-13 09:33:02.071485,312.49,312.52,1,0.03000000000002956,0.08455978260872143,0,1,0.0,0.00229
141,2020-01-13 09:33:03,N,AAPL,312.49,2.0,312.52,2.0,0.0,0.0,2020-01-13 09:33:03.632882,312.58,312.62,1,0.029999999999972715,0.0837653786430792,0,-1,0.0,0.00229
142,2020-01-13 09:33:04,N,AAPL,312.58,1.0,312.62,15.0,-1.0,13.0,2020-01-13 09:33:04.474442,312.59,312.62,0,0.040000000000020464,0.09704201475432228,1,1,-0.875,0.00229
143,2020-01-13 09:33:05,N,AAPL,312.59,1.0,312.62,4.0,-2.0,2.0,2020-01-13 09:33:05.055099,312.58,312.62,0,0.03000000000002956,0.0993292890591988,1,-1,-0.6,0.00295
144,2020-01-13 09:33:06,N,AAPL,312.58,3.0,312.62,2.0,1.0,0.0,2020-01-13 09:33:06.332738,312.57,312.64,0,0.040000000000020464,0.0969251009453842,1,1,0.2,0.00295
145,2020-01-13 09:33:07,N,AAPL,312.57,1.0,312.64,3.0,-1.0,0.0,2020-01-13 09:33:07.285334,312.52,312.56,-1,0.06999999999999318,0.09843625277159163,1,1,-0.5,0.00295
146,2020-01-13 09:33:09,N,AAPL,312.52,2.0,312.56,2.0,0.0,0.0,2020-01-13 09:33:09.194207,312.51,312.54,0,0.040000000000020464,0.0975602632661321,1,-1,0.0,0.00295
147,2020-01-13 09:33:10,N,AAPL,312.51,1.0,312.54,4.0,-1.0,2.0,2020-01-13 09:33:10.028857,312.54,312.59,0,0.03000000000002956,0.099248980531911,1,-1,-0.6,0.00295
148,2020-01-13 09:33:11,N,AAPL,312.54,5.0,312.59,1.0,4.0,-1.0,2020-01-13 09:33:11.283000,312.52,312.56,0,0.049999999999954525,0.09389601310323314,1,1,0.6666666666666666,0.00295
149,2020-01-13 09:33:12,N,AAPL,312.52,2.0,312.56,2.0,1.0,0.0,2020-01-13 09:33:12.457101,312.45,312.5,-1,0.040000000000020464,0.09308766357850118,1,-1,0.0,0.00295
150,2020-01-13 09:33:13,N,AAPL,312.45,2.0,312.5,6.0,0.0,4.0,2020-01-13 09:33:13.154038,312.45,312.5,0,0.05000000000001137,0.0948290239173275,1,1,-0.5,0.00295
151,2020-01-13 09:33:14,N,AAPL,312.45,2.0,312.5,3.0,-1.0,1.0,2020-01-13 09:33:14.003741,312.53,312.58,1,0.05000000000001137,0.0947561224750757,1,1,-0.2,0.00295
152,2020-01-13 09:33:15,N,AAPL,312.53,4.0,312.58,2.0,0.0,0.0,2020-01-13 09:33:15.973272,312.53,312.58,0,0.05000000000001137,0.09173058557433933,1,1,0.3333333333333333,0.00295
153,2020-01-13 09:33:16,N,AAPL,312.53,4.0,312.58,4.0,0.0,2.0,2020-01-13 09:33:16.003104,312.51,312.57,0,0.05000000000001137,0.09028152709373671,1,1,0.0,0.00295
154,2020-01-13 09:33:17,N,AAPL,312.51,4.0,312.57,2.0,2.0,0.0,2020-01-13 09:33:17.188599,312.49,312.55,0,0.060000000000002274,0.087604204553827,1,1,0.3333333333333333,0.00295
155,2020-01-13 09:33:18,N,AAPL,312.49,2.0,312.55,2.0,0.0,1.0,2020-01-13 09:33:18.460606,312.49,312.55,0,0.060000000000002274,0.0870299145300919,1,1,0.0,0.00295
156,2020-01-13 09:33:19,N,AAPL,312.49,1.0,312.55,5.0,-1.0,3.0,2020-01-13 09:33:19.194324,312.56,312.6,1,0.060000000000002274,0.08936646117240343,1,1,-0.6666666666666666,0.00295
157,2020-01-13 09:33:20,N,AAPL,312.56,4.0,312.6,10.0,2.0,5.0,2020-01-13 09:33:20.619835,312.54,312.59,0,0.040000000000020464,0.09225690083349036,1,-1,-0.42857142857142855,0.00295
158,2020-01-13 09:33:21,N,AAPL,312.54,4.0,312.59,2.0,2.0,1.0,2020-01-13 09:33:21.363872,312.54,312.58,0,0.049999999999954525,0.08947126112138903,1,1,0.3333333333333333,0.00295
159,2020-01-13 09:33:22,N,AAPL,312.54,2.0,312.58,2.0,1.0,0.0,2020-01-13 09:33:22.456188,312.54,312.6,0,0.03999999999996362,0.08876069356398375,1,-1,0.0,0.00295
160,2020-01-13 09:33:23,N,AAPL,312.54,3.0,312.6,9.0,1.0,7.0,2020-01-13 09:33:23.110013,312.56,312.6,0,0.060000000000002274,0.09201078901480741,1,1,-0.5,0.00295
161,2020-01-13 09:33:24,N,AAPL,312.56,1.0,312.6,11.0,-2.0,2.0,2020-01-13 09:33:24.338379,312.49,312.53,-1,0.040000000000020464,0.09834505600832699,1,-1,-0.8333333333333334,0.00295
162,2020-01-13 09:33:27,N,AAPL,312.49,6.0,312.53,2.0,2.0,0.0,2020-01-13 09:33:27.768369,312.47,312.52,0,0.03999999999996362,0.09425997821705323,1,-1,0.5,0.00295
163,2020-01-13 09:33:28,N,AAPL,312.47,6.0,312.52,2.0,2.0,0.0,2020-01-13 09:33:28.388715,312.5,312.54,0,0.049999999999954525,0.09060139081202578,1,1,0.5,0.00295
164,2020-01-13 09:33:29,N,AAPL,312.5,2.0,312.54,3.0,0.0,2.0,2020-01-13 09:33:29.502533,312.54,312.57,0,0.040000000000020464,0.09051265854765234,1,-1,-0.2,0.00295
165,2020-01-13 09:33:30,N,AAPL,312.54,1.0,312.57,3.0,0.0,2.0,2020-01-13 09:33:30.398470,312.57,312.6,0,0.029999999999972715,0.09131868792650266,1,-1,-0.5,0.00375
166,2020-01-13 09:33:31,N,AAPL,312.57,4.0,312.6,16.0,3.0,13.0,2020-01-13 09:33:31.658808,312.59,312.62,0,0.03000000000002956,0.09717198248904424,1,1,-0.6,0.00375
167,2020-01-13 09:33:32,N,AAPL,312.59,2.0,312.62,3.0,-2.0,-13.0,2020-01-13 09:33:32.157863,312.65,312.67,1,0.03000000000002956,0.0969966494059804,1,1,-0.2,0.00375
168,2020-01-13 09:33:33,N,AAPL,312.65,2.0,312.67,2.0,0.0,-1.0,2020-01-13 09:33:33.306035,312.75,312.8,1,0.020000000000038654,0.09608099182906926,1,-1,0.0,0.00375
169,2020-01-13 09:33:35,N,AAPL,312.75,2.0,312.8,4.0,0.0,-2.0,2020-01-13 09:33:35.686087,312.76,312.8,0,0.05000000000001137,0.09704759774871263,1,1,-0.3333333333333333,0.00375
170,2020-01-13 09:33:36,N,AAPL,312.76,2.0,312.8,4.0,0.0,0.0,2020-01-13 09:33:36.329127,312.8,312.84,0,0.040000000000020464,0.09793675336385377,1,-1,-0.3333333333333333,0.00375
171,2020-01-13 09:33:39,N,AAPL,312.8,3.0,312.84,1.0,1.0,0.0,2020-01-13 09:33:39.358219,312.76,312.81,0,0.03999999999996362,0.09440940610085136,1,-1,0.5,0.00375
172,2020-01-13 09:33:40,N,AAPL,312.76,2.0,312.81,2.0,0.0,1.0,2020-01-13 09:33:40.409518,312.69,312.73,-1,0.05000000000001137,0.09350761818240017,1,1,0.0,0.00375
173,2020-01-13 09:33:41,N,AAPL,312.69,2.0,312.73,3.0,0.0,1.0,2020-01-13 09:33:41.595794,312.71,312.76,0,0.040000000000020464,0.09345907139021392,1,-1,-0.2,0.00375
174,2020-01-13 09:33:42,N,AAPL,312.71,2.0,312.76,2.0,0.0,-1.0,2020-01-13 09:33:42.025860,312.72,312.77,0,0.05000000000001137,0.09264305165027054,1,1,0.0,0.00375
175,2020-01-13 09:33:43,N,AAPL,312.72,2.0,312.77,5.0,0.0,2.0,2020-01-13 09:33:43.934658,312.74,312.79,0,0.049999999999954525,0.09434171219123755,1,-1,-0.42857142857142855,0.00375
176,2020-01-13 09:33:44,N,AAPL,312.74,2.0,312.79,2.0,0.0,-3.0,2020-01-13 09:33:44.822887,312.72,312.76,0,0.05000000000001137,0.09349337080550413,1,1,0.0,0.00375
177,2020-01-13 09:33:45,N,AAPL,312.72,2.0,312.76,2.0,0.0,0.0,2020-01-13 09:33:45.035791,312.71,312.74,0,0.03999999999996362,0.09264799865815121,1,-1,0.0,0.00375
178,2020-01-13 09:33:46,N,AAPL,312.71,2.0,312.74,3.0,0.0,-1.0,2020-01-13 09:33:46.128587,312.71,312.76,0,0.03000000000002956,0.09255430201369563,1,-1,-0.2,0.00375
179,2020-01-13 09:33:48,N,AAPL,312.71,2.0,312.76,2.0,0.0,1.0,2020-01-13 09:33:48.541010,312.7,312.74,0,0.05000000000001137,0.09177576248856667,1,1,0.0,0.00375
180,2020-01-13 09:33:49,N,AAPL,312.7,1.0,312.74,4.0,0.0,3.0,2020-01-13 09:33:49.478236,312.68,312.7,0,0.040000000000020464,0.09362532204636409,1,-1,-0.6,0.00375
181,2020-01-13 09:33:50,N,AAPL,312.68,2.0,312.7,1.0,1.0,-3.0,2020-01-13 09:33:50.239913,312.66,312.71,0,0.01999999999998181,0.09211044627272713,1,-1,0.3333333333333333,0.00375
182,2020-01-13 09:33:51,N,AAPL,312.66,4.0,312.71,1.0,2.0,0.0,2020-01-13 09:33:51.214266,312.63,312.68,0,0.049999999999954525,0.0886728354479942,1,1,0.6,0.00375
183,2020-01-13 09:33:52,N,AAPL,312.63,1.0,312.68,2.0,-1.0,1.0,2020-01-13 09:33:52.062202,312.64,312.7,0,0.05000000000001137,0.08898991013063551,1,1,-0.3333333333333333,0.00375
184,2020-01-13 09:33:53,N,AAPL,312.64,4.0,312.7,3.0,1.0,2.0,2020-01-13 09:33:53.025614,312.67,312.71,0,0.060000000000002274,0.08713165935955658,1,1,0.14285714285714285,0.00375
185,2020-01-13 09:33:54,N,AAPL,312.67,2.0,312.71,3.0,-2.0,0.0,2020-01-13 09:33:54.929532,312.7,312.73,0,0.03999999999996362,0.08711419937645815,1,-1,-0.2,0.00375
186,2020-01-13 09:33:55,N,AAPL,312.7,2.0,312.73,2.0,0.0,-1.0,2020-01-13 09:33:55.066369,312.74,312.77,1,0.03000000000002956,0.08636155841685422,0,-1,0.0,0.00375
187,2020-01-13 09:33:56,N,AAPL,312.74,2.0,312.77,1.0,0.0,-1.0,2020-01-13 09:33:56.098356,312.72,312.75,0,0.029999999999972715,0.08480872384308213,0,-1,0.3333333333333333,0.00375
188,2020-01-13 09:33:58,N,AAPL,312.72,2.0,312.75,1.0,0.0,0.0,2020-01-13 09:33:58.234400,312.71,312.75,0,0.029999999999972715,0.08333190150017344,0,1,0.3333333333333333,0.00375
189,2020-01-13 09:33:59,N,AAPL,312.71,1.0,312.75,2.0,0.0,-2.0,2020-01-13 09:33:59.127839,312.77,312.79,1,0.040000000000020464,0.08370981269212052,0,1,-0.3333333333333333,0.00375
190,2020-01-13 09:34:00,N,AAPL,312.77,4.0,312.79,1.0,3.0,0.0,2020-01-13 09:34:00.311533,312.67,312.72,-1,0.020000000000038654,0.07971483225651355,1,-1,0.6,0.00375
191,2020-01-13 09:34:01,N,AAPL,312.67,2.0,312.72,2.0,0.0,-4.0,2020-01-13 09:34:01.091433,312.74,312.78,1,0.05000000000001137,0.07913934238803222,1,1,0.0,0.00375
192,2020-01-13 09:34:02,N,AAPL,312.74,1.0,312.78,4.0,-1.0,-6.0,2020-01-13 09:34:02.765901,312.66,312.68,-1,0.03999999999996362,0.08107808516666637,0,-1,-0.6,0.00375
193,2020-01-13 09:34:03,N,AAPL,312.66,14.0,312.68,1.0,-86.0,0.0,2020-01-13 09:34:03.454799,312.6,312.65,-1,0.01999999999998181,0.06913281718351527,1,-1,0.8666666666666667,0.00375
194,2020-01-13 09:34:04,N,AAPL,312.6,1.0,312.65,2.0,-15.0,1.0,2020-01-13 09:34:04.699049,312.61,312.66,0,0.049999999999954525,0.06946488294312303,1,1,-0.3333333333333333,0.00408
195,2020-01-13 09:34:05,N,AAPL,312.61,2.0,312.66,2.0,1.0,0.0,2020-01-13 09:34:05.683951,312.59,312.65,0,0.05000000000001137,0.06905389610386692,1,1,0.0,0.00408
196,2020-01-13 09:34:06,N,AAPL,312.59,2.0,312.65,1.0,0.0,-1.0,2020-01-13 09:34:06.016310,312.58,312.62,0,0.060000000000002274,0.0681758132996606,1,1,0.3333333333333333,0.00408
197,2020-01-13 09:34:07,N,AAPL,312.58,3.0,312.62,2.0,1.0,1.0,2020-01-13 09:34:07.084515,312.64,312.68,1,0.040000000000020464,0.06710452022542768,1,-1,0.2,0.00408
198,2020-01-13 09:34:08,N,AAPL,312.64,1.0,312.68,1.0,-1.0,0.0,2020-01-13 09:34:08.026987,312.68,312.71,0,0.040000000000020464,0.06688034188027814,1,1,0.0,0.00408
199,2020-01-13 09:34:09,N,AAPL,312.68,4.0,312.71,2.0,3.0,1.0,2020-01-13 09:34:09.486536,312.77,312.83,1,0.029999999999972715,0.06462745427080563,1,-1,0.3333333333333333,0.00408
200,2020-01-13 09:34:10,N,AAPL,312.77,2.0,312.83,3.0,0.0,2.0,2020-01-13 09:34:10.499143,312.66,312.71,-1,0.060000000000002274,0.06495687057008581,1,1,-0.2,0.00408
201,2020-01-13 09:34:11,N,AAPL,312.66,2.0,312.71,2.0,0.0,0.0,2020-01-13 09:34:11.598265,312.69,312.7,0,0.049999999999954525,0.06454929926138675,1,-1,0.0,0.00408
202,2020-01-13 09:34:13,N,AAPL,312.69,1.0,312.7,1.0,-1.0,-1.0,2020-01-13 09:34:13.073876,312.73,312.78,1,0.009999999999990905,0.06426840547533175,1,-1,0.0,0.00408
203,2020-01-13 09:34:14,N,AAPL,312.73,2.0,312.78,1.0,1.0,-1.0,2020-01-13 09:34:14.103908,312.72,312.76,0,0.049999999999954525,0.06309065583201345,1,1,0.3333333333333333,0.00408
204,2020-01-13 09:34:15,N,AAPL,312.72,5.0,312.76,4.0,3.0,3.0,2020-01-13 09:34:15.259283,312.73,312.75,0,0.03999999999996362,0.06124070750223609,1,-1,0.1111111111111111,0.00408
205,2020-01-13 09:34:16,N,AAPL,312.73,4.0,312.75,2.0,3.0,1.0,2020-01-13 09:34:16.008397,312.76,312.79,1,0.01999999999998181,0.058886126486356716,1,-1,0.3333333333333333,0.00408
206,2020-01-13 09:34:17,N,AAPL,312.76,2.0,312.79,11.0,1.0,10.0,2020-01-13 09:34:17.341208,312.72,312.77,0,0.03000000000002956,0.0647188208616285,1,1,-0.6923076923076923,0.00408
207,2020-01-13 09:34:18,N,AAPL,312.72,3.0,312.77,2.0,0.0,0.0,2020-01-13 09:34:18.189632,312.73,312.77,0,0.049999999999954525,0.06341130253946403,1,1,0.2,0.00408
208,2020-01-13 09:34:19,N,AAPL,312.73,3.0,312.77,3.0,-1.0,-7.0,2020-01-13 09:34:19.003950,312.73,312.77,0,0.03999999999996362,0.06271932943872116,1,-1,0.0,0.00408
209,2020-01-13 09:34:20,N,AAPL,312.73,1.0,312.77,2.0,-1.0,0.0,2020-01-13 09:34:20.012601,312.73,312.77,0,0.03999999999996362,0.06314015963920383,1,1,-0.3333333333333333,0.00408
210,2020-01-13 09:34:24,N,AAPL,312.73,4.0,312.77,3.0,3.0,2.0,2020-01-13 09:34:24.504045,312.71,312.73,0,0.03999999999996362,0.06159580838323109,1,1,0.14285714285714285,0.00408
211,2020-01-13 09:34:25,N,AAPL,312.71,2.0,312.73,4.0,-2.0,1.0,2020-01-13 09:34:25.673800,312.76,312.79,1,0.020000000000038654,0.06225849869730382,1,-1,-0.3333333333333333,0.00408
212,2020-01-13 09:34:26,N,AAPL,312.76,2.0,312.79,10.0,0.0,8.0,2020-01-13 09:34:26.227399,312.78,312.8,0,0.03000000000002956,0.06698228721955957,1,1,-0.6666666666666666,0.00408
213,2020-01-13 09:34:27,N,AAPL,312.78,2.0,312.8,6.0,0.0,-4.0,2020-01-13 09:34:27.309098,312.75,312.79,0,0.020000000000038654,0.06901828940289079,1,-1,-0.5,0.00408
214,2020-01-13 09:34:28,N,AAPL,312.75,24.0,312.79,4.0,21.0,3.0,2020-01-13 09:34:28.741408,312.77,312.8,0,0.040000000000020464,0.051342828942949836,1,1,0.7142857142857143,0.00408
215,2020-01-13 09:34:29,N,AAPL,312.77,2.0,312.8,13.0,1.0,11.0,2020-01-13 09:34:29.820242,312.77,312.8,0,0.03000000000002956,0.05783225852940177,1,-1,-0.7333333333333333,0.00408
216,2020-01-13 09:34:32,N,AAPL,312.77,4.0,312.8,12.0,2.0,-1.0,2020-01-13 09:34:32.770668,312.75,312.79,0,0.03000000000002956,0.06178195263157704,1,1,-0.5,0.00422
217,2020-01-13 09:34:33,N,AAPL,312.75,25.0,312.79,4.0,24.0,-8.0,2020-01-13 09:34:33.094573,312.71,312.74,-1,0.040000000000020464,0.04533664042565988,1,1,0.7241379310344828,0.00422
218,2020-01-13 09:34:34,N,AAPL,312.71,2.0,312.74,4.0,-24.0,-8.0,2020-01-13 09:34:34.079042,312.73,312.77,0,0.03000000000002956,0.04604419141816152,1,-1,-0.3333333333333333,0.00422
219,2020-01-13 09:34:35,N,AAPL,312.73,2.0,312.77,2.0,-2.0,0.0,2020-01-13 09:34:35.079647,312.72,312.75,0,0.03999999999996362,0.045770383738556575,1,1,0.0,0.00422
220,2020-01-13 09:34:36,N,AAPL,312.72,3.0,312.75,4.0,1.0,2.0,2020-01-13 09:34:36.057925,312.71,312.72,0,0.029999999999972715,0.04583519788405965,1,-1,-0.14285714285714285,0.00422
221,2020-01-13 09:34:37,N,AAPL,312.71,2.0,312.72,1.0,-1.0,-1.0,2020-01-13 09:34:37.745924,312.69,312.75,0,0.010000000000047748,0.04503840948893867,1,-1,0.3333333333333333,0.00422
222,2020-01-13 09:34:38,N,AAPL,312.69,2.0,312.75,2.0,1.0,0.0,2020-01-13 09:34:38.174563,312.69,312.73,0,0.060000000000002274,0.044859222125012366,1,1,0.0,0.00422
223,2020-01-13 09:34:39,N,AAPL,312.69,1.0,312.73,1.0,0.0,-1.0,2020-01-13 09:34:39.787713,312.7,312.75,0,0.040000000000020464,0.04474229827167164,1,-1,0.0,0.00422
224,2020-01-13 09:34:40,N,AAPL,312.7,1.0,312.75,2.0,0.0,1.0,2020-01-13 09:34:40.010640,312.78,312.81,1,0.05000000000001137,0.045130557429331475,1,1,-0.3333333333333333,0.00422
225,2020-01-13 09:34:41,N,AAPL,312.78,4.0,312.81,1.0,3.0,0.0,2020-01-13 09:34:41.456104,312.81,312.86,0,0.03000000000002956,0.04277389379450369,1,-1,0.6,0.00422
226,2020-01-13 09:34:42,N,AAPL,312.81,2.0,312.86,4.0,0.0,2.0,2020-01-13 09:34:42.031600,312.89,312.92,1,0.05000000000001137,0.043789949714835075,1,1,-0.3333333333333333,0.00422
227,2020-01-13 09:34:43,N,AAPL,312.89,2.0,312.92,2.0,0.0,1.0,2020-01-13 09:34:43.227617,312.89,312.93,0,0.03000000000002956,0.043413618636066076,1,-1,0.0,0.00422
228,2020-01-13 09:34:44,N,AAPL,312.89,2.0,312.93,2.0,0.0,0.0,2020-01-13 09:34:44.623842,312.8,312.85,-1,0.040000000000020464,0.043069542651721804,1,1,0.0,0.00422
229,2020-01-13 09:34:45,N,AAPL,312.8,2.0,312.85,2.0,1.0,-1.0,2020-01-13 09:34:45.178395,312.83,312.9,0,0.05000000000001137,0.04281407344313948,1,1,0.0,0.00422
230,2020-01-13 09:34:46,N,AAPL,312.83,2.0,312.9,4.0,-2.0,2.0,2020-01-13 09:34:46.037893,312.82,312.87,0,0.06999999999999318,0.043954403474401715,1,1,-0.3333333333333333,0.00422
231,2020-01-13 09:34:47,N,AAPL,312.82,26.0,312.87,1.0,25.0,-1.0,2020-01-13 09:34:47.084114,312.82,312.88,0,0.05000000000001137,0.025418783291286218,1,-1,0.9259259259259259,0.00422
232,2020-01-13 09:34:48,N,AAPL,312.82,25.0,312.88,2.0,21.0,1.0,2020-01-13 09:34:48.003447,312.89,312.93,1,0.060000000000002274,0.009745293156811385,1,1,0.8518518518518519,0.00422
233,2020-01-13 09:34:49,N,AAPL,312.89,3.0,312.93,2.0,-22.0,1.0,2020-01-13 09:34:49.620316,312.89,312.93,0,0.040000000000020464,0.008891640906426801,1,-1,0.2,0.00488
234,2020-01-13 09:34:50,N,AAPL,312.89,4.0,312.93,1.0,2.0,-2.0,2020-01-13 09:34:50.868003,312.89,312.92,0,0.040000000000020464,0.006600071986611056,1,1,0.6,0.00488
235,2020-01-13 09:34:51,N,AAPL,312.89,2.0,312.92,2.0,-2.0,1.0,2020-01-13 09:34:51.022920,312.91,312.94,0,0.03000000000002956,0.0064955753701951835,1,-1,0.0,0.00488
236,2020-01-13 09:34:53,N,AAPL,312.91,1.0,312.94,1.0,0.0,0.0,2020-01-13 09:34:53.370290,312.93,312.96,0,0.029999999999972715,0.006440444957434011,1,-1,0.0,0.00488
237,2020-01-13 09:34:54,N,AAPL,312.93,4.0,312.96,2.0,-28.0,0.0,2020-01-13 09:34:54.239689,312.96,312.99,0,0.029999999999972715,0.004739873931214333,1,1,0.3333333333333333,0.00488
238,2020-01-13 09:34:55,N,AAPL,312.96,2.0,312.99,7.0,1.0,6.0,2020-01-13 09:34:55.446194,312.97,313.0,0,0.03000000000002956,0.008468254881279336,1,1,-0.5555555555555556,0.00488
239,2020-01-13 09:34:56,N,AAPL,312.97,2.0,313.0,188.0,0.0,181.0,2020-01-13 09:34:56.617468,312.95,312.98,0,0.029999999999972715,0.1233123508841345,1,-1,-0.9789473684210527,0.00488
240,2020-01-13 09:34:57,N,AAPL,312.95,1.0,312.98,2.0,-1.0,-186.0,2020-01-13 09:34:57.995039,312.95,312.98,0,0.03000000000002956,0.12344723439736072,1,1,-0.3333333333333333,0.00821
241,2020-01-13 09:34:58,N,AAPL,312.95,1.0,312.98,2.0,0.0,0.0,2020-01-13 09:34:58.069574,312.93,312.96,0,0.03000000000002956,0.12358052689643273,1,1,-0.3333333333333333,0.00821
242,2020-01-13 09:35:00,N,AAPL,312.93,1.0,312.96,1.0,-1.0,-3.0,2020-01-13 09:35:00.053580,312.97,313.0,1,0.029999999999972715,0.12325361832267845,1,-1,0.0,0.00821
243,2020-01-13 09:35:02,N,AAPL,312.97,1.0,313.0,37.0,0.0,36.0,2020-01-13 09:35:02.234437,312.95,313.0,0,0.029999999999972715,0.1398402086209103,1,1,-0.9473684210526315,0.00821
244,2020-01-13 09:35:03,N,AAPL,312.95,2.0,313.0,34.0,0.0,32.0,2020-01-13 09:35:03.296039,312.95,312.99,0,0.05000000000001137,0.1531204639633188,1,1,-0.8888888888888888,0.00821
245,2020-01-13 09:35:04,N,AAPL,312.95,3.0,312.99,1.0,-1.0,-33.0,2020-01-13 09:35:04.046324,313.08,313.14,1,0.040000000000020464,0.15115617960640293,1,-1,0.5,0.00821
246,2020-01-13 09:35:05,N,AAPL,313.08,2.0,313.14,2.0,-2.0,1.0,2020-01-13 09:35:05.078077,313.02,313.07,-1,0.060000000000002274,0.1503146124343857,1,1,0.0,0.00821
247,2020-01-13 09:35:07,N,AAPL,313.02,2.0,313.07,2.0,1.0,0.0,2020-01-13 09:35:07.418554,313.03,313.07,0,0.05000000000001137,0.14952066758957017,1,-1,0.0,0.00821
248,2020-01-13 09:35:09,N,AAPL,313.03,4.0,313.07,1.0,2.0,-1.0,2020-01-13 09:35:09.337106,312.99,313.03,0,0.040000000000020464,0.14643836919935893,1,-1,0.6,0.00821
249,2020-01-13 09:35:10,N,AAPL,312.99,3.0,313.03,4.0,0.0,2.0,2020-01-13 09:35:10.538084,312.96,313.0,0,0.03999999999996362,0.14574678303500832,1,-1,-0.14285714285714285,0.00821
250,2020-01-13 09:35:11,N,AAPL,312.96,2.0,313.0,2.0,0.0,1.0,2020-01-13 09:35:11.316267,313.0,313.04,0,0.040000000000020464,0.14502510689942483,1,1,0.0,0.00821
251,2020-01-13 09:35:12,N,AAPL,313.0,1.0,313.04,1.0,0.0,-1.0,2020-01-13 09:35:12.006882,312.94,313.0,0,0.040000000000020464,0.14464697905731327,1,1,0.0,0.00821
252,2020-01-13 09:35:13,N,AAPL,312.94,2.0,313.0,1.0,1.0,-2.0,2020-01-13 09:35:13.470982,312.93,312.97,0,0.060000000000002274,0.14358247925827072,1,1,0.3333333333333333,0.00821
253,2020-01-13 09:35:14,N,AAPL,312.93,1.0,312.97,1.0,-1.0,-1.0,2020-01-13 09:35:14.401692,312.93,312.99,0,0.040000000000020464,0.14324340888134657,1,-1,0.0,0.00821
254,2020-01-13 09:35:15,N,AAPL,312.93,3.0,312.99,1.0,2.0,0.0,2020-01-13 09:35:15.323973,312.96,313.01,0,0.060000000000002274,0.1414959251631558,1,1,0.5,0.00821
255,2020-01-13 09:35:16,N,AAPL,312.96,2.0,313.01,1.0,0.0,0.0,2020-01-13 09:35:16.323674,313.01,313.02,0,0.05000000000001137,0.14040623000448704,1,-1,0.3333333333333333,0.00821
256,2020-01-13 09:35:17,N,AAPL,313.01,1.0,313.02,1.0,-1.0,0.0,2020-01-13 09:35:17.196441,313.0,313.02,0,0.009999999999990905,0.14001036005436163,1,-1,0.0,0.00821
257,2020-01-13 09:35:18,N,AAPL,313.0,1.0,313.02,5.0,0.0,4.0,2020-01-13 09:35:18.375447,313.0,313.03,0,0.01999999999998181,0.1413283940824499,1,1,-0.6666666666666666,0.00821
258,2020-01-13 09:35:19,N,AAPL,313.0,2.0,313.03,1.0,1.0,0.0,2020-01-13 09:35:19.049671,313.01,313.03,0,0.029999999999972715,0.14015470936828933,1,1,0.3333333333333333,0.00821
259,2020-01-13 09:35:20,N,AAPL,313.01,1.0,313.03,1.0,-3.0,-1.0,2020-01-13 09:35:20.794111,313.0,313.03,0,0.01999999999998181,0.13977214981116504,1,-1,0.0,0.00821
260,2020-01-13 09:35:21,N,AAPL,313.0,2.0,313.03,1.0,1.0,0.0,2020-01-13 09:35:21.528367,313.03,313.06,0,0.029999999999972715,0.1386106655974686,1,1,0.3333333333333333,0.00821
261,2020-01-13 09:35:22,N,AAPL,313.03,2.0,313.06,1.0,0.0,-3.0,2020-01-13 09:35:22.796628,313.01,313.06,0,0.03000000000002956,0.13740055253987293,1,1,0.3333333333333333,0.00821
262,2020-01-13 09:35:23,N,AAPL,313.01,2.0,313.06,2.0,0.0,-2.0,2020-01-13 09:35:23.103588,313.02,313.08,0,0.05000000000001137,0.13671311249140672,1,1,0.0,0.01032
263,2020-01-13 09:35:24,N,AAPL,313.02,2.0,313.08,2.0,1.0,0.0,2020-01-13 09:35:24.032727,312.85,312.9,-1,0.060000000000002274,0.136041355872635,1,1,0.0,0.01032
264,2020-01-13 09:35:25,N,AAPL,312.85,2.0,312.9,4.0,1.0,2.0,2020-01-13 09:35:25.350628,312.83,312.87,0,0.049999999999954525,0.13610886876688255,1,-1,-0.3333333333333333,0.01032
265,2020-01-13 09:35:26,N,AAPL,312.83,2.0,312.87,2.0,0.0,0.0,2020-01-13 09:35:26.114415,312.83,312.88,0,0.040000000000020464,0.13558007110668768,1,-1,0.0,0.01032
266,2020-01-13 09:35:27,N,AAPL,312.83,2.0,312.88,2.0,-19.0,0.0,2020-01-13 09:35:27.103743,312.83,312.84,0,0.05000000000001137,0.13507437893656515,1,1,0.0,0.01032
267,2020-01-13 09:35:28,N,AAPL,312.83,1.0,312.84,2.0,-1.0,1.0,2020-01-13 09:35:28.152188,312.81,312.84,0,0.009999999999990905,0.13502250368100022,1,-1,-0.3333333333333333,0.01032
268,2020-01-13 09:35:29,N,AAPL,312.81,2.0,312.84,3.0,1.0,2.0,2020-01-13 09:35:29.281939,312.84,312.88,0,0.029999999999972715,0.1347380751456626,1,1,-0.2,0.01032
269,2020-01-13 09:35:30,N,AAPL,312.84,2.0,312.88,2.0,0.0,1.0,2020-01-13 09:35:30.105050,312.88,312.93,0,0.040000000000020464,0.1342120131827187,1,1,0.0,0.01032
270,2020-01-13 09:35:31,N,AAPL,312.88,2.0,312.93,3.0,0.0,2.0,2020-01-13 09:35:31.310790,312.82,312.86,-1,0.05000000000001137,0.13399211215323703,1,1,-0.2,0.01032
271,2020-01-13 09:35:32,N,AAPL,312.82,1.0,312.86,2.0,-3.0,0.0,2020-01-13 09:35:32.131558,312.84,312.87,0,0.040000000000020464,0.13399288066256076,1,-1,-0.3333333333333333,0.01032
272,2020-01-13 09:35:33,N,AAPL,312.84,2.0,312.87,1.0,0.0,0.0,2020-01-13 09:35:33.216955,312.82,312.86,0,0.03000000000002956,0.13319531254114736,1,-1,0.3333333333333333,0.01032
273,2020-01-13 09:35:34,N,AAPL,312.82,1.0,312.86,2.0,-1.0,0.0,2020-01-13 09:35:34.014393,312.89,312.94,1,0.040000000000020464,0.13319748340194337,1,1,-0.3333333333333333,0.01032
274,2020-01-13 09:35:35,N,AAPL,312.89,2.0,312.94,2.0,0.0,0.0,2020-01-13 09:35:35.129876,312.89,312.93,0,0.05000000000001137,0.13265921990534935,1,1,0.0,0.01032
275,2020-01-13 09:35:36,N,AAPL,312.89,4.0,312.93,2.0,1.0,1.0,2020-01-13 09:35:36.540598,312.92,312.96,0,0.040000000000020464,0.13093099559239363,1,-1,0.3333333333333333,0.01032
276,2020-01-13 09:35:37,N,AAPL,312.92,4.0,312.96,2.0,2.0,0.0,2020-01-13 09:35:37.716810,312.94,312.96,0,0.03999999999996362,0.12911795437986484,1,-1,0.3333333333333333,0.01032
277,2020-01-13 09:35:38,N,AAPL,312.94,4.0,312.96,1.0,0.0,-1.0,2020-01-13 09:35:38.237739,312.88,312.94,0,0.01999999999998181,0.12688064737614013,1,-1,0.6,0.01032
278,2020-01-13 09:35:39,N,AAPL,312.88,2.0,312.94,2.0,0.0,0.0,2020-01-13 09:35:39.222356,312.89,312.93,0,0.060000000000002274,0.12640711962984597,1,1,0.0,0.01032
279,2020-01-13 09:35:40,N,AAPL,312.89,1.0,312.93,1.0,0.0,-1.0,2020-01-13 09:35:40.713970,312.9,312.94,0,0.040000000000020464,0.1261487962210026,1,-1,0.0,0.01032
280,2020-01-13 09:35:41,N,AAPL,312.9,2.0,312.94,1.0,1.0,0.0,2020-01-13 09:35:41.036418,312.9,312.93,0,0.040000000000020464,0.1253078955159026,1,1,0.3333333333333333,0.01032
281,2020-01-13 09:35:42,N,AAPL,312.9,1.0,312.93,4.0,-1.0,3.0,2020-01-13 09:35:42.028103,312.91,312.94,0,0.03000000000002956,0.12596417534689408,1,-1,-0.6,0.01032
282,2020-01-13 09:35:43,N,AAPL,312.91,1.0,312.94,2.0,0.0,-2.0,2020-01-13 09:35:43.000317,312.9,312.95,0,0.029999999999972715,0.12600662500932458,1,-1,-0.3333333333333333,0.01032
283,2020-01-13 09:35:44,N,AAPL,312.9,4.0,312.95,4.0,-1.0,2.0,2020-01-13 09:35:44.140175,312.99,313.01,1,0.05000000000001137,0.12501173743936533,1,1,0.0,0.01032
284,2020-01-13 09:35:48,N,AAPL,312.99,6.0,313.01,2.0,4.0,1.0,2020-01-13 09:35:48.242951,313.06,313.09,1,0.01999999999998181,0.12165813481067289,1,-1,0.5,0.01032
285,2020-01-13 09:35:51,N,AAPL,313.06,5.0,313.09,2.0,3.0,0.0,2020-01-13 09:35:51.747526,313.08,313.11,0,0.029999999999972715,0.11872017578650684,1,1,0.42857142857142855,0.01032
286,2020-01-13 09:35:53,N,AAPL,313.08,1.0,313.11,1.0,-3.0,-1.0,2020-01-13 09:35:53.650671,313.07,313.09,0,0.03000000000002956,0.11839910549844035,1,1,0.0,0.01032
287,2020-01-13 09:35:54,N,AAPL,313.07,8.0,313.09,1.0,7.0,0.0,2020-01-13 09:35:54.301753,313.04,313.09,0,0.01999999999998181,0.11272338007000826,1,-1,0.7777777777777778,0.01032
288,2020-01-13 09:35:55,N,AAPL,313.04,2.0,313.09,1.0,0.0,0.0,2020-01-13 09:35:55.304203,313.0,313.05,0,0.049999999999954525,0.11173751631849882,1,1,0.3333333333333333,0.01032
289,2020-01-13 09:35:56,N,AAPL,313.0,2.0,313.05,1.0,1.0,0.0,2020-01-13 09:35:56.452070,313.02,313.07,0,0.05000000000001137,0.1108257288796608,1,1,0.3333333333333333,0.01032
290,2020-01-13 09:35:58,N,AAPL,313.02,2.0,313.07,2.0,1.0,0.0,2020-01-13 09:35:58.104537,313.02,313.05,0,0.05000000000001137,0.11031233111521033,1,1,0.0,0.01032
291,2020-01-13 09:35:59,N,AAPL,313.02,2.0,313.05,1.0,0.0,-1.0,2020-01-13 09:35:59.318221,313.1,313.12,1,0.03000000000002956,0.10936025546124029,1,-1,0.3333333333333333,0.01032
292,2020-01-13 09:36:00,N,AAPL,313.1,2.0,313.12,1.0,0.0,0.0,2020-01-13 09:36:00.476861,313.08,313.12,0,0.01999999999998181,0.10827178356032618,1,-1,0.3333333333333333,0.01032
293,2020-01-13 09:36:01,N,AAPL,313.08,2.0,313.12,1.0,0.0,0.0,2020-01-13 09:36:01.509442,313.12,313.15,0,0.040000000000020464,0.10724203245433728,1,1,0.3333333333333333,0.01032
294,2020-01-13 09:36:03,N,AAPL,313.12,4.0,313.15,2.0,2.0,0.0,2020-01-13 09:36:03.712839,313.15,313.19,0,0.029999999999972715,0.10505263896675388,1,-1,0.3333333333333333,0.01032
295,2020-01-13 09:36:04,N,AAPL,313.15,4.0,313.19,2.0,2.0,1.0,2020-01-13 09:36:04.193602,313.2,313.23,1,0.040000000000020464,0.10281188431645205,1,1,0.3333333333333333,0.01055
296,2020-01-13 09:36:07,N,AAPL,313.2,1.0,313.23,4.0,-2.0,2.0,2020-01-13 09:36:07.464440,313.18,313.2,0,0.03000000000002956,0.10418168471903755,1,-1,-0.6,0.01055
297,2020-01-13 09:36:08,N,AAPL,313.18,2.0,313.2,3.0,1.0,-1.0,2020-01-13 09:36:08.412463,313.15,313.18,0,0.01999999999998181,0.10406994888649024,1,-1,-0.2,0.01055
298,2020-01-13 09:36:09,N,AAPL,313.15,1.0,313.18,1.0,0.0,0.0,2020-01-13 09:36:09.056430,313.17,313.22,0,0.03000000000002956,0.10376908142927732,1,1,0.0,0.01055
299,2020-01-13 09:36:10,N,AAPL,313.17,4.0,313.22,2.0,2.0,0.0,2020-01-13 09:36:10.726982,313.21,313.24,0,0.05000000000001137,0.10152932757165445,1,1,0.3333333333333333,0.01055
300,2020-01-13 09:36:11,N,AAPL,313.21,2.0,313.24,1.0,0.0,-4.0,2020-01-13 09:36:11.485687,313.19,313.23,0,0.03000000000002956,0.10033784719917094,1,-1,0.3333333333333333,0.01055
301,2020-01-13 09:36:12,N,AAPL,313.19,2.0,313.23,2.0,0.0,-10.0,2020-01-13 09:36:12.665369,313.2,313.23,0,0.040000000000020464,0.10191893780557848,1,1,0.0,0.01055
302,2020-01-13 09:36:13,N,AAPL,313.2,2.0,313.23,2.0,0.0,0.0,2020-01-13 09:36:13.341259,313.34,313.37,1,0.03000000000002956,0.09829677320954033,1,-1,0.0,0.01055
303,2020-01-13 09:36:15,N,AAPL,313.34,4.0,313.37,1.0,2.0,0.0,2020-01-13 09:36:15.485528,313.3,313.35,0,0.03000000000002956,0.09507854242713165,1,1,0.6,0.01055
304,2020-01-13 09:36:16,N,AAPL,313.3,2.0,313.35,2.0,0.0,1.0,2020-01-13 09:36:16.466320,313.29,313.31,0,0.05000000000001137,0.09466211332124885,1,1,0.0,0.01055
305,2020-01-13 09:36:18,N,AAPL,313.29,1.0,313.31,4.0,0.0,2.0,2020-01-13 09:36:18.028961,313.26,313.29,0,0.01999999999998181,0.0937196422710258,1,-1,-0.6,0.01055
306,2020-01-13 09:36:20,N,AAPL,313.26,1.0,313.29,2.0,0.0,-2.0,2020-01-13 09:36:20.218658,313.33,313.36,1,0.03000000000002956,0.09378387117334341,1,1,-0.3333333333333333,0.01055
307,2020-01-13 09:36:21,N,AAPL,313.33,2.0,313.36,1.0,1.0,-1.0,2020-01-13 09:36:21.770174,313.31,313.33,0,0.03000000000002956,0.09137021704873405,1,1,0.3333333333333333,0.01055
308,2020-01-13 09:36:22,N,AAPL,313.31,1.0,313.33,2.0,-1.0,1.0,2020-01-13 09:36:22.296191,313.33,313.36,0,0.01999999999998181,0.09116697198754764,1,-1,-0.3333333333333333,0.01055
309,2020-01-13 09:36:23,N,AAPL,313.33,11.0,313.36,1.0,10.0,-1.0,2020-01-13 09:36:23.386311,313.36,313.37,0,0.03000000000002956,0.0806304151623749,1,1,0.8333333333333334,0.01055
310,2020-01-13 09:36:24,N,AAPL,313.36,10.0,313.37,4.0,-1.0,3.0,2020-01-13 09:36:24.180511,313.32,313.36,0,0.009999999999990905,0.07226822682258671,1,-1,0.42857142857142855,0.01055
311,2020-01-13 09:36:25,N,AAPL,313.32,2.0,313.36,1.0,0.0,-1.0,2020-01-13 09:36:25.213246,313.3,313.33,0,0.040000000000020464,0.07142932549351144,1,1,0.3333333333333333,0.01055
312,2020-01-13 09:36:26,N,AAPL,313.3,2.0,313.33,1.0,1.0,-1.0,2020-01-13 09:36:26.382492,313.34,313.37,1,0.029999999999972715,0.07328328026358122,1,-1,0.3333333333333333,0.01055
313,2020-01-13 09:36:29,N,AAPL,313.34,2.0,313.37,2.0,-3.0,0.0,2020-01-13 09:36:29.245739,313.34,313.37,0,0.03000000000002956,0.07162686133989382,1,1,0.0,0.01055
314,2020-01-13 09:36:30,N,AAPL,313.34,1.0,313.37,2.0,-1.0,0.0,2020-01-13 09:36:30.568189,313.31,313.35,0,0.03000000000002956,0.07105455450914633,1,1,-0.3333333333333333,0.01055
315,2020-01-13 09:36:31,N,AAPL,313.31,2.0,313.35,2.0,1.0,0.0,2020-01-13 09:36:31.304843,313.28,313.32,0,0.040000000000020464,0.07066051674524942,1,1,0.0,0.01055
316,2020-01-13 09:36:32,N,AAPL,313.28,3.0,313.32,2.0,1.0,0.0,2020-01-13 09:36:32.098055,313.29,313.32,0,0.040000000000020464,0.06833638255119467,1,1,0.2,0.01055
317,2020-01-13 09:36:33,N,AAPL,313.29,1.0,313.32,4.0,0.0,2.0,2020-01-13 09:36:33.241673,313.28,313.3,0,0.029999999999972715,0.07068631808624559,1,-1,-0.6,0.01055
318,2020-01-13 09:36:36,N,AAPL,313.28,2.0,313.3,2.0,1.0,-2.0,2020-01-13 09:36:36.232827,313.25,313.3,0,0.020000000000038654,0.0690168828182891,1,-1,0.0,0.01055
319,2020-01-13 09:36:37,N,AAPL,313.25,10.0,313.3,2.0,9.0,-2.0,2020-01-13 09:36:37.181733,313.26,313.3,0,0.05000000000001137,0.06298083864965065,1,1,0.6666666666666666,0.01055
320,2020-01-13 09:36:38,N,AAPL,313.26,2.0,313.3,2.0,1.0,1.0,2020-01-13 09:36:38.055087,313.11,313.16,-1,0.040000000000020464,0.06200485012976742,1,-1,0.0,0.01055
321,2020-01-13 09:36:40,N,AAPL,313.11,2.0,313.16,2.0,0.0,0.0,2020-01-13 09:36:40.581227,313.11,313.14,0,0.05000000000001137,0.06018634681817048,1,1,0.0,0.01055
322,2020-01-13 09:36:41,N,AAPL,313.11,3.0,313.14,2.0,2.0,0.0,2020-01-13 09:36:41.141957,313.13,313.17,0,0.029999999999972715,0.05111708167640927,1,-1,0.2,0.01055
323,2020-01-13 09:36:42,N,AAPL,313.13,2.0,313.17,1.0,0.0,0.0,2020-01-13 09:36:42.307428,313.12,313.15,0,0.040000000000020464,0.04976763670015316,1,1,0.3333333333333333,0.01055
324,2020-01-13 09:36:43,N,AAPL,313.12,1.0,313.15,1.0,-1.0,-1.0,2020-01-13 09:36:43.216454,313.21,313.24,1,0.029999999999972715,0.049015291944840556,1,-1,0.0,0.01116
325,2020-01-13 09:36:44,N,AAPL,313.21,2.0,313.24,2.0,-1.0,1.0,2020-01-13 09:36:44.085714,313.28,313.31,1,0.03000000000002956,0.047312737683171235,1,1,0.0,0.01116
326,2020-01-13 09:36:45,N,AAPL,313.28,1.0,313.31,2.0,0.0,1.0,2020-01-13 09:36:45.310831,313.21,313.25,-1,0.03000000000002956,0.04809972630590664,1,1,-0.3333333333333333,0.01116
327,2020-01-13 09:36:46,N,AAPL,313.21,2.0,313.25,2.0,-6.0,1.0,2020-01-13 09:36:46.952542,313.21,313.25,0,0.040000000000020464,0.04555123941787542,1,1,0.0,0.01116
328,2020-01-13 09:36:47,N,AAPL,313.21,2.0,313.25,2.0,0.0,-2.0,2020-01-13 09:36:47.039532,313.17,313.21,0,0.040000000000020464,0.04480217785840068,1,1,0.0,0.01116
329,2020-01-13 09:36:48,N,AAPL,313.17,1.0,313.21,1.0,0.0,-1.0,2020-01-13 09:36:48.130496,313.29,313.31,1,0.03999999999996362,0.04339619931153038,1,-1,0.0,0.01116
330,2020-01-13 09:36:50,N,AAPL,313.29,2.0,313.31,1.0,1.0,0.0,2020-01-13 09:36:50.559147,313.26,313.29,0,0.01999999999998181,0.04236675025515524,1,-1,0.3333333333333333,0.01116
331,2020-01-13 09:36:51,N,AAPL,313.26,1.0,313.29,1.0,0.0,-2.0,2020-01-13 09:36:51.360409,313.23,313.28,0,0.03000000000002956,0.0424476519064001,1,1,0.0,0.01116
332,2020-01-13 09:36:52,N,AAPL,313.23,2.0,313.28,3.0,-2.0,2.0,2020-01-13 09:36:52.739865,313.25,313.3,0,0.049999999999954525,0.042910470395952416,1,1,-0.2,0.01116
333,2020-01-13 09:36:53,N,AAPL,313.25,4.0,313.3,3.0,2.0,0.0,2020-01-13 09:36:53.530722,313.26,313.3,0,0.05000000000001137,0.0407506493506844,1,1,0.14285714285714285,0.01116
334,2020-01-13 09:36:54,N,AAPL,313.26,3.0,313.3,2.0,2.0,1.0,2020-01-13 09:36:54.669580,313.24,313.27,0,0.040000000000020464,0.03899209486161226,1,-1,0.2,0.01116
335,2020-01-13 09:36:55,N,AAPL,313.24,1.0,313.27,2.0,-3.0,0.0,2020-01-13 09:36:55.143568,313.21,313.25,0,0.029999999999972715,0.039018860244198095,1,-1,-0.3333333333333333,0.01116
336,2020-01-13 09:36:56,N,AAPL,313.21,2.0,313.25,2.0,0.0,0.0,2020-01-13 09:36:56.874756,313.19,313.22,0,0.040000000000020464,0.03835807327004659,1,1,0.0,0.01116
337,2020-01-13 09:36:57,N,AAPL,313.19,1.0,313.22,2.0,-1.0,0.0,2020-01-13 09:36:57.247739,313.16,313.21,0,0.03000000000002956,0.03782253457262641,1,-1,-0.3333333333333333,0.01116
338,2020-01-13 09:36:58,N,AAPL,313.16,2.0,313.21,2.0,0.0,1.0,2020-01-13 09:36:58.423455,313.11,313.15,-1,0.049999999999954525,0.03770933997503789,1,1,0.0,0.01116
339,2020-01-13 09:37:01,N,AAPL,313.11,1.0,313.15,2.0,-1.0,0.0,2020-01-13 09:37:01.821482,313.12,313.14,0,0.03999999999996362,0.038168617683595585,1,-1,-0.3333333333333333,0.01116
340,2020-01-13 09:37:02,N,AAPL,313.12,1.0,313.14,1.0,0.0,-1.0,2020-01-13 09:37:02.961743,313.11,313.14,0,0.01999999999998181,0.03881439360827699,1,-1,0.0,0.01116
341,2020-01-13 09:37:03,N,AAPL,313.11,1.0,313.14,2.0,-1.0,0.0,2020-01-13 09:37:03.064272,313.15,313.19,1,0.029999999999972715,0.03831741772199848,1,1,-0.3333333333333333,0.01116
342,2020-01-13 09:37:04,N,AAPL,313.15,4.0,313.19,1.0,3.0,-1.0,2020-01-13 09:37:04.478650,313.15,313.18,0,0.040000000000020464,0.035366074331079744,1,1,0.6,0.01116
343,2020-01-13 09:37:05,N,AAPL,313.15,2.0,313.18,2.0,0.0,-2.0,2020-01-13 09:37:05.413198,313.16,313.19,0,0.03000000000002956,0.03529337909003516,1,-1,0.0,0.01116
344,2020-01-13 09:37:06,N,AAPL,313.16,2.0,313.19,1.0,0.0,0.0,2020-01-13 09:37:06.627556,313.11,313.15,-1,0.029999999999972715,0.033926251942659746,1,-1,0.3333333333333333,0.01116
345,2020-01-13 09:37:07,N,AAPL,313.11,2.0,313.15,4.0,0.0,2.0,2020-01-13 09:37:07.150389,313.13,313.17,0,0.03999999999996362,0.03413918687544992,1,1,-0.3333333333333333,0.01116
346,2020-01-13 09:37:08,N,AAPL,313.13,1.0,313.17,4.0,0.0,2.0,2020-01-13 09:37:08.944695,313.13,313.17,0,0.040000000000020464,0.0336080949136317,1,1,-0.6,0.01116
347,2020-01-13 09:37:09,N,AAPL,313.13,3.0,313.17,4.0,2.0,0.0,2020-01-13 09:37:09.562755,313.12,313.14,0,0.040000000000020464,0.03381494134106333,1,1,-0.14285714285714285,0.01116
348,2020-01-13 09:37:10,N,AAPL,313.12,1.0,313.14,2.0,-1.0,0.0,2020-01-13 09:37:10.558390,313.12,313.15,0,0.01999999999998181,0.03333652228184292,1,-1,-0.3333333333333333,0.01116
349,2020-01-13 09:37:11,N,AAPL,313.12,4.0,313.15,2.0,3.0,0.0,2020-01-13 09:37:11.694021,313.12,313.15,0,0.029999999999972715,0.03222349040458994,1,1,0.3333333333333333,0.01116
350,2020-01-13 09:37:14,N,AAPL,313.12,1.0,313.15,2.0,0.0,0.0,2020-01-13 09:37:14.130522,313.02,313.05,-1,0.029999999999972715,0.03252764999393776,1,1,-0.3333333333333333,0.01116
351,2020-01-13 09:37:18,N,AAPL,313.02,1.0,313.05,2.0,0.0,0.0,2020-01-13 09:37:18.056563,312.97,313.0,-1,0.03000000000002956,0.03237601499483844,1,1,-0.3333333333333333,0.01116
352,2020-01-13 09:37:19,N,AAPL,312.97,1.0,313.0,4.0,-1.0,2.0,2020-01-13 09:37:19.354426,312.89,312.93,-1,0.029999999999972715,0.03102804565759243,1,-1,-0.6,0.01116
353,2020-01-13 09:37:20,N,AAPL,312.89,2.0,312.93,1.0,0.0,-1.0,2020-01-13 09:37:20.470255,312.86,312.92,0,0.040000000000020464,0.03052427529655688,1,1,0.3333333333333333,0.01116
354,2020-01-13 09:37:21,N,AAPL,312.86,2.0,312.92,2.0,0.0,0.0,2020-01-13 09:37:21.198091,312.89,312.92,0,0.060000000000002274,0.02888482168856399,1,1,0.0,0.01116
355,2020-01-13 09:37:22,N,AAPL,312.89,1.0,312.92,2.0,0.0,1.0,2020-01-13 09:37:22.282477,312.87,312.9,0,0.03000000000002956,0.029448284792920276,1,-1,-0.3333333333333333,0.01116
356,2020-01-13 09:37:23,N,AAPL,312.87,2.0,312.9,1.0,1.0,-1.0,2020-01-13 09:37:23.367002,312.84,312.88,0,0.029999999999972715,0.02953376636764915,1,-1,0.3333333333333333,0.01116
357,2020-01-13 09:37:24,N,AAPL,312.84,1.0,312.88,1.0,-1.0,0.0,2020-01-13 09:37:24.151927,312.84,312.88,0,0.040000000000020464,0.0274503581853196,1,1,0.0,0.01116
358,2020-01-13 09:37:25,N,AAPL,312.84,1.0,312.88,2.0,0.0,1.0,2020-01-13 09:37:25.003201,312.88,312.92,0,0.040000000000020464,0.028957658779631856,1,1,-0.3333333333333333,0.01116
359,2020-01-13 09:37:26,N,AAPL,312.88,2.0,312.92,1.0,0.0,-1.0,2020-01-13 09:37:26.096722,312.91,312.94,0,0.040000000000020464,0.028443768822000948,1,1,0.3333333333333333,0.01116
360,2020-01-13 09:37:27,N,AAPL,312.91,2.0,312.94,2.0,0.0,1.0,2020-01-13 09:37:27.064918,312.95,312.99,1,0.029999999999972715,0.02790902128788275,1,-1,0.0,0.01116
361,2020-01-13 09:37:28,N,AAPL,312.95,1.0,312.99,2.0,-1.0,1.0,2020-01-13 09:37:28.227520,312.9,312.94,-1,0.040000000000020464,0.04214728732074491,1,1,-0.3333333333333333,0.01116
362,2020-01-13 09:37:29,N,AAPL,312.9,2.0,312.94,1.0,1.0,0.0,2020-01-13 09:37:29.660899,312.95,312.98,1,0.040000000000020464,0.04329052499730324,1,1,0.3333333333333333,0.01116
363,2020-01-13 09:37:30,N,AAPL,312.95,1.0,312.98,2.0,-1.0,0.0,2020-01-13 09:37:30.727418,312.91,312.96,0,0.03000000000002956,0.043698454756793126,1,-1,-0.3333333333333333,0.01121
364,2020-01-13 09:37:31,N,AAPL,312.91,2.0,312.96,4.0,0.0,2.0,2020-01-13 09:37:31.069745,312.84,312.88,-1,0.049999999999954525,0.0471554876570508,1,1,-0.3333333333333333,0.01121
365,2020-01-13 09:37:33,N,AAPL,312.84,1.0,312.88,2.0,0.0,-1.0,2020-01-13 09:37:33.992814,312.88,312.91,0,0.040000000000020464,0.04787359299774607,1,-1,-0.3333333333333333,0.01121
366,2020-01-13 09:37:34,N,AAPL,312.88,34.0,312.91,2.0,33.0,0.0,2020-01-13 09:37:34.190031,312.87,312.9,0,0.03000000000002956,0.04082199875517745,1,-1,0.8888888888888888,0.01121
367,2020-01-13 09:37:35,N,AAPL,312.87,2.0,312.9,1.0,1.0,-2.0,2020-01-13 09:37:35.035949,312.84,312.88,0,0.029999999999972715,0.04197826595554943,1,-1,0.3333333333333333,0.01121
368,2020-01-13 09:37:37,N,AAPL,312.84,3.0,312.88,4.0,1.0,3.0,2020-01-13 09:37:37.163153,312.79,312.81,-1,0.040000000000020464,0.04541813220959057,1,1,-0.14285714285714285,0.01121
369,2020-01-13 09:37:38,N,AAPL,312.79,1.0,312.81,3.0,-2.0,-2.0,2020-01-13 09:37:38.777652,312.76,312.8,0,0.01999999999998181,0.044569518086518656,1,-1,-0.5,0.01121
370,2020-01-13 09:37:39,N,AAPL,312.76,1.0,312.8,3.0,0.0,1.0,2020-01-13 09:37:39.150402,312.75,312.79,0,0.040000000000020464,0.044452665992480433,1,1,-0.5,0.01121
371,2020-01-13 09:37:42,N,AAPL,312.75,3.0,312.79,2.0,2.0,0.0,2020-01-13 09:37:42.571702,312.77,312.81,0,0.040000000000020464,0.04423948356611618,1,1,0.2,0.01121
372,2020-01-13 09:37:43,N,AAPL,312.77,2.0,312.81,4.0,0.0,3.0,2020-01-13 09:37:43.486155,312.76,312.8,0,0.040000000000020464,0.04395337357294693,1,1,-0.3333333333333333,0.01121
373,2020-01-13 09:37:44,N,AAPL,312.76,1.0,312.8,2.0,-1.0,0.0,2020-01-13 09:37:44.097357,312.79,312.82,0,0.040000000000020464,0.04032545193484793,1,1,-0.3333333333333333,0.01121
374,2020-01-13 09:37:45,N,AAPL,312.79,2.0,312.82,3.0,0.0,-1.0,2020-01-13 09:37:45.338373,312.88,312.93,1,0.029999999999972715,0.037900999991791195,1,-1,-0.2,0.01121
375,2020-01-13 09:37:46,N,AAPL,312.88,3.0,312.93,2.0,1.0,0.0,2020-01-13 09:37:46.449725,312.92,312.97,0,0.05000000000001137,0.03627549664474827,1,1,0.2,0.01121
376,2020-01-13 09:37:47,N,AAPL,312.92,2.0,312.97,1.0,0.0,-1.0,2020-01-13 09:37:47.396342,312.92,313.0,0,0.05000000000001137,0.03483780753310839,1,1,0.3333333333333333,0.01121
377,2020-01-13 09:37:48,N,AAPL,312.92,2.0,313.0,6.0,0.0,5.0,2020-01-13 09:37:48.101268,312.91,312.96,0,0.07999999999998408,0.036092427232233604,1,1,-0.5,0.01121
378,2020-01-13 09:37:53,N,AAPL,312.91,3.0,312.96,2.0,0.0,0.0,2020-01-13 09:37:53.432490,312.92,312.97,0,0.049999999999954525,0.03548635111707199,1,-1,0.2,0.01121
379,2020-01-13 09:37:55,N,AAPL,312.92,2.0,312.97,2.0,-1.0,0.0,2020-01-13 09:37:55.759479,312.94,312.98,0,0.05000000000001137,0.035039151256114565,1,1,0.0,0.01121
380,2020-01-13 09:37:56,N,AAPL,312.94,1.0,312.98,4.0,-1.0,3.0,2020-01-13 09:37:56.047398,312.92,312.97,0,0.040000000000020464,0.033442382281805294,1,-1,-0.6,0.01121
381,2020-01-13 09:37:57,N,AAPL,312.92,2.0,312.97,1.0,1.0,-2.0,2020-01-13 09:37:57.746934,312.9,312.96,0,0.05000000000001137,0.03277473095829464,1,1,0.3333333333333333,0.01121
382,2020-01-13 09:37:58,N,AAPL,312.9,2.0,312.96,2.0,0.0,1.0,2020-01-13 09:37:58.258361,313.0,313.01,1,0.060000000000002274,0.032278320740772415,1,1,0.0,0.01121
383,2020-01-13 09:38:01,N,AAPL,313.0,1.0,313.01,2.0,-1.0,0.0,2020-01-13 09:38:01.277878,313.01,313.03,0,0.009999999999990905,0.0310023619704225,1,-1,-0.3333333333333333,0.01121
384,2020-01-13 09:38:03,N,AAPL,313.01,1.0,313.03,2.0,0.0,0.0,2020-01-13 09:38:03.416108,313.04,313.07,1,0.01999999999998181,0.03170980354036601,1,1,-0.3333333333333333,0.01121
385,2020-01-13 09:38:04,N,AAPL,313.04,2.0,313.07,1.0,0.0,0.0,2020-01-13 09:38:04.043799,313.05,313.09,0,0.029999999999972715,0.030214362310516663,1,1,0.3333333333333333,0.01121
386,2020-01-13 09:38:05,N,AAPL,313.05,1.0,313.09,2.0,-1.0,-3.0,2020-01-13 09:38:05.205330,313.06,313.09,0,0.03999999999996362,0.03231281919045159,1,1,-0.3333333333333333,0.01121
387,2020-01-13 09:38:06,N,AAPL,313.06,1.0,313.09,1.0,0.0,-1.0,2020-01-13 09:38:06.276071,313.08,313.14,0,0.029999999999972715,0.03247949739881051,1,-1,0.0,0.01121
388,2020-01-13 09:38:07,N,AAPL,313.08,1.0,313.14,2.0,0.0,0.0,2020-01-13 09:38:07.169439,313.1,313.13,0,0.060000000000002274,0.03303243616289819,1,1,-0.3333333333333333,0.01121
389,2020-01-13 09:38:08,N,AAPL,313.1,3.0,313.13,1.0,1.0,0.0,2020-01-13 09:38:08.172907,313.1,313.13,0,0.029999999999972715,0.030822322916378653,1,-1,0.5,0.01121
390,2020-01-13 09:38:10,N,AAPL,313.1,2.0,313.13,1.0,-1.0,0.0,2020-01-13 09:38:10.019412,313.04,313.09,-1,0.029999999999972715,0.03087650610353876,1,1,0.3333333333333333,0.01168
391,2020-01-13 09:38:11,N,AAPL,313.04,1.0,313.09,3.0,-6.0,-2.0,2020-01-13 09:38:11.229350,313.01,313.07,0,0.049999999999954525,0.030091135978295824,1,1,-0.5,0.01168
392,2020-01-13 09:38:12,N,AAPL,313.01,2.0,313.07,2.0,1.0,0.0,2020-01-13 09:38:12.562236,313.04,313.07,0,0.060000000000002274,0.030536653222611676,1,1,0.0,0.01168
393,2020-01-13 09:38:16,N,AAPL,313.04,2.0,313.07,5.0,0.0,3.0,2020-01-13 09:38:16.014732,312.97,313.01,-1,0.029999999999972715,0.03068412459327874,1,-1,-0.42857142857142855,0.01168
394,2020-01-13 09:38:19,N,AAPL,312.97,3.0,313.01,3.0,1.0,1.0,2020-01-13 09:38:19.020071,312.98,313.01,0,0.03999999999996362,0.030011401679132632,1,1,0.0,0.01168
395,2020-01-13 09:38:21,N,AAPL,312.98,2.0,313.01,1.0,-1.0,-1.0,2020-01-13 09:38:21.470359,313.02,313.06,1,0.029999999999972715,0.03403360161706814,1,-1,0.3333333333333333,0.01168
396,2020-01-13 09:38:22,N,AAPL,313.02,2.0,313.06,1.0,0.0,-1.0,2020-01-13 09:38:22.069913,312.96,313.0,-1,0.040000000000020464,0.03340002384402396,1,1,0.3333333333333333,0.01168
397,2020-01-13 09:38:26,N,AAPL,312.96,1.0,313.0,1.0,-1.0,-1.0,2020-01-13 09:38:26.221706,312.99,313.01,0,0.040000000000020464,0.03298251923820317,1,1,0.0,0.01168
398,2020-01-13 09:38:28,N,AAPL,312.99,1.0,313.01,2.0,-5.0,1.0,2020-01-13 09:38:28.286057,312.97,313.02,0,0.01999999999998181,0.033528618049558645,1,-1,-0.3333333333333333,0.01168
399,2020-01-13 09:38:29,N,AAPL,312.97,1.0,313.02,2.0,-1.0,0.0,2020-01-13 09:38:29.278960,312.98,313.02,0,0.049999999999954525,0.033278185948802275,1,1,-0.3333333333333333,0.01168
400,2020-01-13 09:38:30,N,AAPL,312.98,2.0,313.02,2.0,1.0,0.0,2020-01-13 09:38:30.027451,312.97,313.01,0,0.03999999999996362,0.02856040856039499,1,-1,0.0,0.01168
401,2020-01-13 09:38:34,N,AAPL,312.97,2.0,313.01,2.0,0.0,0.0,2020-01-13 09:38:34.384196,312.97,312.99,0,0.03999999999996362,0.028105739299689958,1,1,0.0,0.01168
402,2020-01-13 09:38:36,N,AAPL,312.97,1.0,312.99,4.0,-1.0,2.0,2020-01-13 09:38:36.456999,312.95,312.97,0,0.01999999999998181,0.028947572815638978,1,-1,-0.6,0.01168
403,2020-01-13 09:38:37,N,AAPL,312.95,4.0,312.97,5.0,3.0,1.0,2020-01-13 09:38:37.226279,312.99,313.02,1,0.020000000000038654,0.0286803476325872,1,1,-0.1111111111111111,0.01168
404,2020-01-13 09:38:40,N,AAPL,312.99,4.0,313.02,2.0,2.0,0.0,2020-01-13 09:38:40.584111,313.0,313.04,0,0.029999999999972715,0.027054520358888112,1,1,0.3333333333333333,0.01168
405,2020-01-13 09:38:43,N,AAPL,313.0,17.0,313.04,2.0,14.0,0.0,2020-01-13 09:38:43.295625,312.96,312.99,-1,0.040000000000020464,0.024144445032902695,1,1,0.7894736842105263,0.01168
406,2020-01-13 09:38:45,N,AAPL,312.96,3.0,312.99,4.0,-9.0,2.0,2020-01-13 09:38:45.235619,312.99,313.03,0,0.03000000000002956,0.024701523579039986,1,-1,-0.14285714285714285,0.01168
407,2020-01-13 09:38:46,N,AAPL,312.99,2.0,313.03,1.0,0.0,0.0,2020-01-13 09:38:46.000270,312.97,313.0,0,0.03999999999996362,0.026412649527856047,1,1,0.3333333333333333,0.01168
408,2020-01-13 09:38:48,N,AAPL,312.97,2.0,313.0,4.0,-2.0,-2.0,2020-01-13 09:38:48.373718,312.99,313.02,0,0.029999999999972715,0.027052778752761242,1,-1,-0.3333333333333333,0.01168
409,2020-01-13 09:38:49,N,AAPL,312.99,2.0,313.02,4.0,0.0,3.0,2020-01-13 09:38:49.171525,312.9,312.94,-1,0.029999999999972715,0.028890821256140953,1,1,-0.3333333333333333,0.01168
410,2020-01-13 09:38:50,N,AAPL,312.9,10.0,312.94,2.0,9.0,0.0,2020-01-13 09:38:50.009411,312.9,312.93,0,0.040000000000020464,0.028726062628265936,1,1,0.6666666666666666,0.01168
411,2020-01-13 09:38:52,N,AAPL,312.9,10.0,312.93,2.0,9.0,0.0,2020-01-13 09:38:52.772441,312.93,312.98,0,0.03000000000002956,0.029161828311771387,1,-1,0.6666666666666666,0.01168
412,2020-01-13 09:38:53,N,AAPL,312.93,2.0,312.98,2.0,-8.0,0.0,2020-01-13 09:38:53.360954,312.85,312.89,-1,0.05000000000001137,0.03123416093984588,1,1,0.0,0.01168
413,2020-01-13 09:38:54,N,AAPL,312.85,1.0,312.89,4.0,-1.0,2.0,2020-01-13 09:38:54.319302,312.88,312.9,0,0.03999999999996362,0.030951142005108068,1,-1,-0.6,0.01168
414,2020-01-13 09:38:55,N,AAPL,312.88,1.0,312.9,2.0,-4.0,0.0,2020-01-13 09:38:55.275755,312.89,312.92,0,0.01999999999998181,0.029905507627802308,1,-1,-0.3333333333333333,0.01168
415,2020-01-13 09:38:56,N,AAPL,312.89,1.0,312.92,1.0,-1.0,0.0,2020-01-13 09:38:56.229188,312.91,312.93,0,0.03000000000002956,0.028191887289892748,1,1,0.0,0.01173
416,2020-01-13 09:38:57,N,AAPL,312.91,1.0,312.93,3.0,0.0,2.0,2020-01-13 09:38:57.379887,312.85,312.89,-1,0.01999999999998181,0.027799899952242413,1,-1,-0.5,0.01173
417,2020-01-13 09:38:59,N,AAPL,312.85,1.0,312.89,2.0,0.0,1.0,2020-01-13 09:38:59.521900,312.8,312.83,-1,0.03999999999996362,0.028526400158000342,1,1,-0.3333333333333333,0.01173
418,2020-01-13 09:39:01,N,AAPL,312.8,17.0,312.83,4.0,16.0,2.0,2020-01-13 09:39:01.545956,312.79,312.81,0,0.029999999999972715,0.028232868948407486,1,-1,0.6190476190476191,0.01173
419,2020-01-13 09:39:02,N,AAPL,312.79,1.0,312.81,1.0,-16.0,0.0,2020-01-13 09:39:02.468750,312.8,312.83,0,0.01999999999998181,0.024446505134221752,1,-1,0.0,0.01173
420,2020-01-13 09:39:03,N,AAPL,312.8,2.0,312.83,1.0,-7.0,0.0,2020-01-13 09:39:03.118635,312.78,312.81,0,0.029999999999972715,0.02539485845272793,1,1,0.3333333333333333,0.01173
421,2020-01-13 09:39:04,N,AAPL,312.78,3.0,312.81,2.0,1.0,1.0,2020-01-13 09:39:04.453880,312.75,312.79,0,0.03000000000002956,0.025805216451203705,1,1,0.2,0.01173
422,2020-01-13 09:39:07,N,AAPL,312.75,3.0,312.79,2.0,1.0,0.0,2020-01-13 09:39:07.216799,312.75,312.78,0,0.040000000000020464,0.026417646618085655,1,1,0.2,0.01173
423,2020-01-13 09:39:08,N,AAPL,312.75,2.0,312.78,2.0,0.0,1.0,2020-01-13 09:39:08.046366,312.71,312.75,0,0.029999999999972715,0.027368509164261923,1,-1,0.0,0.01173
424,2020-01-13 09:39:09,N,AAPL,312.71,3.0,312.75,1.0,1.0,-1.0,2020-01-13 09:39:09.058236,312.66,312.69,-1,0.040000000000020464,0.02603590705723491,1,1,0.5,0.01173
425,2020-01-13 09:39:10,N,AAPL,312.66,1.0,312.69,1.0,-2.0,0.0,2020-01-13 09:39:10.128645,312.65,312.67,0,0.029999999999972715,0.02800464340708686,1,-1,0.0,0.01173
426,2020-01-13 09:39:11,N,AAPL,312.65,11.0,312.67,2.0,0.0,0.0,2020-01-13 09:39:11.122654,312.64,312.68,0,0.020000000000038654,0.03214602683181056,1,-1,0.6923076923076923,0.01173
427,2020-01-13 09:39:12,N,AAPL,312.64,2.0,312.68,1.0,0.0,-14.0,2020-01-13 09:39:12.317265,312.66,312.7,0,0.040000000000020464,0.03215470963959888,1,1,0.3333333333333333,0.01173
428,2020-01-13 09:39:13,N,AAPL,312.66,1.0,312.7,2.0,-1.0,1.0,2020-01-13 09:39:13.210218,312.7,312.74,0,0.03999999999996362,0.031809483973177066,1,-1,-0.3333333333333333,0.01173
429,2020-01-13 09:39:14,N,AAPL,312.7,2.0,312.74,1.0,0.0,0.0,2020-01-13 09:39:14.798145,312.74,312.76,0,0.040000000000020464,0.034345369944674076,1,1,0.3333333333333333,0.01173
430,2020-01-13 09:39:15,N,AAPL,312.74,1.0,312.76,2.0,0.0,0.0,2020-01-13 09:39:15.080847,312.54,312.59,-1,0.01999999999998181,0.032588138253117904,1,-1,-0.3333333333333333,0.01173
431,2020-01-13 09:39:19,N,AAPL,312.54,1.0,312.59,2.0,0.0,1.0,2020-01-13 09:39:19.540229,312.55,312.58,0,0.049999999999954525,0.03279200875181232,1,1,-0.3333333333333333,0.01173
432,2020-01-13 09:39:20,N,AAPL,312.55,1.0,312.58,1.0,-1.0,-1.0,2020-01-13 09:39:20.053763,312.55,312.58,0,0.029999999999972715,0.032136218576852116,1,-1,0.0,0.01173
433,2020-01-13 09:39:21,N,AAPL,312.55,2.0,312.58,2.0,1.0,1.0,2020-01-13 09:39:21.440412,312.55,312.58,0,0.029999999999972715,0.03154746811850373,1,1,0.0,0.01173
434,2020-01-13 09:39:22,N,AAPL,312.55,2.0,312.58,1.0,0.0,0.0,2020-01-13 09:39:22.169494,312.62,312.65,1,0.029999999999972715,0.037259433962390176,1,1,0.3333333333333333,0.01173
435,2020-01-13 09:39:23,N,AAPL,312.62,1.0,312.65,2.0,-1.0,1.0,2020-01-13 09:39:23.450445,312.68,312.72,1,0.029999999999972715,0.035109044801515665,1,1,-0.3333333333333333,0.01173
436,2020-01-13 09:39:24,N,AAPL,312.68,2.0,312.72,2.0,0.0,0.0,2020-01-13 09:39:24.664471,312.68,312.73,0,0.040000000000020464,0.036171891253104604,1,1,0.0,0.01173
437,2020-01-13 09:39:25,N,AAPL,312.68,2.0,312.73,2.0,1.0,-2.0,2020-01-13 09:39:25.176622,312.75,312.78,1,0.05000000000001137,0.03793548135251967,1,1,0.0,0.01173
438,2020-01-13 09:39:27,N,AAPL,312.75,2.0,312.78,2.0,1.0,-1.0,2020-01-13 09:39:27.499867,312.75,312.79,0,0.029999999999972715,0.037734631009527675,1,-1,0.0,0.01173
439,2020-01-13 09:39:28,N,AAPL,312.75,2.0,312.79,2.0,1.0,-1.0,2020-01-13 09:39:28.733601,312.8,312.82,1,0.040000000000020464,0.03683020659622116,1,1,0.0,0.01173
440,2020-01-13 09:39:32,N,AAPL,312.8,2.0,312.82,1.0,1.0,-1.0,2020-01-13 09:39:32.337563,312.83,312.88,1,0.01999999999998181,0.0386131780438177,1,-1,0.3333333333333333,0.01173
441,2020-01-13 09:39:33,N,AAPL,312.83,1.0,312.88,4.0,0.0,2.0,2020-01-13 09:39:33.507969,312.85,312.88,0,0.05000000000001137,0.038373208949565196,1,1,-0.6,0.01173
442,2020-01-13 09:39:34,N,AAPL,312.85,1.0,312.88,1.0,0.0,-3.0,2020-01-13 09:39:34.375251,312.85,312.88,0,0.029999999999972715,0.038247317414516147,1,-1,0.0,0.01173
443,2020-01-13 09:39:35,N,AAPL,312.85,1.0,312.88,2.0,0.0,0.0,2020-01-13 09:39:35.000066,312.85,312.87,0,0.029999999999972715,0.042386680575646096,1,1,-0.3333333333333333,0.01173
444,2020-01-13 09:39:36,N,AAPL,312.85,1.0,312.87,2.0,0.0,0.0,2020-01-13 09:39:36.182385,312.84,312.87,0,0.01999999999998181,0.043204615894637755,1,-1,-0.3333333333333333,0.01173
445,2020-01-13 09:39:37,N,AAPL,312.84,2.0,312.87,2.0,1.0,0.0,2020-01-13 09:39:37.041092,312.89,312.93,1,0.03000000000002956,0.04274316939893197,1,1,0.0,0.01173
446,2020-01-13 09:39:40,N,AAPL,312.89,3.0,312.93,1.0,2.0,-2.0,2020-01-13 09:39:40.476861,312.83,312.86,-1,0.040000000000020464,0.043212893911629635,1,1,0.5,0.01173
447,2020-01-13 09:39:43,N,AAPL,312.83,4.0,312.86,4.0,-1.0,3.0,2020-01-13 09:39:43.214807,312.83,312.84,0,0.03000000000002956,0.043081782689796455,1,-1,0.0,0.01173
448,2020-01-13 09:39:46,N,AAPL,312.83,3.0,312.84,1.0,-1.0,-1.0,2020-01-13 09:39:46.391516,312.81,312.84,0,0.009999999999990905,0.044310873489678215,1,-1,0.5,0.01253
449,2020-01-13 09:39:47,N,AAPL,312.81,1.0,312.84,1.0,0.0,-1.0,2020-01-13 09:39:47.284440,312.82,312.86,0,0.029999999999972715,0.042630989202621095,1,1,0.0,0.01253
450,2020-01-13 09:39:48,N,AAPL,312.82,1.0,312.86,1.0,0.0,0.0,2020-01-13 09:39:48.167806,312.8,312.84,0,0.040000000000020464,0.04252758571760751,1,1,0.0,0.01253
451,2020-01-13 09:39:49,N,AAPL,312.8,2.0,312.84,4.0,0.0,3.0,2020-01-13 09:39:49.328237,312.79,312.82,0,0.03999999999996362,0.043974527133912034,1,-1,-0.3333333333333333,0.01253
452,2020-01-13 09:39:50,N,AAPL,312.79,2.0,312.82,2.0,1.0,1.0,2020-01-13 09:39:50.006348,312.81,312.84,0,0.029999999999972715,0.04426785646353437,1,-1,0.0,0.01253
453,2020-01-13 09:39:51,N,AAPL,312.81,2.0,312.84,2.0,1.0,0.0,2020-01-13 09:39:51.080763,312.77,312.8,-1,0.029999999999972715,0.04329181995859699,1,1,0.0,0.01253
454,2020-01-13 09:39:52,N,AAPL,312.77,3.0,312.8,5.0,2.0,3.0,2020-01-13 09:39:52.648643,312.76,312.79,0,0.03000000000002956,0.0427815614004885,1,1,-0.25,0.01253
455,2020-01-13 09:39:53,N,AAPL,312.76,2.0,312.79,1.0,0.0,-2.0,2020-01-13 09:39:53.044776,312.63,312.66,-1,0.03000000000002956,0.04187939769207105,1,1,0.3333333333333333,0.01253
456,2020-01-13 09:39:54,N,AAPL,312.63,2.0,312.66,1.0,1.0,0.0,2020-01-13 09:39:54.481159,312.61,312.63,0,0.03000000000002956,0.04205143540650624,1,1,0.3333333333333333,0.01253
457,2020-01-13 09:39:55,N,AAPL,312.61,1.0,312.63,3.0,0.0,1.0,2020-01-13 09:39:55.177378,312.6,312.62,0,0.01999999999998181,0.04294567941587957,1,-1,-0.5,0.01253
458,2020-01-13 09:39:56,N,AAPL,312.6,1.0,312.62,1.0,0.0,-1.0,2020-01-13 09:39:56.020839,312.65,312.69,1,0.01999999999998181,0.04485741632072404,1,1,0.0,0.01253
459,2020-01-13 09:39:57,N,AAPL,312.65,2.0,312.69,4.0,0.0,2.0,2020-01-13 09:39:57.779489,312.62,312.65,0,0.040000000000020464,0.04344562690022258,1,1,-0.3333333333333333,0.01253
460,2020-01-13 09:39:58,N,AAPL,312.62,1.0,312.65,3.0,-1.0,1.0,2020-01-13 09:39:58.632978,312.67,312.71,1,0.029999999999972715,0.042774347389581635,1,-1,-0.5,0.01253
461,2020-01-13 09:39:59,N,AAPL,312.67,2.0,312.71,2.0,0.0,0.0,2020-01-13 09:39:59.021062,312.63,312.67,0,0.03999999999996362,0.04472720897882709,1,1,0.0,0.01253
462,2020-01-13 09:40:00,N,AAPL,312.63,2.0,312.67,5.0,0.0,1.0,2020-01-13 09:40:00.145950,312.64,312.68,0,0.040000000000020464,0.047468670881983144,1,1,-0.42857142857142855,0.01253
463,2020-01-13 09:40:01,N,AAPL,312.64,1.0,312.68,2.0,-1.0,0.0,2020-01-13 09:40:01.390712,312.73,312.78,1,0.040000000000020464,0.04516297078481557,1,1,-0.3333333333333333,0.01253
464,2020-01-13 09:40:02,N,AAPL,312.73,1.0,312.78,3.0,0.0,1.0,2020-01-13 09:40:02.923208,312.72,312.76,0,0.049999999999954525,0.04263162498705242,1,1,-0.5,0.01253
465,2020-01-13 09:40:05,N,AAPL,312.72,3.0,312.76,2.0,2.0,-1.0,2020-01-13 09:40:05.018836,312.72,312.74,0,0.03999999999996362,0.04320073518914569,1,-1,0.2,0.01253
466,2020-01-13 09:40:06,N,AAPL,312.72,6.0,312.74,3.0,3.0,1.0,2020-01-13 09:40:06.517184,312.68,312.72,0,0.01999999999998181,0.04460224846638994,1,-1,0.3333333333333333,0.01253
467,2020-01-13 09:40:07,N,AAPL,312.68,2.0,312.72,2.0,-3.0,0.0,2020-01-13 09:40:07.305593,312.68,312.72,0,0.040000000000020464,0.04893346965098999,1,1,0.0,0.01253
468,2020-01-13 09:40:08,N,AAPL,312.68,1.0,312.72,3.0,-1.0,0.0,2020-01-13 09:40:08.010259,312.68,312.72,0,0.040000000000020464,0.04877049041539294,1,1,-0.5,0.01253
469,2020-01-13 09:40:09,N,AAPL,312.68,2.0,312.72,4.0,0.0,2.0,2020-01-13 09:40:09.007336,312.67,312.68,0,0.040000000000020464,0.04831680106036629,1,1,-0.3333333333333333,0.01253
470,2020-01-13 09:40:10,N,AAPL,312.67,1.0,312.68,4.0,-4.0,2.0,2020-01-13 09:40:10.674163,312.68,312.72,0,0.009999999999990905,0.04771910170825322,1,-1,-0.6,0.01253
471,2020-01-13 09:40:11,N,AAPL,312.68,3.0,312.72,2.0,1.0,0.0,2020-01-13 09:40:11.250815,312.66,312.7,0,0.040000000000020464,0.0483239891697167,1,1,0.2,0.01253
472,2020-01-13 09:40:12,N,AAPL,312.66,2.0,312.7,2.0,1.0,-3.0,2020-01-13 09:40:12.042274,312.61,312.63,-1,0.03999999999996362,0.04812962065670945,1,-1,0.0,0.01253
473,2020-01-13 09:40:13,N,AAPL,312.61,1.0,312.63,3.0,0.0,0.0,2020-01-13 09:40:13.666454,312.6,312.65,0,0.01999999999998181,0.04741945065023856,1,-1,-0.5,0.01253
474,2020-01-13 09:40:14,N,AAPL,312.6,3.0,312.65,4.0,0.0,2.0,2020-01-13 09:40:14.888597,312.6,312.65,0,0.049999999999954525,0.04742903487414196,1,1,-0.14285714285714285,0.01253
475,2020-01-13 09:40:15,N,AAPL,312.6,3.0,312.65,3.0,1.0,2.0,2020-01-13 09:40:15.202629,312.6,312.63,0,0.049999999999954525,0.04750837384636952,1,1,0.0,0.01253
476,2020-01-13 09:40:16,N,AAPL,312.6,3.0,312.63,2.0,0.0,0.0,2020-01-13 09:40:16.265230,312.51,312.54,-1,0.029999999999972715,0.04842300575876379,1,-1,0.2,0.01253
477,2020-01-13 09:40:17,N,AAPL,312.51,3.0,312.54,2.0,1.0,0.0,2020-01-13 09:40:17.493019,312.4,312.43,-1,0.03000000000002956,0.04891415222886053,1,1,0.2,0.01253
478,2020-01-13 09:40:18,N,AAPL,312.4,5.0,312.43,1.0,4.0,-2.0,2020-01-13 09:40:18.098884,312.41,312.44,0,0.03000000000002956,0.05132784224184661,1,1,0.6666666666666666,0.01253
479,2020-01-13 09:40:19,N,AAPL,312.41,2.0,312.44,3.0,0.0,1.0,2020-01-13 09:40:19.305621,312.4,312.42,0,0.029999999999972715,0.05108784969792168,1,-1,-0.2,0.01286
480,2020-01-13 09:40:20,N,AAPL,312.4,3.0,312.42,1.0,-2.0,0.0,2020-01-13 09:40:20.230528,312.44,312.47,1,0.020000000000038654,0.05226205884326873,1,-1,0.5,0.01286
481,2020-01-13 09:40:21,N,AAPL,312.44,1.0,312.47,1.0,-1.0,0.0,2020-01-13 09:40:21.337817,312.32,312.36,-1,0.03000000000002956,0.052942032692783414,1,1,0.0,0.01286
482,2020-01-13 09:40:24,N,AAPL,312.32,1.0,312.36,2.0,-1.0,1.0,2020-01-13 09:40:24.068297,312.31,312.35,0,0.040000000000020464,0.052128798503929374,1,1,-0.3333333333333333,0.01286
483,2020-01-13 09:40:27,N,AAPL,312.31,2.0,312.35,1.0,0.0,-1.0,2020-01-13 09:40:27.595245,312.31,312.33,0,0.040000000000020464,0.052030591788309266,1,1,0.3333333333333333,0.01286
484,2020-01-13 09:40:28,N,AAPL,312.31,1.0,312.33,3.0,-1.0,2.0,2020-01-13 09:40:28.192002,312.25,312.29,-1,0.01999999999998181,0.05100830162564307,1,-1,-0.5,0.01286
485,2020-01-13 09:40:29,N,AAPL,312.25,3.0,312.29,4.0,0.0,2.0,2020-01-13 09:40:29.143384,312.25,312.28,0,0.040000000000020464,0.05010517622565658,1,1,-0.14285714285714285,0.01286
486,2020-01-13 09:40:30,N,AAPL,312.25,1.0,312.28,1.0,0.0,-3.0,2020-01-13 09:40:30.516661,312.22,312.27,0,0.029999999999972715,0.05037934544310474,1,-1,0.0,0.01286
487,2020-01-13 09:40:31,N,AAPL,312.22,2.0,312.27,2.0,0.0,0.0,2020-01-13 09:40:31.121765,312.23,312.27,0,0.049999999999954525,0.05055514667492389,1,1,0.0,0.01286
488,2020-01-13 09:40:32,N,AAPL,312.23,1.0,312.27,2.0,0.0,0.0,2020-01-13 09:40:32.427521,312.26,312.29,0,0.03999999999996362,0.049741011963931214,1,-1,-0.3333333333333333,0.01286
489,2020-01-13 09:40:33,N,AAPL,312.26,5.0,312.29,3.0,4.0,1.0,2020-01-13 09:40:33.497667,312.26,312.29,0,0.03000000000002956,0.05125272169999562,1,-1,0.25,0.01286
490,2020-01-13 09:40:34,N,AAPL,312.26,2.0,312.29,2.0,-3.0,-1.0,2020-01-13 09:40:34.594771,312.25,312.28,0,0.03000000000002956,0.05156490938833258,1,1,0.0,0.01286
491,2020-01-13 09:40:36,N,AAPL,312.25,1.0,312.28,4.0,-1.0,2.0,2020-01-13 09:40:36.031372,312.27,312.28,0,0.029999999999972715,0.04914612895180426,1,-1,-0.6,0.01286
492,2020-01-13 09:40:37,N,AAPL,312.27,2.0,312.28,2.0,1.0,0.0,2020-01-13 09:40:37.557394,312.26,312.28,0,0.009999999999990905,0.04917683179803589,1,-1,0.0,0.01286
493,2020-01-13 09:40:38,N,AAPL,312.26,1.0,312.28,2.0,-2.0,0.0,2020-01-13 09:40:38.036218,312.25,312.27,0,0.01999999999998181,0.049010623479603055,1,1,-0.3333333333333333,0.01286
494,2020-01-13 09:40:39,N,AAPL,312.25,3.0,312.27,3.0,1.0,1.0,2020-01-13 09:40:39.133574,312.26,312.28,0,0.01999999999998181,0.045691605954459646,1,1,0.0,0.01286
495,2020-01-13 09:40:40,N,AAPL,312.26,3.0,312.28,2.0,2.0,1.0,2020-01-13 09:40:40.324825,312.26,312.29,0,0.01999999999998181,0.04684469875724062,1,1,0.2,0.01286
496,2020-01-13 09:40:41,N,AAPL,312.26,1.0,312.29,4.0,-1.0,0.0,2020-01-13 09:40:41.135347,312.29,312.3,0,0.03000000000002956,0.044795817333010746,1,1,-0.6,0.01286
497,2020-01-13 09:40:43,N,AAPL,312.29,3.0,312.3,2.0,1.0,-4.0,2020-01-13 09:40:43.514135,312.29,312.3,0,0.009999999999990905,0.04521782081172887,1,-1,0.2,0.01286
498,2020-01-13 09:40:44,N,AAPL,312.29,2.0,312.3,4.0,1.0,2.0,2020-01-13 09:40:44.654994,312.27,312.29,0,0.009999999999990905,0.04355769255863606,1,1,-0.3333333333333333,0.01286
499,2020-01-13 09:40:45,N,AAPL,312.27,2.0,312.29,5.0,0.0,1.0,2020-01-13 09:40:45.464000,312.25,312.28,0,0.020000000000038654,0.04167111370782095,1,1,-0.42857142857142855,0.01286
500,2020-01-13 09:40:47,N,AAPL,312.25,55.0,312.28,5.0,54.0,3.0,2020-01-13 09:40:47.897586,312.25,312.28,0,0.029999999999972715,0.07765425692588224,1,1,0.8333333333333334,0.01286
501,2020-01-13 09:40:48,N,AAPL,312.25,55.0,312.28,2.0,0.0,0.0,2020-01-13 09:40:48.229125,312.25,312.26,0,0.029999999999972715,0.1116311403171153,1,1,0.9298245614035088,0.01291
502,2020-01-13 09:40:49,N,AAPL,312.25,19.0,312.26,1.0,-36.0,-1.0,2020-01-13 09:40:49.559865,312.15,312.16,-1,0.009999999999990905,0.12229253627509706,1,-1,0.9,0.01291
503,2020-01-13 09:40:50,N,AAPL,312.15,1.0,312.16,1.0,-1.0,0.0,2020-01-13 09:40:50.503181,312.17,312.2,1,0.010000000000047748,0.12229863482764358,1,1,0.0,0.01291
504,2020-01-13 09:40:51,N,AAPL,312.17,3.0,312.2,2.0,1.0,1.0,2020-01-13 09:40:51.316579,312.16,312.2,0,0.029999999999972715,0.12279101899042644,1,1,0.2,0.01291
505,2020-01-13 09:40:52,N,AAPL,312.16,1.0,312.2,4.0,0.0,2.0,2020-01-13 09:40:52.205348,312.11,312.15,-1,0.03999999999996362,0.12072708875882654,1,1,-0.6,0.01291
506,2020-01-13 09:40:53,N,AAPL,312.11,2.0,312.15,3.0,1.0,2.0,2020-01-13 09:40:53.046758,312.15,312.2,0,0.03999999999996362,0.1198637756235712,1,1,-0.2,0.01291
507,2020-01-13 09:40:54,N,AAPL,312.15,3.0,312.2,4.0,1.0,3.0,2020-01-13 09:40:54.327552,312.15,312.18,0,0.05000000000001137,0.12022771638248742,1,1,-0.14285714285714285,0.01291
508,2020-01-13 09:40:55,N,AAPL,312.15,1.0,312.18,5.0,-2.0,2.0,2020-01-13 09:40:55.572465,312.13,312.15,0,0.03000000000002956,0.11713973938401523,1,-1,-0.6666666666666666,0.01291
509,2020-01-13 09:40:56,N,AAPL,312.13,4.0,312.15,1.0,3.0,-1.0,2020-01-13 09:40:56.168292,312.15,312.19,0,0.01999999999998181,0.11940136966626369,1,-1,0.6,0.01291
510,2020-01-13 09:40:57,N,AAPL,312.15,2.0,312.19,3.0,-2.0,1.0,2020-01-13 09:40:57.075371,312.17,312.18,0,0.040000000000020464,0.11871729345222093,1,1,-0.2,0.01291
511,2020-01-13 09:40:58,N,AAPL,312.17,2.0,312.18,2.0,-2.0,0.0,2020-01-13 09:40:58.420347,312.15,312.19,0,0.009999999999990905,0.11869611670442737,1,-1,0.0,0.01291
512,2020-01-13 09:40:59,N,AAPL,312.15,2.0,312.19,2.0,-1.0,1.0,2020-01-13 09:40:59.001741,312.2,312.22,1,0.040000000000020464,0.11911187371310916,1,1,0.0,0.01291
513,2020-01-13 09:41:00,N,AAPL,312.2,2.0,312.22,2.0,0.0,1.0,2020-01-13 09:41:00.718166,312.15,312.19,-1,0.020000000000038654,0.12002515113749723,1,-1,0.0,0.01291
514,2020-01-13 09:41:02,N,AAPL,312.15,2.0,312.19,3.0,0.0,2.0,2020-01-13 09:41:02.056378,312.21,312.25,1,0.040000000000020464,0.11972758313368104,1,1,-0.2,0.01291
515,2020-01-13 09:41:03,N,AAPL,312.21,1.0,312.25,1.0,-1.0,0.0,2020-01-13 09:41:03.088095,312.2,312.23,0,0.040000000000020464,0.11940255893091489,1,1,0.0,0.01291
516,2020-01-13 09:41:05,N,AAPL,312.2,2.0,312.23,5.0,-1.0,3.0,2020-01-13 09:41:05.476551,312.18,312.21,0,0.03000000000002956,0.11839508975219815,1,-1,-0.42857142857142855,0.01291
517,2020-01-13 09:41:06,N,AAPL,312.18,2.0,312.21,1.0,0.0,-2.0,2020-01-13 09:41:06.787916,312.18,312.19,0,0.029999999999972715,0.12017758745673746,1,-1,0.3333333333333333,0.01554
518,2020-01-13 09:41:08,N,AAPL,312.18,3.0,312.19,2.0,1.0,-2.0,2020-01-13 09:41:08.528655,312.18,312.23,0,0.009999999999990905,0.12040992848352516,1,-1,0.2,0.01554
519,2020-01-13 09:41:09,N,AAPL,312.18,5.0,312.23,3.0,0.0,1.0,2020-01-13 09:41:09.221354,312.18,312.19,0,0.05000000000001137,0.12209205637350351,1,1,0.25,0.01554
520,2020-01-13 09:41:12,N,AAPL,312.18,2.0,312.19,1.0,-1.0,-2.0,2020-01-13 09:41:12.434388,312.17,312.21,0,0.009999999999990905,0.12282642008455014,1,-1,0.3333333333333333,0.01554
521,2020-01-13 09:41:13,N,AAPL,312.17,2.0,312.21,2.0,1.0,1.0,2020-01-13 09:41:13.432097,312.21,312.23,0,0.03999999999996362,0.12312980555185504,1,1,0.0,0.01554
522,2020-01-13 09:41:14,N,AAPL,312.21,2.0,312.23,1.0,-1.0,-1.0,2020-01-13 09:41:14.173954,312.19,312.22,0,0.020000000000038654,0.12371590887710227,1,-1,0.3333333333333333,0.01554
523,2020-01-13 09:41:15,N,AAPL,312.19,2.0,312.22,2.0,-1.0,1.0,2020-01-13 09:41:15.053158,312.17,312.19,0,0.03000000000002956,0.12366938179167164,1,1,0.0,0.01554
524,2020-01-13 09:41:16,N,AAPL,312.17,3.0,312.19,3.0,0.0,1.0,2020-01-13 09:41:16.041816,312.19,312.21,0,0.01999999999998181,0.12345179103596138,1,-1,0.0,0.01554
525,2020-01-13 09:41:17,N,AAPL,312.19,1.0,312.21,3.0,-2.0,-3.0,2020-01-13 09:41:17.894068,312.21,312.24,0,0.01999999999998181,0.12208343725984605,1,1,-0.5,0.01554
526,2020-01-13 09:41:18,N,AAPL,312.21,3.0,312.24,2.0,2.0,-1.0,2020-01-13 09:41:18.249283,312.29,312.33,1,0.03000000000002956,0.12269059526329329,1,1,0.2,0.01554
527,2020-01-13 09:41:19,N,AAPL,312.29,3.0,312.33,3.0,1.0,2.0,2020-01-13 09:41:19.124044,312.28,312.31,0,0.03999999999996362,0.12266097814045906,1,1,0.0,0.01554
528,2020-01-13 09:41:20,N,AAPL,312.28,1.0,312.31,3.0,0.0,1.0,2020-01-13 09:41:20.064917,312.27,312.29,0,0.03000000000002956,0.12151739146696627,1,-1,-0.5,0.01554
529,2020-01-13 09:41:21,N,AAPL,312.27,1.0,312.29,1.0,-1.0,-1.0,2020-01-13 09:41:21.096671,312.27,312.29,0,0.020000000000038654,0.12160329483515397,1,-1,0.0,0.01554
530,2020-01-13 09:41:22,N,AAPL,312.27,1.0,312.29,3.0,0.0,1.0,2020-01-13 09:41:22.318776,312.22,312.26,-1,0.020000000000038654,0.1203626284341226,1,1,-0.5,0.01554
531,2020-01-13 09:41:23,N,AAPL,312.22,3.0,312.26,4.0,1.0,0.0,2020-01-13 09:41:23.063288,312.25,312.29,0,0.03999999999996362,0.11951893123551827,1,1,-0.14285714285714285,0.01554
532,2020-01-13 09:41:24,N,AAPL,312.25,6.0,312.29,4.0,4.0,1.0,2020-01-13 09:41:24.870487,312.25,312.29,0,0.040000000000020464,0.12241170329230044,1,1,0.2,0.01554
533,2020-01-13 09:41:25,N,AAPL,312.25,6.0,312.29,6.0,0.0,2.0,2020-01-13 09:41:25.279332,312.24,312.29,0,0.040000000000020464,0.12419668408591633,1,1,0.0,0.01554
534,2020-01-13 09:41:26,N,AAPL,312.24,2.0,312.29,3.0,-4.0,0.0,2020-01-13 09:41:26.236353,312.24,312.28,0,0.05000000000001137,0.12387340000123004,1,1,-0.2,0.01554
535,2020-01-13 09:41:27,N,AAPL,312.24,1.0,312.28,5.0,-1.0,2.0,2020-01-13 09:41:27.435719,312.29,312.31,1,0.03999999999996362,0.12190852646102712,1,-1,-0.6666666666666666,0.01554
536,2020-01-13 09:41:29,N,AAPL,312.29,2.0,312.31,2.0,1.0,0.0,2020-01-13 09:41:29.157224,312.33,312.35,1,0.01999999999998181,0.12200327930833055,1,-1,0.0,0.01554
537,2020-01-13 09:41:30,N,AAPL,312.33,1.0,312.35,2.0,-1.0,0.0,2020-01-13 09:41:30.368828,312.33,312.35,0,0.020000000000038654,0.12149250410095647,1,1,-0.3333333333333333,0.01554
538,2020-01-13 09:41:31,N,AAPL,312.33,2.0,312.35,2.0,-1.0,1.0,2020-01-13 09:41:31.629542,312.39,312.44,1,0.020000000000038654,0.12204793028325867,1,1,0.0,0.01554
539,2020-01-13 09:41:32,N,AAPL,312.39,2.0,312.44,3.0,0.0,1.0,2020-01-13 09:41:32.095398,312.32,312.36,-1,0.05000000000001137,0.12102526831290561,1,1,-0.2,0.01554
540,2020-01-13 09:41:33,N,AAPL,312.32,2.0,312.36,2.0,1.0,1.0,2020-01-13 09:41:33.072355,312.34,312.39,0,0.040000000000020464,0.08410897435908282,1,-1,0.0,0.01554
541,2020-01-13 09:41:34,N,AAPL,312.34,3.0,312.39,2.0,-2.0,1.0,2020-01-13 09:41:34.011378,312.34,312.37,0,0.05000000000001137,0.08414786223289639,1,1,0.2,0.01554
542,2020-01-13 09:41:35,N,AAPL,312.34,2.0,312.37,2.0,1.0,1.0,2020-01-13 09:41:35.717572,312.35,312.38,0,0.03000000000002956,0.08366077131643124,1,-1,0.0,0.01554
543,2020-01-13 09:41:36,N,AAPL,312.35,3.0,312.38,1.0,1.0,-1.0,2020-01-13 09:41:36.212159,312.34,312.38,0,0.029999999999972715,0.08445202874054303,1,-1,0.5,0.01554
544,2020-01-13 09:41:37,N,AAPL,312.34,2.0,312.38,1.0,0.0,0.0,2020-01-13 09:41:37.013115,312.43,312.46,1,0.040000000000020464,0.07507307424265264,0,1,0.3333333333333333,0.01554
545,2020-01-13 09:41:38,N,AAPL,312.43,2.0,312.46,1.0,1.0,0.0,2020-01-13 09:41:38.862875,312.43,312.48,0,0.029999999999972715,0.06562771517849342,1,-1,0.3333333333333333,0.01554
546,2020-01-13 09:41:39,N,AAPL,312.43,6.0,312.48,1.0,3.0,-1.0,2020-01-13 09:41:39.019875,312.46,312.48,0,0.05000000000001137,0.06774035686009938,1,1,0.7142857142857143,0.01554
547,2020-01-13 09:41:40,N,AAPL,312.46,3.0,312.48,1.0,2.0,-3.0,2020-01-13 09:41:40.051202,312.46,312.5,0,0.020000000000038654,0.06797747183992442,1,-1,0.5,0.01568
548,2020-01-13 09:41:41,N,AAPL,312.46,2.0,312.5,10.0,-1.0,9.0,2020-01-13 09:41:41.396120,312.46,312.49,0,0.040000000000020464,0.06409736795626486,1,1,-0.6666666666666666,0.01568
549,2020-01-13 09:41:42,N,AAPL,312.46,2.0,312.49,4.0,0.0,-6.0,2020-01-13 09:41:42.266732,312.39,312.43,-1,0.03000000000002956,0.06398077248508116,1,-1,-0.3333333333333333,0.01568
550,2020-01-13 09:41:43,N,AAPL,312.39,3.0,312.43,1.0,-6.0,-1.0,2020-01-13 09:41:43.339757,312.37,312.42,0,0.040000000000020464,0.06408911269778628,1,1,0.5,0.01568
551,2020-01-13 09:41:44,N,AAPL,312.37,3.0,312.42,3.0,0.0,1.0,2020-01-13 09:41:44.102127,312.29,312.34,-1,0.05000000000001137,0.06360729529245646,1,1,0.0,0.01568
552,2020-01-13 09:41:45,N,AAPL,312.29,2.0,312.34,3.0,0.0,0.0,2020-01-13 09:41:45.040724,312.26,312.3,0,0.049999999999954525,0.06258515783002849,1,-1,-0.2,0.01568
553,2020-01-13 09:41:46,N,AAPL,312.26,1.0,312.3,3.0,-4.0,2.0,2020-01-13 09:41:46.003927,312.23,312.26,0,0.040000000000020464,0.061190266799371784,1,-1,-0.5,0.01568
554,2020-01-13 09:41:47,N,AAPL,312.23,2.0,312.26,1.0,0.0,-2.0,2020-01-13 09:41:47.559053,312.28,312.31,1,0.029999999999972715,0.06152334531435599,1,-1,0.3333333333333333,0.01568
555,2020-01-13 09:41:48,N,AAPL,312.28,2.0,312.31,3.0,0.0,1.0,2020-01-13 09:41:48.275034,312.31,312.35,0,0.03000000000002956,0.060927058667004985,1,1,-0.2,0.01568
556,2020-01-13 09:41:49,N,AAPL,312.31,2.0,312.35,1.0,-1.0,0.0,2020-01-13 09:41:49.148066,312.32,312.36,0,0.040000000000020464,0.06147758835231798,1,1,0.3333333333333333,0.01568
557,2020-01-13 09:41:50,N,AAPL,312.32,2.0,312.36,2.0,1.0,0.0,2020-01-13 09:41:50.268132,312.38,312.41,1,0.040000000000020464,0.06115912026524484,1,1,0.0,0.01568
558,2020-01-13 09:41:52,N,AAPL,312.38,3.0,312.41,1.0,0.0,-1.0,2020-01-13 09:41:52.023996,312.37,312.38,0,0.03000000000002956,0.06023663373269983,1,-1,0.5,0.01568
559,2020-01-13 09:41:53,N,AAPL,312.37,1.0,312.38,3.0,-1.0,1.0,2020-01-13 09:41:53.951236,312.35,312.38,0,0.009999999999990905,0.05920959585358787,1,-1,-0.5,0.01568
560,2020-01-13 09:41:54,N,AAPL,312.35,3.0,312.38,4.0,2.0,2.0,2020-01-13 09:41:54.542046,312.31,312.34,-1,0.029999999999972715,0.05814731448913335,1,1,-0.14285714285714285,0.01568
561,2020-01-13 09:41:55,N,AAPL,312.31,4.0,312.34,4.0,0.0,1.0,2020-01-13 09:41:55.918026,312.28,312.32,0,0.029999999999972715,0.057800807327964776,1,1,0.0,0.01568
562,2020-01-13 09:41:56,N,AAPL,312.28,1.0,312.32,2.0,-3.0,0.0,2020-01-13 09:41:56.040353,312.3,312.34,0,0.040000000000020464,0.057331297230689415,1,1,-0.3333333333333333,0.01568
563,2020-01-13 09:41:57,N,AAPL,312.3,3.0,312.34,4.0,1.0,2.0,2020-01-13 09:41:57.280909,312.3,312.35,0,0.03999999999996362,0.056122317541223765,1,-1,-0.14285714285714285,0.01568
564,2020-01-13 09:41:58,N,AAPL,312.3,3.0,312.35,1.0,1.0,-2.0,2020-01-13 09:41:58.103492,312.34,312.39,0,0.05000000000001137,0.05671261682226714,1,1,0.5,0.01568
565,2020-01-13 09:41:59,N,AAPL,312.34,4.0,312.39,4.0,2.0,2.0,2020-01-13 09:41:59.240491,312.33,312.37,0,0.05000000000001137,0.05572727272726752,1,1,0.0,0.01568
566,2020-01-13 09:42:00,N,AAPL,312.33,1.0,312.37,2.0,-1.0,0.0,2020-01-13 09:42:00.071622,312.27,312.28,-1,0.040000000000020464,0.05500082366660308,1,-1,-0.3333333333333333,0.01568
567,2020-01-13 09:42:01,N,AAPL,312.27,6.0,312.28,1.0,5.0,-1.0,2020-01-13 09:42:01.436648,312.2,312.22,-1,0.009999999999990905,0.05717973586200742,1,-1,0.7142857142857143,0.01568
568,2020-01-13 09:42:03,N,AAPL,312.2,3.0,312.22,1.0,-5.0,0.0,2020-01-13 09:42:03.192302,312.21,312.23,0,0.020000000000038654,0.05798740074573061,1,1,0.5,0.01568
569,2020-01-13 09:42:04,N,AAPL,312.21,1.0,312.23,1.0,-4.0,0.0,2020-01-13 09:42:04.245520,312.2,312.24,0,0.020000000000038654,0.05764161369586418,1,1,0.0,0.01568
570,2020-01-13 09:42:05,N,AAPL,312.2,2.0,312.24,3.0,0.0,2.0,2020-01-13 09:42:05.035631,312.16,312.19,-1,0.040000000000020464,0.05649254421888372,1,1,-0.2,0.01568
571,2020-01-13 09:42:06,N,AAPL,312.16,2.0,312.19,1.0,-5.0,0.0,2020-01-13 09:42:06.039648,312.15,312.17,0,0.029999999999972715,0.05650552547916732,1,-1,0.3333333333333333,0.01568
572,2020-01-13 09:42:07,N,AAPL,312.15,3.0,312.17,1.0,0.0,-1.0,2020-01-13 09:42:07.506038,312.13,312.17,0,0.020000000000038654,0.05731004093848924,1,-1,0.5,0.01568
573,2020-01-13 09:42:09,N,AAPL,312.13,4.0,312.17,3.0,1.0,2.0,2020-01-13 09:42:09.209536,312.1,312.13,0,0.040000000000020464,0.057505773672119176,1,1,0.14285714285714285,0.01568
574,2020-01-13 09:42:10,N,AAPL,312.1,15.0,312.13,1.0,1.0,0.0,2020-01-13 09:42:10.132446,312.13,312.17,0,0.029999999999972715,0.06624469696970436,1,-1,0.875,0.01568
575,2020-01-13 09:42:11,N,AAPL,312.13,2.0,312.17,3.0,1.0,0.0,2020-01-13 09:42:11.162642,312.1,312.13,0,0.040000000000020464,0.06485993813873847,1,1,-0.2,0.01582
576,2020-01-13 09:42:12,N,AAPL,312.1,2.0,312.13,1.0,0.0,-1.0,2020-01-13 09:42:12.100855,312.15,312.18,1,0.029999999999972715,0.06568971568373172,1,-1,0.3333333333333333,0.01582
577,2020-01-13 09:42:14,N,AAPL,312.15,2.0,312.18,1.0,0.0,-2.0,2020-01-13 09:42:14.019862,312.14,312.18,0,0.03000000000002956,0.06653364361881131,1,1,0.3333333333333333,0.01582
578,2020-01-13 09:42:16,N,AAPL,312.14,1.0,312.18,2.0,0.0,-2.0,2020-01-13 09:42:16.106264,312.18,312.21,0,0.040000000000020464,0.0664415425735001,1,1,-0.3333333333333333,0.01582
579,2020-01-13 09:42:17,N,AAPL,312.18,1.0,312.21,3.0,0.0,2.0,2020-01-13 09:42:17.041247,312.18,312.23,0,0.029999999999972715,0.06457487378537508,1,-1,-0.5,0.01582
580,2020-01-13 09:42:18,N,AAPL,312.18,2.0,312.23,2.0,-1.0,1.0,2020-01-13 09:42:18.012112,312.17,312.21,0,0.05000000000001137,0.06417408180072925,1,1,0.0,0.01582
581,2020-01-13 09:42:19,N,AAPL,312.17,4.0,312.21,2.0,2.0,-1.0,2020-01-13 09:42:19.139439,312.2,312.24,0,0.03999999999996362,0.0651250063211819,1,-1,0.3333333333333333,0.01582
582,2020-01-13 09:42:20,N,AAPL,312.2,4.0,312.24,2.0,3.0,1.0,2020-01-13 09:42:20.099113,312.19,312.2,0,0.040000000000020464,0.06480843363760869,1,1,0.3333333333333333,0.01582
583,2020-01-13 09:42:21,N,AAPL,312.19,1.0,312.2,2.0,-3.0,0.0,2020-01-13 09:42:21.137494,312.18,312.2,0,0.009999999999990905,0.06343913008316804,1,-1,-0.3333333333333333,0.01582
584,2020-01-13 09:42:22,N,AAPL,312.18,1.0,312.2,2.0,0.0,1.0,2020-01-13 09:42:22.551643,312.16,312.21,0,0.01999999999998181,0.06219125052984964,1,1,-0.3333333333333333,0.01582
585,2020-01-13 09:42:23,N,AAPL,312.16,3.0,312.21,2.0,1.0,0.0,2020-01-13 09:42:23.201443,312.14,312.19,0,0.049999999999954525,0.0638453842594231,1,1,0.2,0.01582
586,2020-01-13 09:42:24,N,AAPL,312.14,2.0,312.19,3.0,0.0,1.0,2020-01-13 09:42:24.121004,312.21,312.26,1,0.05000000000001137,0.06395932318969244,1,1,-0.2,0.01582
587,2020-01-13 09:42:25,N,AAPL,312.21,4.0,312.26,2.0,1.0,1.0,2020-01-13 09:42:25.023590,312.26,312.3,0,0.05000000000001137,0.06452540578692378,1,1,0.3333333333333333,0.01582
588,2020-01-13 09:42:26,N,AAPL,312.26,1.0,312.3,4.0,-1.0,2.0,2020-01-13 09:42:26.222588,312.32,312.34,1,0.040000000000020464,0.06600171963191315,1,-1,-0.6,0.01582
589,2020-01-13 09:42:27,N,AAPL,312.32,2.0,312.34,2.0,-2.0,1.0,2020-01-13 09:42:27.290388,312.33,312.39,0,0.01999999999998181,0.06603306698394817,1,-1,0.0,0.01582
590,2020-01-13 09:42:28,N,AAPL,312.33,3.0,312.39,2.0,1.0,1.0,2020-01-13 09:42:28.161280,312.33,312.36,0,0.060000000000002274,0.0665073268830838,1,1,0.2,0.01582
591,2020-01-13 09:42:29,N,AAPL,312.33,2.0,312.36,3.0,0.0,2.0,2020-01-13 09:42:29.047694,312.31,312.36,0,0.03000000000002956,0.0655236602033824,1,-1,-0.2,0.01582
