,last_interval,Exchange,Symbol,Best_Bid_Price,FB0,Best_Offer_Price,FA0,FB2,FA2,p_time,Next_Best_Bid,Next_Best_Offer,outcome,Spread,AWS,Anomaly,Spread Change,Quote IMB,VPIN
0,2020-01-27 09:30:03,N,AAPL,309.6,1.0,309.73,1.0,-36.0,0.0,2020-01-27 09:30:03.135154,309.83,309.85,1,0.12999999999999545,0.12999999999999545,0,0,0.0,0.00312
1,2020-01-27 09:30:04,N,AAPL,309.83,1.0,309.85,1.0,0.0,-2.0,2020-01-27 09:30:04.016527,309.0,309.33,-1,0.020000000000038654,0.07499999999998863,0,-1,0.0,0.00312
2,2020-01-27 09:30:05,N,AAPL,309.0,224.0,309.33,1.0,223.0,0.0,2020-01-27 09:30:05.811180,309.0,309.32,0,0.3299999999999841,0.6303392330383986,1,1,0.9911111111111112,0.00312
3,2020-01-27 09:30:06,N,AAPL,309.0,135.0,309.32,2.0,-89.0,1.0,2020-01-27 09:30:06.623526,309.0,309.28,0,0.3199999999999932,0.506038781163511,0,-1,0.9708029197080292,0.00645
4,2020-01-27 09:30:07,N,AAPL,309.0,42.0,309.28,1.0,41.0,0.0,2020-01-27 09:30:07.131806,309.1,309.31,0,0.2799999999999727,0.46811827956992147,0,-1,0.9534883720930233,0.00978
5,2020-01-27 09:30:08,N,AAPL,309.1,1.0,309.31,1.0,-4.0,0.0,2020-01-27 09:30:08.023166,309.0,309.12,0,0.20999999999997954,0.4447842998586111,0,-1,0.0,0.00978
6,2020-01-27 09:30:09,N,AAPL,309.0,5.0,309.12,2.0,4.0,1.0,2020-01-27 09:30:09.849361,308.7,308.86,-1,0.12000000000000455,0.3718147242597638,0,-1,0.42857142857142855,0.00978
7,2020-01-27 09:30:13,N,AAPL,308.7,2.0,308.86,1.0,-3.0,-1.0,2020-01-27 09:30:13.804076,308.6,308.81,0,0.160000000000025,0.3217372262773779,0,1,0.3333333333333333,0.00978
8,2020-01-27 09:30:15,N,AAPL,308.6,1.0,308.81,1.0,-1.0,0.0,2020-01-27 09:30:15.864208,308.77,308.87,0,0.20999999999997954,0.2759863195057619,0,1,0.0,0.00978
9,2020-01-27 09:30:17,N,AAPL,308.77,1.0,308.87,2.0,0.0,1.0,2020-01-27 09:30:17.173423,308.82,308.92,0,0.10000000000002274,0.21388899236359293,1,-1,-0.3333333333333333,0.00978
10,2020-01-27 09:30:19,N,AAPL,308.82,1.0,308.92,1.0,0.0,-1.0,2020-01-27 09:30:19.096568,308.86,308.88,0,0.10000000000002274,0.19328157349895037,1,1,0.0,0.00978
11,2020-01-27 09:30:20,N,AAPL,308.86,4.0,308.88,1.0,3.0,0.0,2020-01-27 09:30:20.413436,309.11,309.17,1,0.01999999999998181,0.17371929824560084,1,-1,0.6,0.00978
12,2020-01-27 09:30:21,N,AAPL,309.11,2.0,309.17,3.0,1.0,2.0,2020-01-27 09:30:21.021675,309.03,309.13,0,0.060000000000002274,0.17274603174598724,1,1,-0.2,0.01301
13,2020-01-27 09:30:22,N,AAPL,309.03,2.0,309.13,1.0,0.0,0.0,2020-01-27 09:30:22.061415,308.96,309.1,0,0.10000000000002274,0.1703791469194016,1,1,0.3333333333333333,0.01301
14,2020-01-27 09:30:23,N,AAPL,308.96,4.0,309.1,2.0,1.0,0.0,2020-01-27 09:30:23.005265,308.95,309.04,0,0.1400000000000432,0.16408450704221877,1,1,0.3333333333333333,0.01301
15,2020-01-27 09:30:24,N,AAPL,308.95,1.0,309.04,2.0,-1.0,1.0,2020-01-27 09:30:24.138459,309.03,309.14,0,0.09000000000003183,0.15347520619081934,1,-1,-0.3333333333333333,0.01301
16,2020-01-27 09:30:25,N,AAPL,309.03,2.0,309.14,3.0,-2.0,0.0,2020-01-27 09:30:25.112246,309.13,309.16,0,0.11000000000001364,0.15187645687649365,1,1,-0.2,0.01301
17,2020-01-27 09:30:26,N,AAPL,309.13,1.0,309.16,2.0,-3.0,-1.0,2020-01-27 09:30:26.631810,308.76,308.92,-1,0.03000000000002956,0.15220431893686737,1,-1,-0.3333333333333333,0.01301
18,2020-01-27 09:30:27,N,AAPL,308.76,4.0,308.92,2.0,2.0,0.0,2020-01-27 09:30:27.217906,308.83,309.01,0,0.160000000000025,0.13896006144386774,1,1,0.3333333333333333,0.01301
19,2020-01-27 09:30:28,N,AAPL,308.83,2.0,309.01,4.0,0.0,0.0,2020-01-27 09:30:28.071098,308.76,308.92,0,0.18000000000000682,0.12486508364810334,1,1,-0.3333333333333333,0.01301
20,2020-01-27 09:30:29,N,AAPL,308.76,2.0,308.92,2.0,0.0,0.0,2020-01-27 09:30:29.053646,308.91,308.97,0,0.160000000000025,0.11475266362253933,1,-1,0.0,0.01301
21,2020-01-27 09:30:30,N,AAPL,308.91,1.0,308.97,2.0,-1.0,1.0,2020-01-27 09:30:30.168239,308.91,309.05,0,0.060000000000002274,0.10756444071455462,1,-1,-0.3333333333333333,0.01301
22,2020-01-27 09:30:31,N,AAPL,308.91,3.0,309.05,1.0,-1.0,-1.0,2020-01-27 09:30:31.117932,308.94,309.07,0,0.13999999999998636,0.10678733031670617,1,1,0.5,0.01301
23,2020-01-27 09:30:32,N,AAPL,308.94,2.0,309.07,1.0,1.0,0.0,2020-01-27 09:30:32.008897,308.51,308.59,-1,0.12999999999999545,0.10624549549544327,1,-1,0.3333333333333333,0.01301
24,2020-01-27 09:30:33,N,AAPL,308.51,1.0,308.59,4.0,0.0,3.0,2020-01-27 09:30:33.037806,308.24,308.41,-1,0.07999999999998408,0.06090245148101303,1,-1,-0.6,0.01301
25,2020-01-27 09:30:34,N,AAPL,308.24,1.0,308.41,1.0,-33.0,0.0,2020-01-27 09:30:34.167463,308.1,308.18,-1,0.17000000000001592,0.04827354260083894,1,1,0.0,0.01301
26,2020-01-27 09:30:35,N,AAPL,308.1,4.0,308.18,2.0,-6.0,0.0,2020-01-27 09:30:35.033637,308.04,308.16,0,0.07999999999998408,0.019604255319165986,1,-1,0.3333333333333333,0.01301
27,2020-01-27 09:30:36,N,AAPL,308.04,2.0,308.16,2.0,-9.0,0.0,2020-01-27 09:30:36.656654,308.24,308.35,1,0.12000000000000455,-0.01064430196856847,1,1,0.0,0.01634
28,2020-01-27 09:30:37,N,AAPL,308.24,2.0,308.35,2.0,1.0,0.0,2020-01-27 09:30:37.079815,308.3,308.43,0,0.11000000000001364,-0.03165975641354635,1,-1,0.0,0.01634
29,2020-01-27 09:30:38,N,AAPL,308.3,1.0,308.43,4.0,0.0,3.0,2020-01-27 09:30:38.132425,308.23,308.3,0,0.12999999999999545,-0.06760639360635423,1,1,-0.6,0.01634
30,2020-01-27 09:30:39,N,AAPL,308.23,1.0,308.3,2.0,-2.0,0.0,2020-01-27 09:30:39.010246,308.21,308.29,0,0.06999999999999318,-0.08728070175442326,1,-1,-0.3333333333333333,0.01634
31,2020-01-27 09:30:40,N,AAPL,308.21,4.0,308.29,2.0,2.0,-2.0,2020-01-27 09:30:40.025966,308.08,308.19,-1,0.08000000000004093,-0.10084598378779219,1,1,0.3333333333333333,0.01634
32,2020-01-27 09:30:41,N,AAPL,308.08,4.0,308.19,2.0,2.0,-3.0,2020-01-27 09:30:41.247995,308.04,308.14,0,0.11000000000001364,-0.11535895986435207,1,1,0.3333333333333333,0.01634
33,2020-01-27 09:30:42,N,AAPL,308.04,2.0,308.14,3.0,0.0,2.0,2020-01-27 09:30:42.003251,308.01,308.05,0,0.0999999999999659,-0.14439645922749378,1,-1,-0.2,0.01634
34,2020-01-27 09:30:43,N,AAPL,308.01,3.0,308.05,4.0,0.0,2.0,2020-01-27 09:30:43.015719,307.56,307.67,-1,0.040000000000020464,-0.1830941929010237,1,-1,-0.14285714285714285,0.01634
35,2020-01-27 09:30:44,N,AAPL,307.56,6.0,307.67,2.0,-80.0,-1.0,2020-01-27 09:30:44.544800,307.68,307.82,1,0.11000000000001364,-0.19686015037592597,1,1,0.5,0.01634
36,2020-01-27 09:30:45,N,AAPL,307.68,1.0,307.82,2.0,-1.0,0.0,2020-01-27 09:30:45.234067,307.66,307.79,0,0.13999999999998636,-0.21963585434167499,1,1,-0.3333333333333333,0.01634
37,2020-01-27 09:30:46,N,AAPL,307.66,10.0,307.79,4.0,9.0,2.0,2020-01-27 09:30:46.034025,307.8,307.93,1,0.12999999999999545,-0.24190599956676806,1,-1,0.42857142857142855,0.01634
38,2020-01-27 09:30:47,N,AAPL,307.8,4.0,307.93,2.0,-6.0,0.0,2020-01-27 09:30:47.172785,307.7,307.76,-1,0.12999999999999545,-0.25164259549973167,1,1,0.3333333333333333,0.01946
39,2020-01-27 09:30:48,N,AAPL,307.7,2.0,307.76,1.0,-2.0,-1.0,2020-01-27 09:30:48.065353,307.66,307.77,0,0.060000000000002274,-0.2579553874652447,1,-1,0.3333333333333333,0.01946
40,2020-01-27 09:30:49,N,AAPL,307.66,12.0,307.77,3.0,0.0,-1.0,2020-01-27 09:30:49.030511,307.59,307.64,-1,0.1099999999999568,-0.26019308943091346,1,1,0.6,0.01946
41,2020-01-27 09:30:50,N,AAPL,307.59,2.0,307.64,2.0,0.0,1.0,2020-01-27 09:30:50.113481,307.51,307.74,0,0.05000000000001137,-0.27801759834369477,1,-1,0.0,0.01946
42,2020-01-27 09:30:51,N,AAPL,307.51,2.0,307.74,2.0,0.0,0.0,2020-01-27 09:30:51.022008,307.77,307.91,1,0.2300000000000182,-0.2921786302874807,1,1,0.0,0.01946
43,2020-01-27 09:30:52,N,AAPL,307.77,2.0,307.91,3.0,0.0,0.0,2020-01-27 09:30:52.018903,307.7,307.84,0,0.1400000000000432,-0.3097583168098481,1,-1,-0.2,0.01946
44,2020-01-27 09:30:53,N,AAPL,307.7,4.0,307.84,2.0,0.0,0.0,2020-01-27 09:30:53.019195,307.52,307.62,-1,0.13999999999998636,-0.3161284046692572,1,-1,0.3333333333333333,0.01946
45,2020-01-27 09:30:54,N,AAPL,307.52,2.0,307.62,1.0,1.0,0.0,2020-01-27 09:30:54.291368,307.61,307.67,0,0.10000000000002274,-0.3208097404786372,1,-1,0.3333333333333333,0.01946
46,2020-01-27 09:30:55,N,AAPL,307.61,4.0,307.67,1.0,3.0,-3.0,2020-01-27 09:30:55.093355,307.81,307.93,1,0.060000000000002274,-0.32045181968572933,1,-1,0.6,0.01946
47,2020-01-27 09:30:56,N,AAPL,307.81,2.0,307.93,2.0,0.0,1.0,2020-01-27 09:30:56.165939,307.85,308.0,0,0.12000000000000455,-0.3286007259527537,1,1,0.0,0.01946
48,2020-01-27 09:30:57,N,AAPL,307.85,2.0,308.0,48.0,0.0,-24.0,2020-01-27 09:30:57.154285,307.86,307.92,0,0.14999999999997726,-0.48909985053114724,1,1,-0.92,0.01946
49,2020-01-27 09:30:58,N,AAPL,307.86,2.0,307.92,1.0,1.0,-3.0,2020-01-27 09:30:58.489313,307.8,308.0,0,0.060000000000002274,-0.48828448457965123,1,-1,0.3333333333333333,0.02131
50,2020-01-27 09:30:59,N,AAPL,307.8,2.0,308.0,12.0,0.0,0.0,2020-01-27 09:30:59.082218,307.84,307.95,0,0.19999999999998863,-0.5092380536131031,1,1,-0.7142857142857143,0.02131
51,2020-01-27 09:31:00,N,AAPL,307.84,1.0,307.95,2.0,-6.0,0.0,2020-01-27 09:31:00.512591,308.0,308.04,1,0.11000000000001364,-0.5118079251514018,1,-1,-0.3333333333333333,0.02131
52,2020-01-27 09:31:01,N,AAPL,308.0,1.0,308.04,1.0,-1.0,0.0,2020-01-27 09:31:01.139384,308.28,308.37,1,0.040000000000020464,-0.5118805031446527,1,-1,0.0,0.02131
53,2020-01-27 09:31:02,N,AAPL,308.28,4.0,308.37,1.0,2.0,-6.0,2020-01-27 09:31:02.299570,308.57,308.67,1,0.09000000000003183,-0.5074695692883893,1,1,0.6,0.02131
54,2020-01-27 09:31:03,N,AAPL,308.57,2.0,308.67,5.0,1.0,3.0,2020-01-27 09:31:03.040217,308.36,308.45,-1,0.10000000000002274,-0.49515547263683857,1,1,-0.42857142857142855,0.02131
55,2020-01-27 09:31:04,N,AAPL,308.36,1.0,308.45,3.0,-1.0,2.0,2020-01-27 09:31:04.020373,308.6,308.78,1,0.08999999999997499,-0.49171987230647574,1,-1,-0.5,0.02131
56,2020-01-27 09:31:05,N,AAPL,308.6,1.0,308.78,4.0,-1.0,0.0,2020-01-27 09:31:05.121330,308.75,308.91,0,0.17999999999994998,-0.48032808852769904,1,1,-0.6,0.02131
57,2020-01-27 09:31:06,N,AAPL,308.75,1.0,308.91,1.0,-1.0,0.0,2020-01-27 09:31:06.011292,308.73,308.83,0,0.160000000000025,-0.47681244436813586,1,-1,0.0,0.02131
58,2020-01-27 09:31:07,N,AAPL,308.73,2.0,308.83,1.0,1.0,0.0,2020-01-27 09:31:07.034776,308.74,308.89,0,0.0999999999999659,-0.47363524337640683,1,-1,0.3333333333333333,0.02131
59,2020-01-27 09:31:08,N,AAPL,308.74,4.0,308.89,2.0,3.0,-2.0,2020-01-27 09:31:08.593443,308.71,308.77,0,0.14999999999997726,-0.4667777314428463,1,1,0.3333333333333333,0.02131
60,2020-01-27 09:31:09,N,AAPL,308.71,2.0,308.77,1.0,-2.0,-1.0,2020-01-27 09:31:09.027015,308.34,308.51,-1,0.060000000000002274,-0.4639741166506042,1,-1,0.3333333333333333,0.02131
61,2020-01-27 09:31:10,N,AAPL,308.34,2.0,308.51,2.0,-8.0,1.0,2020-01-27 09:31:10.492354,308.39,308.53,0,0.17000000000001592,-0.460326138942321,1,1,0.0,0.02131
62,2020-01-27 09:31:11,N,AAPL,308.39,2.0,308.53,1.0,0.0,-3.0,2020-01-27 09:31:11.229924,308.3,308.36,-1,0.13999999999998636,-0.45777011494254793,1,-1,0.3333333333333333,0.02131
63,2020-01-27 09:31:12,N,AAPL,308.3,1.0,308.36,1.0,-1.0,-3.0,2020-01-27 09:31:12.005861,308.19,308.3,0,0.060000000000002274,-0.4567405316678901,1,-1,0.0,0.02136
64,2020-01-27 09:31:13,N,AAPL,308.19,2.0,308.3,2.0,0.0,1.0,2020-01-27 09:31:13.210950,308.25,308.37,0,0.11000000000001364,-0.4549541338699896,1,1,0.0,0.02136
65,2020-01-27 09:31:14,N,AAPL,308.25,2.0,308.37,4.0,0.0,1.0,2020-01-27 09:31:14.017849,308.29,308.45,0,0.12000000000000455,-0.4522646481744914,1,1,-0.3333333333333333,0.02136
66,2020-01-27 09:31:15,N,AAPL,308.29,4.0,308.45,2.0,0.0,0.0,2020-01-27 09:31:15.023914,308.21,308.31,0,0.15999999999996817,-0.44749867724868864,1,1,0.3333333333333333,0.02136
67,2020-01-27 09:31:16,N,AAPL,308.21,3.0,308.31,2.0,1.0,1.0,2020-01-27 09:31:16.078895,308.33,308.46,1,0.10000000000002274,-0.4447203184138857,1,-1,0.2,0.02136
68,2020-01-27 09:31:17,N,AAPL,308.33,3.0,308.46,1.0,1.0,-3.0,2020-01-27 09:31:17.207343,308.51,308.6,1,0.12999999999999545,-0.44168543875144906,1,1,0.5,0.02136
69,2020-01-27 09:31:18,N,AAPL,308.51,7.0,308.6,1.0,6.0,-3.0,2020-01-27 09:31:18.039924,308.5,308.54,0,0.09000000000003183,-0.4370375896337464,1,-1,0.75,0.02136
70,2020-01-27 09:31:19,N,AAPL,308.5,1.0,308.54,2.0,-6.0,1.0,2020-01-27 09:31:19.066969,308.38,308.47,-1,0.040000000000020464,-0.43449307602963927,1,-1,-0.3333333333333333,0.02136
71,2020-01-27 09:31:20,N,AAPL,308.38,1.0,308.47,1.0,-2.0,0.0,2020-01-27 09:31:20.300123,308.32,308.41,0,0.09000000000003183,-0.43314649511978587,1,1,0.0,0.02136
72,2020-01-27 09:31:21,N,AAPL,308.32,1.0,308.41,2.0,0.0,0.0,2020-01-27 09:31:21.100278,308.31,308.38,0,0.09000000000003183,-0.431665088383852,1,1,-0.3333333333333333,0.02136
73,2020-01-27 09:31:22,N,AAPL,308.31,1.0,308.38,2.0,0.0,1.0,2020-01-27 09:31:22.150552,308.34,308.46,0,0.06999999999999318,-0.4304829289428085,1,-1,-0.3333333333333333,0.02136
74,2020-01-27 09:31:23,N,AAPL,308.34,4.0,308.46,2.0,0.0,0.0,2020-01-27 09:31:23.012668,308.21,308.32,-1,0.12000000000000455,-0.4263387638247309,1,1,0.3333333333333333,0.02136
75,2020-01-27 09:31:24,N,AAPL,308.21,1.0,308.32,1.0,0.0,-1.0,2020-01-27 09:31:24.055085,307.92,308.0,-1,0.11000000000001364,-0.4254932879657076,1,-1,0.0,0.02136
76,2020-01-27 09:31:25,N,AAPL,307.92,1.0,308.0,2.0,-1.0,0.0,2020-01-27 09:31:25.079787,307.64,307.75,-1,0.07999999999998408,-0.4273890306656085,1,-1,-0.3333333333333333,0.02136
77,2020-01-27 09:31:26,N,AAPL,307.64,1.0,307.75,2.0,-1.0,-1.0,2020-01-27 09:31:26.162013,307.45,307.52,-1,0.11000000000001364,-0.4311609919926127,1,1,-0.3333333333333333,0.02136
78,2020-01-27 09:31:27,N,AAPL,307.45,19.0,307.52,2.0,-25.0,0.0,2020-01-27 09:31:27.494147,307.25,307.35,-1,0.06999999999999318,-0.39749902798604353,1,-1,0.8095238095238095,0.02136
79,2020-01-27 09:31:28,N,AAPL,307.25,9.0,307.35,2.0,8.0,0.0,2020-01-27 09:31:28.116498,307.31,307.42,0,0.10000000000002274,-0.3850772078183695,1,1,0.6363636363636364,0.02184
80,2020-01-27 09:31:29,N,AAPL,307.31,2.0,307.42,5.0,0.0,2.0,2020-01-27 09:31:29.064848,307.24,307.3,-1,0.11000000000001364,-0.40131635299798063,1,1,-0.42857142857142855,0.02184
81,2020-01-27 09:31:30,N,AAPL,307.24,1.0,307.3,2.0,-2.0,1.0,2020-01-27 09:31:30.009332,307.0,307.07,-1,0.060000000000002274,-0.40808972924588716,1,-1,-0.3333333333333333,0.02184
82,2020-01-27 09:31:31,N,AAPL,307.0,21.0,307.07,1.0,-13.0,-3.0,2020-01-27 09:31:31.005083,306.0,306.22,-1,0.06999999999999318,-0.35766067890062914,1,1,0.9090909090909091,0.02184
83,2020-01-27 09:31:32,N,AAPL,306.0,56.0,306.22,2.0,55.0,1.0,2020-01-27 09:31:32.055706,306.81,306.94,1,0.22000000000002728,-0.16270649700510376,0,1,0.9310344827586207,0.02184
84,2020-01-27 09:31:33,N,AAPL,306.81,2.0,306.94,1.0,1.0,-1.0,2020-01-27 09:31:33.249513,306.18,306.42,-1,0.12999999999999545,-0.16401030713700493,0,-1,0.3333333333333333,0.0221
85,2020-01-27 09:31:35,N,AAPL,306.18,4.0,306.42,1.0,3.0,-1.0,2020-01-27 09:31:35.318295,306.37,306.49,0,0.2400000000000091,-0.15940502653313615,0,1,0.6,0.0221
86,2020-01-27 09:31:37,N,AAPL,306.37,1.0,306.49,2.0,0.0,0.0,2020-01-27 09:31:37.223313,306.86,306.91,1,0.12000000000000455,-0.1721255126370238,0,-1,-0.3333333333333333,0.0221
87,2020-01-27 09:31:40,N,AAPL,306.86,2.0,306.91,1.0,1.0,0.0,2020-01-27 09:31:40.482792,307.22,307.43,1,0.05000000000001137,-0.17357195157353544,0,-1,0.3333333333333333,0.0221
88,2020-01-27 09:31:42,N,AAPL,307.22,4.0,307.43,1.0,2.0,0.0,2020-01-27 09:31:42.657161,307.32,307.45,0,0.20999999999997954,-0.17038385353203012,0,1,0.6,0.0221
89,2020-01-27 09:31:43,N,AAPL,307.32,2.0,307.45,1.0,-2.0,-2.0,2020-01-27 09:31:43.109269,307.31,307.52,0,0.12999999999999545,-0.17073953447976464,0,-1,0.3333333333333333,0.0221
90,2020-01-27 09:31:45,N,AAPL,307.31,1.0,307.52,1.0,-1.0,0.0,2020-01-27 09:31:45.111855,307.36,307.53,0,0.20999999999997954,-0.17227203759892973,0,1,0.0,0.0221
91,2020-01-27 09:31:47,N,AAPL,307.36,1.0,307.53,1.0,0.0,0.0,2020-01-27 09:31:47.115168,307.41,307.58,0,0.16999999999995907,-0.17380928435636633,0,-1,0.0,0.0221
92,2020-01-27 09:31:48,N,AAPL,307.41,4.0,307.58,1.0,3.0,0.0,2020-01-27 09:31:48.444061,307.29,307.48,0,0.16999999999995907,-0.1710673758219059,0,1,0.6,0.0221
93,2020-01-27 09:31:57,N,AAPL,307.29,10.0,307.48,1.0,9.0,-1.0,2020-01-27 09:31:57.029516,307.84,308.03,1,0.18999999999999773,-0.15910454523776707,0,1,0.8181818181818182,0.0221
94,2020-01-27 09:32:03,N,AAPL,307.84,1.0,308.03,2.0,-9.0,1.0,2020-01-27 09:32:03.203206,308.25,308.32,1,0.18999999999999773,-0.15990355102229614,0,1,-0.3333333333333333,0.0221
95,2020-01-27 09:32:09,N,AAPL,308.25,1.0,308.32,3.0,0.0,1.0,2020-01-27 09:32:09.206709,308.5,308.57,1,0.06999999999999318,-0.15831491342942172,0,-1,-0.5,0.0221
96,2020-01-27 09:32:25,N,AAPL,308.5,1.0,308.57,1.0,0.0,0.0,2020-01-27 09:32:25.081418,308.2,308.39,-1,0.06999999999999318,-0.15697999861100698,0,1,0.0,0.0221
97,2020-01-27 09:32:31,N,AAPL,308.2,2.0,308.39,1.0,1.0,0.0,2020-01-27 09:32:31.647297,308.34,308.43,0,0.18999999999999773,-0.1557684261345571,0,1,0.3333333333333333,0.0221
98,2020-01-27 09:32:34,N,AAPL,308.34,1.0,308.43,2.0,0.0,0.0,2020-01-27 09:32:34.118717,307.1,307.27,-1,0.09000000000003183,-0.15391401852139097,0,-1,-0.3333333333333333,0.0221
99,2020-01-27 09:32:47,N,AAPL,307.1,1.0,307.27,10.0,0.0,8.0,2020-01-27 09:32:47.980918,307.1,307.23,0,0.16999999999995907,-0.18973978060364516,0,1,-0.8181818181818182,0.0221
100,2020-01-27 09:32:48,N,AAPL,307.1,2.0,307.23,1.0,1.0,-9.0,2020-01-27 09:32:48.130513,307.94,308.0,1,0.12999999999999545,-0.19003447827225273,0,-1,0.3333333333333333,0.02438
101,2020-01-27 09:32:56,N,AAPL,307.94,1.0,308.0,1.0,-1.0,0.0,2020-01-27 09:32:56.958985,308.13,308.33,1,0.060000000000002274,-0.1901371805726626,0,-1,0.0,0.02438
102,2020-01-27 09:33:00,N,AAPL,308.13,1.0,308.33,1.0,0.0,0.0,2020-01-27 09:33:00.239928,308.09,308.29,0,0.19999999999998863,-0.18919575618451745,0,1,0.0,0.02438
103,2020-01-27 09:33:01,N,AAPL,308.09,1.0,308.29,2.0,-3.0,0.0,2020-01-27 09:33:01.108783,308.5,308.53,1,0.20000000000004547,-0.18790114795922364,0,1,-0.3333333333333333,0.02438
104,2020-01-27 09:33:17,N,AAPL,308.5,1.0,308.53,1.0,0.0,-1.0,2020-01-27 09:33:17.389753,308.67,308.75,1,0.029999999999972715,-0.1866993740484304,0,-1,0.0,0.02438
105,2020-01-27 09:33:35,N,AAPL,308.67,1.0,308.75,3.0,0.0,2.0,2020-01-27 09:33:35.013699,308.79,308.85,1,0.07999999999998408,-0.18047020144041426,0,1,-0.5,0.02438
106,2020-01-27 09:34:09,N,AAPL,308.79,2.0,308.85,2.0,0.0,-1.0,2020-01-27 09:34:09.367433,308.9,308.92,1,0.060000000000002274,-0.17652005495364165,0,-1,0.0,0.02438
107,2020-01-27 09:34:31,N,AAPL,308.9,1.0,308.92,4.0,-1.0,2.0,2020-01-27 09:34:31.778651,309.03,309.09,1,0.020000000000038654,-0.1662018898599058,0,-1,-0.6,0.02438
108,2020-01-27 09:34:46,N,AAPL,309.03,1.0,309.09,1.0,-2.0,0.0,2020-01-27 09:34:46.930475,309.11,309.22,1,0.060000000000002274,-0.16375608424698385,0,1,0.0,0.02438
109,2020-01-27 09:34:59,N,AAPL,309.11,1.0,309.22,2.0,0.0,1.0,2020-01-27 09:34:59.298554,308.98,309.02,-1,0.11000000000001364,-0.1571774767282932,0,1,-0.3333333333333333,0.02438
110,2020-01-27 09:35:07,N,AAPL,308.98,2.0,309.02,2.0,-18.0,0.0,2020-01-27 09:35:07.850059,308.24,308.37,-1,0.03999999999996362,-0.15283512875458882,0,-1,0.0,0.02438
111,2020-01-27 09:35:25,N,AAPL,308.24,5.0,308.37,4.0,3.0,2.0,2020-01-27 09:35:25.993643,308.5,308.52,1,0.12999999999999545,-0.14971515960678516,0,1,0.1111111111111111,0.02438
112,2020-01-27 09:35:29,N,AAPL,308.5,1.0,308.52,2.0,-4.0,-2.0,2020-01-27 09:35:29.497619,308.25,308.34,-1,0.01999999999998181,-0.14769776173295668,0,-1,-0.3333333333333333,0.02438
113,2020-01-27 09:35:33,N,AAPL,308.25,1.0,308.34,2.0,0.0,-2.0,2020-01-27 09:35:33.302367,308.1,308.23,-1,0.08999999999997499,-0.1466688143408419,0,1,-0.3333333333333333,0.02438
114,2020-01-27 09:35:42,N,AAPL,308.1,1.0,308.23,1.0,0.0,-1.0,2020-01-27 09:35:42.800494,308.44,308.64,1,0.12999999999999545,-0.14627583586639048,0,1,0.0,0.02438
115,2020-01-27 09:35:51,N,AAPL,308.44,1.0,308.64,1.0,0.0,0.0,2020-01-27 09:35:51.658916,308.36,308.5,0,0.19999999999998863,-0.1448765318324945,0,1,0.0,0.02438
116,2020-01-27 09:35:54,N,AAPL,308.36,1.0,308.5,3.0,-3.0,2.0,2020-01-27 09:35:54.239221,308.47,308.63,0,0.13999999999998636,-0.14191560503616074,0,-1,-0.5,0.02438
117,2020-01-27 09:36:02,N,AAPL,308.47,1.0,308.63,2.0,0.0,1.0,2020-01-27 09:36:02.752551,309.0,309.13,1,0.15999999999996817,-0.13921039225692766,0,1,-0.3333333333333333,0.02438
118,2020-01-27 09:36:14,N,AAPL,309.0,2.0,309.13,1.0,1.0,-1.0,2020-01-27 09:36:14.071683,309.08,309.13,0,0.12999999999999545,-0.13773781523445905,0,-1,0.3333333333333333,0.02438
119,2020-01-27 09:36:20,N,AAPL,309.08,1.0,309.13,2.0,-1.0,1.0,2020-01-27 09:36:20.255968,309.51,309.6,1,0.05000000000001137,-0.1324451981632251,0,-1,-0.3333333333333333,0.02443
120,2020-01-27 09:36:23,N,AAPL,309.51,1.0,309.6,4.0,-1.0,2.0,2020-01-27 09:36:23.100786,308.83,309.04,-1,0.09000000000003183,-0.11532234348243264,1,1,-0.6,0.02443
121,2020-01-27 09:36:43,N,AAPL,308.83,1.0,309.04,2.0,0.0,-2.0,2020-01-27 09:36:43.036556,308.63,308.72,-1,0.21000000000003638,-0.11060057983956995,1,1,-0.3333333333333333,0.02443
122,2020-01-27 09:37:04,N,AAPL,308.63,1.0,308.72,1.0,0.0,-1.0,2020-01-27 09:37:04.723520,308.63,308.73,0,0.09000000000003183,-0.10938634265022529,1,-1,0.0,0.02443
123,2020-01-27 09:37:05,N,AAPL,308.63,3.0,308.73,1.0,2.0,0.0,2020-01-27 09:37:05.002293,308.6,308.63,0,0.10000000000002274,-0.10882661695507068,1,1,0.5,0.02443
124,2020-01-27 09:37:06,N,AAPL,308.6,3.0,308.63,1.0,0.0,0.0,2020-01-27 09:37:06.913501,308.6,308.72,0,0.029999999999972715,-0.10848774533405958,1,-1,0.5,0.02443
125,2020-01-27 09:37:07,N,AAPL,308.6,4.0,308.72,2.0,0.0,1.0,2020-01-27 09:37:07.548657,308.45,308.52,-1,0.12000000000000455,-0.1066278858626788,1,1,0.3333333333333333,0.02443
126,2020-01-27 09:37:08,N,AAPL,308.45,1.0,308.52,1.0,-1.0,0.0,2020-01-27 09:37:08.683683,308.49,308.6,0,0.06999999999999318,-0.10588607921795301,1,-1,0.0,0.02443
127,2020-01-27 09:37:09,N,AAPL,308.49,1.0,308.6,1.0,-2.0,0.0,2020-01-27 09:37:09.018305,308.49,308.64,0,0.11000000000001364,-0.10493643069486325,1,1,0.0,0.02443
128,2020-01-27 09:37:10,N,AAPL,308.49,2.0,308.64,1.0,1.0,0.0,2020-01-27 09:37:10.765625,308.49,308.57,0,0.14999999999997726,-0.10401141275417558,1,1,0.3333333333333333,0.02443
129,2020-01-27 09:37:11,N,AAPL,308.49,2.0,308.57,1.0,0.0,0.0,2020-01-27 09:37:11.133184,308.37,308.42,-1,0.07999999999998408,-0.10332317279682002,1,-1,0.3333333333333333,0.02443
130,2020-01-27 09:37:12,N,AAPL,308.37,1.0,308.42,1.0,0.0,0.0,2020-01-27 09:37:12.373490,308.39,308.46,0,0.05000000000001137,-0.10282919634198606,1,-1,0.0,0.02443
131,2020-01-27 09:37:13,N,AAPL,308.39,1.0,308.46,1.0,0.0,-3.0,2020-01-27 09:37:13.327498,308.38,308.56,0,0.06999999999999318,-0.10223338115736169,1,1,0.0,0.02443
132,2020-01-27 09:37:14,N,AAPL,308.38,1.0,308.56,4.0,0.0,2.0,2020-01-27 09:37:14.377880,308.38,308.53,0,0.18000000000000682,-0.09852646815551225,1,1,-0.6,0.02443
133,2020-01-27 09:37:15,N,AAPL,308.38,1.0,308.53,1.0,0.0,0.0,2020-01-27 09:37:15.228296,308.32,308.48,0,0.14999999999997726,-0.09771650658109365,1,-1,0.0,0.02443
134,2020-01-27 09:37:16,N,AAPL,308.32,1.0,308.48,2.0,0.0,0.0,2020-01-27 09:37:16.671105,308.32,308.46,0,0.160000000000025,-0.09634781791584146,1,1,-0.3333333333333333,0.02443
135,2020-01-27 09:37:17,N,AAPL,308.32,2.0,308.46,1.0,1.0,-1.0,2020-01-27 09:37:17.033758,308.07,308.17,-1,0.13999999999998636,-0.0956295495905124,1,-1,0.3333333333333333,0.02443
136,2020-01-27 09:37:18,N,AAPL,308.07,2.0,308.17,1.0,1.0,0.0,2020-01-27 09:37:18.202744,308.14,308.25,0,0.10000000000002274,-0.09520016963529088,1,-1,0.3333333333333333,0.02443
137,2020-01-27 09:37:19,N,AAPL,308.14,1.0,308.25,4.0,-1.0,3.0,2020-01-27 09:37:19.017894,308.18,308.23,0,0.11000000000001364,-0.09525745559699317,1,1,-0.6,0.02443
138,2020-01-27 09:37:20,N,AAPL,308.18,1.0,308.23,1.0,0.0,-1.0,2020-01-27 09:37:20.315580,308.28,308.41,1,0.05000000000001137,-0.09516196065993654,1,-1,0.0,0.02443
139,2020-01-27 09:37:21,N,AAPL,308.28,2.0,308.41,1.0,1.0,0.0,2020-01-27 09:37:21.059073,308.41,308.5,0,0.1300000000000523,-0.09451472849872289,1,1,0.3333333333333333,0.02586
140,2020-01-27 09:37:22,N,AAPL,308.41,1.0,308.5,51.0,0.0,50.0,2020-01-27 09:37:22.078082,308.36,308.46,0,0.08999999999997499,-0.06414440683499834,1,-1,-0.9615384615384616,0.02586
141,2020-01-27 09:37:23,N,AAPL,308.36,2.0,308.46,2.0,1.0,1.0,2020-01-27 09:37:23.074169,308.38,308.47,0,0.0999999999999659,-0.0633024930710917,1,1,0.0,0.02586
142,2020-01-27 09:37:24,N,AAPL,308.38,2.0,308.47,2.0,1.0,1.0,2020-01-27 09:37:24.995074,308.5,308.61,1,0.09000000000003183,-0.062466479325564706,1,-1,0.0,0.02586
143,2020-01-27 09:37:25,N,AAPL,308.5,1.0,308.61,2.0,-1.0,0.0,2020-01-27 09:37:25.670942,308.5,308.62,0,0.11000000000001364,-0.0610402541810231,1,1,-0.3333333333333333,0.02814
144,2020-01-27 09:37:26,N,AAPL,308.5,2.0,308.62,1.0,1.0,-1.0,2020-01-27 09:37:26.032624,308.6,308.75,0,0.12000000000000455,-0.060545757533702727,1,1,0.3333333333333333,0.02814
145,2020-01-27 09:37:27,N,AAPL,308.6,2.0,308.75,1.0,-2.0,-4.0,2020-01-27 09:37:27.019597,308.69,308.79,0,0.14999999999997726,-0.05996184210533784,1,1,0.3333333333333333,0.02814
146,2020-01-27 09:37:30,N,AAPL,308.69,1.0,308.79,2.0,0.0,1.0,2020-01-27 09:37:30.988804,308.68,308.79,0,0.10000000000002274,-0.05786330568474796,1,-1,-0.3333333333333333,0.02814
147,2020-01-27 09:37:31,N,AAPL,308.68,2.0,308.79,4.0,1.0,2.0,2020-01-27 09:37:31.079983,308.7,308.79,0,0.11000000000001364,-0.05371589054004744,1,1,-0.3333333333333333,0.02814
148,2020-01-27 09:37:33,N,AAPL,308.7,1.0,308.79,1.0,-1.0,-3.0,2020-01-27 09:37:33.147640,308.81,308.85,1,0.09000000000003183,-0.052908808669883456,1,-1,0.0,0.02814
149,2020-01-27 09:37:35,N,AAPL,308.81,1.0,308.85,1.0,0.0,0.0,2020-01-27 09:37:35.107586,308.77,308.9,0,0.040000000000020464,-0.052088973554475615,1,-1,0.0,0.02814
150,2020-01-27 09:37:36,N,AAPL,308.77,2.0,308.9,1.0,0.0,0.0,2020-01-27 09:37:36.101620,308.73,308.86,0,0.12999999999999545,-0.051584464980351186,1,1,0.3333333333333333,0.02814
151,2020-01-27 09:37:37,N,AAPL,308.73,4.0,308.86,2.0,2.0,0.0,2020-01-27 09:37:37.443727,308.73,308.77,0,0.12999999999999545,-0.05059104197096076,1,1,0.3333333333333333,0.02814
152,2020-01-27 09:37:38,N,AAPL,308.73,1.0,308.77,1.0,-2.0,-1.0,2020-01-27 09:37:38.227844,308.79,308.84,1,0.03999999999996362,-0.049896199859347234,1,-1,0.0,0.02814
153,2020-01-27 09:37:39,N,AAPL,308.79,16.0,308.84,1.0,14.0,0.0,2020-01-27 09:37:39.093363,308.8,308.88,0,0.049999999999954525,-0.05653861046585007,1,1,0.8823529411764706,0.02814
154,2020-01-27 09:37:40,N,AAPL,308.8,2.0,308.88,1.0,-13.0,0.0,2020-01-27 09:37:40.707971,308.8,308.89,0,0.07999999999998408,-0.05613901290456624,1,1,0.3333333333333333,0.02814
155,2020-01-27 09:37:41,N,AAPL,308.8,3.0,308.89,2.0,1.0,1.0,2020-01-27 09:37:41.166967,308.85,308.89,0,0.08999999999997499,-0.05480380030815013,1,1,0.2,0.02814
156,2020-01-27 09:37:42,N,AAPL,308.85,2.0,308.89,1.0,-1.0,0.0,2020-01-27 09:37:42.551695,308.97,309.1,1,0.03999999999996362,-0.05450803179547847,1,-1,0.3333333333333333,0.02814
157,2020-01-27 09:37:43,N,AAPL,308.97,2.0,309.1,4.0,0.0,3.0,2020-01-27 09:37:43.342424,308.99,309.09,0,0.12999999999999545,-0.04827173404612495,1,1,-0.3333333333333333,0.02814
158,2020-01-27 09:37:46,N,AAPL,308.99,1.0,309.09,1.0,-3.0,0.0,2020-01-27 09:37:46.138688,308.91,308.99,0,0.0999999999999659,-0.047128795165065185,1,-1,0.0,0.0302
159,2020-01-27 09:37:48,N,AAPL,308.91,1.0,308.99,1.0,0.0,0.0,2020-01-27 09:37:48.418915,308.81,308.9,-1,0.07999999999998408,-0.046146156507973046,1,-1,0.0,0.0302
160,2020-01-27 09:37:49,N,AAPL,308.81,2.0,308.9,1.0,1.0,0.0,2020-01-27 09:37:49.703178,308.8,308.87,0,0.08999999999997499,-0.045768680613605284,1,1,0.3333333333333333,0.0302
161,2020-01-27 09:37:50,N,AAPL,308.8,4.0,308.87,1.0,0.0,0.0,2020-01-27 09:37:50.465733,308.92,308.97,1,0.06999999999999318,-0.04640178245313109,1,-1,0.6,0.0302
162,2020-01-27 09:37:51,N,AAPL,308.92,1.0,308.97,1.0,-3.0,0.0,2020-01-27 09:37:51.125401,308.98,309.08,1,0.05000000000001137,-0.04549325134803439,1,-1,0.0,0.0302
163,2020-01-27 09:37:52,N,AAPL,308.98,1.0,309.08,1.0,0.0,0.0,2020-01-27 09:37:52.245302,308.95,309.07,0,0.0999999999999659,-0.044391333482337814,1,1,0.0,0.0302
164,2020-01-27 09:37:56,N,AAPL,308.95,2.0,309.07,2.0,1.0,0.0,2020-01-27 09:37:56.145604,308.87,308.92,-1,0.12000000000000455,-0.04218712652027534,1,1,0.0,0.0302
165,2020-01-27 09:37:57,N,AAPL,308.87,2.0,308.92,1.0,0.0,-1.0,2020-01-27 09:37:57.923182,308.86,308.96,0,0.05000000000001137,-0.04192040927466678,1,-1,0.3333333333333333,0.0302
166,2020-01-27 09:37:58,N,AAPL,308.86,2.0,308.96,2.0,0.0,1.0,2020-01-27 09:37:58.029843,308.86,308.97,0,0.0999999999999659,-0.040076628461577,1,1,0.0,0.0302
167,2020-01-27 09:38:00,N,AAPL,308.86,2.0,308.97,1.0,0.0,-1.0,2020-01-27 09:38:00.348795,308.92,308.99,0,0.11000000000001364,-0.03967554479424962,1,1,0.3333333333333333,0.0302
168,2020-01-27 09:38:01,N,AAPL,308.92,1.0,308.99,1.0,0.0,-15.0,2020-01-27 09:38:01.389416,308.91,309.0,0,0.06999999999999318,-0.038764560476806764,1,-1,0.0,0.0302
169,2020-01-27 09:38:02,N,AAPL,308.91,1.0,309.0,13.0,0.0,0.0,2020-01-27 09:38:02.226055,308.91,309.02,0,0.08999999999997499,-0.019988768619839448,1,1,-0.8571428571428571,0.0302
170,2020-01-27 09:38:03,N,AAPL,308.91,1.0,309.02,1.0,0.0,0.0,2020-01-27 09:38:03.083517,308.97,309.08,0,0.1099999999999568,-0.01909161710563012,1,1,0.0,0.0302
171,2020-01-27 09:38:06,N,AAPL,308.97,4.0,309.08,1.0,2.0,0.0,2020-01-27 09:38:06.435200,309.0,309.15,0,0.1099999999999568,-0.020098296908031443,1,1,0.6,0.0302
172,2020-01-27 09:38:07,N,AAPL,309.0,1.0,309.15,3.0,-1.0,2.0,2020-01-27 09:38:07.084429,309.02,309.13,0,0.14999999999997726,-0.015482758250698225,1,1,-0.5,0.0302
173,2020-01-27 09:38:08,N,AAPL,309.02,1.0,309.13,1.0,-1.0,0.0,2020-01-27 09:38:08.505196,309.02,309.1,0,0.11000000000001364,-0.014486864896070983,1,-1,0.0,0.0302
174,2020-01-27 09:38:09,N,AAPL,309.02,1.0,309.1,1.0,-3.0,0.0,2020-01-27 09:38:09.052781,309.02,309.08,0,0.08000000000004093,-0.013566314163142579,1,-1,0.0,0.0302
175,2020-01-27 09:38:10,N,AAPL,309.02,1.0,309.08,2.0,0.0,1.0,2020-01-27 09:38:10.608094,309.05,309.2,0,0.060000000000002274,-0.011129997669343084,1,-1,-0.3333333333333333,0.0302
176,2020-01-27 09:38:11,N,AAPL,309.05,3.0,309.2,6.0,2.0,4.0,2020-01-27 09:38:11.713385,309.22,309.33,1,0.14999999999997726,-0.0024565345302107744,1,1,-0.3333333333333333,0.03068
177,2020-01-27 09:38:12,N,AAPL,309.22,1.0,309.33,2.0,0.0,0.0,2020-01-27 09:38:12.277028,309.26,309.36,0,0.1099999999999568,0.0007628145387457153,1,-1,-0.3333333333333333,0.03068
178,2020-01-27 09:38:13,N,AAPL,309.26,2.0,309.36,1.0,1.0,0.0,2020-01-27 09:38:13.029707,309.26,309.3,0,0.10000000000002274,0.0009465003607829203,1,-1,0.3333333333333333,0.03068
179,2020-01-27 09:38:14,N,AAPL,309.26,2.0,309.3,1.0,0.0,0.0,2020-01-27 09:38:14.212807,309.23,309.29,0,0.040000000000020464,0.0009950128782065804,1,-1,0.3333333333333333,0.03068
180,2020-01-27 09:38:15,N,AAPL,309.23,4.0,309.29,1.0,2.0,0.0,2020-01-27 09:38:15.005395,309.22,309.29,0,0.060000000000002274,-0.0007598110410071968,1,1,0.6,0.03068
181,2020-01-27 09:38:16,N,AAPL,309.22,1.0,309.29,2.0,-1.0,0.0,2020-01-27 09:38:16.001225,309.09,309.16,-1,0.06999999999999318,0.0022088777741373633,1,1,-0.3333333333333333,0.03068
182,2020-01-27 09:38:17,N,AAPL,309.09,1.0,309.16,1.0,0.0,0.0,2020-01-27 09:38:17.025786,309.11,309.18,0,0.07000000000005002,0.00308611111108803,1,1,0.0,0.03068
183,2020-01-27 09:38:18,N,AAPL,309.11,1.0,309.18,1.0,0.0,0.0,2020-01-27 09:38:18.127641,309.2,309.27,1,0.06999999999999318,0.003979452899386615,1,-1,0.0,0.03068
184,2020-01-27 09:38:19,N,AAPL,309.2,1.0,309.27,1.0,0.0,-3.0,2020-01-27 09:38:19.534331,309.23,309.29,0,0.06999999999999318,0.004964230529878932,1,1,0.0,0.03068
185,2020-01-27 09:38:20,N,AAPL,309.23,1.0,309.29,1.0,0.0,0.0,2020-01-27 09:38:20.284946,309.26,309.34,0,0.060000000000002274,0.005952939882320152,1,-1,0.0,0.03068
186,2020-01-27 09:38:21,N,AAPL,309.26,1.0,309.34,1.0,-3.0,0.0,2020-01-27 09:38:21.202178,309.32,309.4,0,0.07999999999998408,0.00701153148480671,1,1,0.0,0.03068
187,2020-01-27 09:38:22,N,AAPL,309.32,2.0,309.4,1.0,0.0,-1.0,2020-01-27 09:38:22.068250,309.44,309.55,1,0.07999999999998408,0.007118671396199261,1,1,0.3333333333333333,0.03068
188,2020-01-27 09:38:23,N,AAPL,309.44,2.0,309.55,1.0,1.0,0.0,2020-01-27 09:38:23.009693,309.41,309.53,0,0.11000000000001364,0.007284257941989836,1,1,0.3333333333333333,0.03068
189,2020-01-27 09:38:24,N,AAPL,309.41,1.0,309.53,2.0,-1.0,1.0,2020-01-27 09:38:24.530868,309.45,309.5,0,0.1199999999999477,0.01095536911589079,1,1,-0.3333333333333333,0.03068
190,2020-01-27 09:38:25,N,AAPL,309.45,1.0,309.5,1.0,0.0,0.0,2020-01-27 09:38:25.921704,309.42,309.52,0,0.05000000000001137,0.01211600695199877,1,-1,0.0,0.03068
191,2020-01-27 09:38:26,N,AAPL,309.42,1.0,309.52,2.0,0.0,0.0,2020-01-27 09:38:26.420317,309.4,309.49,0,0.0999999999999659,0.015675725682967823,1,1,-0.3333333333333333,0.03068
192,2020-01-27 09:38:27,N,AAPL,309.4,2.0,309.49,2.0,1.0,1.0,2020-01-27 09:38:27.012349,309.39,309.48,0,0.09000000000003183,0.0180085570758024,1,-1,0.0,0.03068
193,2020-01-27 09:38:29,N,AAPL,309.39,3.0,309.48,1.0,-1.0,-1.0,2020-01-27 09:38:29.836020,309.39,309.5,0,0.09000000000003183,0.01702432266017695,1,1,0.5,0.03068
194,2020-01-27 09:38:30,N,AAPL,309.39,3.0,309.5,2.0,0.0,1.0,2020-01-27 09:38:30.119176,309.51,309.57,1,0.11000000000001364,0.01833217165477663,1,1,0.2,0.03068
195,2020-01-27 09:38:31,N,AAPL,309.51,1.0,309.57,1.0,0.0,-1.0,2020-01-27 09:38:31.209632,309.76,309.83,1,0.060000000000002274,0.01952234118493834,1,-1,0.0,0.03084
196,2020-01-27 09:38:32,N,AAPL,309.76,1.0,309.83,2.0,-19.0,-1.0,2020-01-27 09:38:32.107197,309.79,309.86,0,0.06999999999999318,0.023893565311311704,1,1,-0.3333333333333333,0.03084
197,2020-01-27 09:38:33,N,AAPL,309.79,1.0,309.86,1.0,-4.0,0.0,2020-01-27 09:38:33.436229,309.78,309.8,0,0.06999999999999318,0.02536325895181335,1,1,0.0,0.03084
198,2020-01-27 09:38:34,N,AAPL,309.78,3.0,309.8,1.0,-2.0,0.0,2020-01-27 09:38:34.248714,309.81,309.87,1,0.020000000000038654,0.023761433883521477,1,-1,0.5,0.03084
199,2020-01-27 09:38:35,N,AAPL,309.81,2.0,309.87,1.0,0.0,-1.0,2020-01-27 09:38:35.144503,309.8,309.92,0,0.060000000000002274,0.023720661334664328,1,1,0.3333333333333333,0.03084
200,2020-01-27 09:38:36,N,AAPL,309.8,1.0,309.92,3.0,-1.0,2.0,2020-01-27 09:38:36.117279,309.83,309.85,0,0.12000000000000455,0.03135309529335473,1,1,-0.5,0.03084
201,2020-01-27 09:38:38,N,AAPL,309.83,9.0,309.85,2.0,8.0,1.0,2020-01-27 09:38:38.125735,309.81,309.86,0,0.020000000000038654,0.02357219444513703,1,-1,0.6363636363636364,0.03084
202,2020-01-27 09:38:39,N,AAPL,309.81,2.0,309.86,1.0,-2.0,0.0,2020-01-27 09:38:39.268127,309.78,309.86,0,0.05000000000001137,0.023514439471796322,1,1,0.3333333333333333,0.03084
203,2020-01-27 09:38:43,N,AAPL,309.78,2.0,309.86,6.0,0.0,5.0,2020-01-27 09:38:43.458073,309.78,309.86,0,0.08000000000004093,0.0376012643462218,1,1,-0.5,0.03084
204,2020-01-27 09:38:44,N,AAPL,309.78,1.0,309.86,6.0,-1.0,0.0,2020-01-27 09:38:44.933538,309.78,309.86,0,0.08000000000004093,0.052699588295240574,1,1,-0.7142857142857143,0.03084
205,2020-01-27 09:38:45,N,AAPL,309.78,1.0,309.86,6.0,0.0,5.0,2020-01-27 09:38:45.053769,309.72,309.82,0,0.08000000000004093,0.06740142155672402,1,1,-0.7142857142857143,0.03084
206,2020-01-27 09:38:46,N,AAPL,309.72,2.0,309.82,2.0,1.0,0.0,2020-01-27 09:38:46.009408,309.75,309.81,0,0.0999999999999659,0.06983768587872419,1,1,0.0,0.03084
207,2020-01-27 09:38:48,N,AAPL,309.75,1.0,309.81,1.0,-1.0,0.0,2020-01-27 09:38:48.327257,309.72,309.82,0,0.060000000000002274,0.07099233023279794,1,-1,0.0,0.03084
208,2020-01-27 09:38:49,N,AAPL,309.72,3.0,309.82,1.0,0.0,0.0,2020-01-27 09:38:49.049948,309.52,309.72,0,0.0999999999999659,0.0695267168999294,1,1,0.5,0.03084
209,2020-01-27 09:38:50,N,AAPL,309.52,4.0,309.72,1.0,3.0,0.0,2020-01-27 09:38:50.264943,309.47,309.61,0,0.20000000000004547,0.067414688308304,1,1,0.6,0.03206
210,2020-01-27 09:38:51,N,AAPL,309.47,1.0,309.61,1.0,0.0,0.0,2020-01-27 09:38:51.093040,309.43,309.52,0,0.13999999999998636,0.06846314954316313,1,-1,0.0,0.03206
211,2020-01-27 09:38:52,N,AAPL,309.43,1.0,309.52,2.0,-1.0,0.0,2020-01-27 09:38:52.033351,309.56,309.61,1,0.08999999999997499,0.07127330022922251,1,-1,-0.3333333333333333,0.03206
212,2020-01-27 09:38:53,N,AAPL,309.56,1.0,309.61,1.0,0.0,0.0,2020-01-27 09:38:53.764824,309.58,309.69,0,0.05000000000001137,0.07220586866384338,1,-1,0.0,0.03206
213,2020-01-27 09:38:54,N,AAPL,309.58,1.0,309.69,2.0,0.0,1.0,2020-01-27 09:38:54.061028,309.62,309.71,0,0.11000000000001364,0.07548517131561994,1,1,-0.3333333333333333,0.03206
214,2020-01-27 09:38:55,N,AAPL,309.62,1.0,309.71,1.0,-1.0,0.0,2020-01-27 09:38:55.592672,309.62,309.71,0,0.08999999999997499,0.07653043835944118,1,-1,0.0,0.03206
215,2020-01-27 09:38:56,N,AAPL,309.62,1.0,309.71,1.0,0.0,0.0,2020-01-27 09:38:56.092996,309.62,309.73,0,0.08999999999997499,0.07756943703435581,1,1,0.0,0.03206
216,2020-01-27 09:38:57,N,AAPL,309.62,4.0,309.73,2.0,0.0,1.0,2020-01-27 09:38:57.116788,309.62,309.75,0,0.11000000000001364,0.07732773988169583,1,1,0.3333333333333333,0.03206
217,2020-01-27 09:38:58,N,AAPL,309.62,3.0,309.75,2.0,1.0,1.0,2020-01-27 09:38:58.127218,309.65,309.75,0,0.12999999999999545,0.07834738655429874,1,1,0.2,0.03206
218,2020-01-27 09:38:59,N,AAPL,309.65,2.0,309.75,1.0,-1.0,0.0,2020-01-27 09:38:59.030116,309.62,309.75,0,0.10000000000002274,0.07820137418116246,1,-1,0.3333333333333333,0.03206
219,2020-01-27 09:39:00,N,AAPL,309.62,2.0,309.75,1.0,0.0,0.0,2020-01-27 09:39:00.015882,309.77,309.85,1,0.12999999999999545,0.07811987736334913,1,1,0.3333333333333333,0.03206
220,2020-01-27 09:39:01,N,AAPL,309.77,1.0,309.85,1.0,0.0,-1.0,2020-01-27 09:39:01.000948,309.78,309.89,0,0.08000000000004093,0.07924149609959841,1,-1,0.0,0.03206
221,2020-01-27 09:39:02,N,AAPL,309.78,2.0,309.89,2.0,-2.0,1.0,2020-01-27 09:39:02.726578,309.79,309.89,0,0.11000000000001364,0.08159818415333575,1,1,0.0,0.03206
222,2020-01-27 09:39:03,N,AAPL,309.79,1.0,309.89,1.0,0.0,-1.0,2020-01-27 09:39:03.347244,309.84,309.9,0,0.0999999999999659,0.08275572278580512,1,-1,0.0,0.03206
223,2020-01-27 09:39:04,N,AAPL,309.84,1.0,309.9,1.0,0.0,0.0,2020-01-27 09:39:04.309192,309.8,309.86,0,0.060000000000002274,0.08387333870319935,1,-1,0.0,0.03206
224,2020-01-27 09:39:05,N,AAPL,309.8,2.0,309.86,1.0,1.0,0.0,2020-01-27 09:39:05.636197,309.84,309.95,0,0.060000000000002274,0.08360854557889752,1,1,0.3333333333333333,0.03206
225,2020-01-27 09:39:06,N,AAPL,309.84,1.0,309.95,1.0,0.0,-212.0,2020-01-27 09:39:06.454319,309.79,309.9,0,0.11000000000001364,0.0848115086507164,1,1,0.0,0.03206
226,2020-01-27 09:39:07,N,AAPL,309.79,2.0,309.9,1.0,1.0,-1.0,2020-01-27 09:39:07.075375,309.84,309.95,0,0.1099999999999568,0.08464206899299143,1,-1,0.3333333333333333,0.03206
227,2020-01-27 09:39:08,N,AAPL,309.84,2.0,309.95,1.0,1.0,-1.0,2020-01-27 09:39:08.322252,309.86,309.99,0,0.11000000000001364,0.08446564885502994,1,1,0.3333333333333333,0.03206
228,2020-01-27 09:39:09,N,AAPL,309.86,4.0,309.99,2.0,0.0,-2.0,2020-01-27 09:39:09.023628,309.82,309.87,0,0.12999999999999545,0.08418687858682006,1,1,0.3333333333333333,0.03206
229,2020-01-27 09:39:11,N,AAPL,309.82,1.0,309.87,1.0,-1.0,0.0,2020-01-27 09:39:11.428534,309.92,310.0,1,0.05000000000001137,0.08523534709951264,1,-1,0.0,0.03359
230,2020-01-27 09:39:14,N,AAPL,309.92,1.0,310.0,26.0,-3.0,24.0,2020-01-27 09:39:14.956338,309.97,310.03,0,0.07999999999998408,0.14882027782346086,1,1,-0.9259259259259259,0.03359
231,2020-01-27 09:39:15,N,AAPL,309.97,1.0,310.03,2.0,0.0,-24.0,2020-01-27 09:39:15.132082,309.91,310.01,0,0.05999999999994543,0.15219485119803267,1,-1,-0.3333333333333333,0.03359
232,2020-01-27 09:39:16,N,AAPL,309.91,1.0,310.01,1.0,0.0,0.0,2020-01-27 09:39:16.644513,310.04,310.14,1,0.0999999999999659,0.15315664169708043,1,1,0.0,0.03359
233,2020-01-27 09:39:17,N,AAPL,310.04,1.0,310.14,2.0,0.0,-1.0,2020-01-27 09:39:17.241566,309.94,310.04,0,0.0999999999999659,0.15680737812346024,1,1,-0.3333333333333333,0.03359
234,2020-01-27 09:39:18,N,AAPL,309.94,3.0,310.04,1.0,2.0,0.0,2020-01-27 09:39:18.134903,309.94,310.04,0,0.10000000000002274,0.15489520006775592,1,1,0.5,0.03359
235,2020-01-27 09:39:19,N,AAPL,309.94,3.0,310.04,3.0,0.0,2.0,2020-01-27 09:39:19.149277,309.94,310.01,0,0.10000000000002274,0.15777192145333174,1,1,0.0,0.03359
236,2020-01-27 09:39:20,N,AAPL,309.94,3.0,310.01,3.0,0.0,2.0,2020-01-27 09:39:20.327468,309.88,309.96,0,0.06999999999999318,0.16043949792316425,1,-1,0.0,0.03359
237,2020-01-27 09:39:21,N,AAPL,309.88,5.0,309.96,1.0,3.0,0.0,2020-01-27 09:39:21.021865,309.7,309.76,-1,0.07999999999998408,0.15589799286124162,1,1,0.6666666666666666,0.03359
238,2020-01-27 09:39:22,N,AAPL,309.7,2.0,309.76,1.0,1.0,0.0,2020-01-27 09:39:22.021907,309.56,309.7,0,0.060000000000002274,0.1554287215280965,1,-1,0.3333333333333333,0.03359
239,2020-01-27 09:39:23,N,AAPL,309.56,2.0,309.7,1.0,1.0,-3.0,2020-01-27 09:39:23.726733,309.5,309.61,0,0.13999999999998636,0.15513979478481588,1,1,0.3333333333333333,0.03359
240,2020-01-27 09:39:24,N,AAPL,309.5,2.0,309.61,2.0,0.0,1.0,2020-01-27 09:39:24.714924,309.38,309.47,-1,0.11000000000001364,0.1563800343441244,1,-1,0.0,0.03481
241,2020-01-27 09:39:25,N,AAPL,309.38,1.0,309.47,1.0,0.0,0.0,2020-01-27 09:39:25.504646,309.33,309.4,0,0.09000000000003183,0.1568705687531633,1,-1,0.0,0.03481
242,2020-01-27 09:39:26,N,AAPL,309.33,6.0,309.4,1.0,0.0,0.0,2020-01-27 09:39:26.043101,309.35,309.42,0,0.06999999999999318,0.1534544613702451,1,-1,0.7142857142857143,0.03481
243,2020-01-27 09:39:31,N,AAPL,309.35,1.0,309.42,1.0,-4.0,-1.0,2020-01-27 09:39:31.673724,309.35,309.43,0,0.06999999999999318,0.15389001567012883,1,1,0.0,0.03481
244,2020-01-27 09:39:33,N,AAPL,309.35,2.0,309.43,1.0,0.0,0.0,2020-01-27 09:39:33.120172,309.38,309.41,0,0.07999999999998408,0.15356168222018596,1,1,0.3333333333333333,0.03481
245,2020-01-27 09:39:34,N,AAPL,309.38,2.0,309.41,1.0,0.0,0.0,2020-01-27 09:39:34.679228,309.32,309.36,-1,0.03000000000002956,0.1531406823008865,1,-1,0.3333333333333333,0.03481
246,2020-01-27 09:39:35,N,AAPL,309.32,3.0,309.36,1.0,1.0,-4.0,2020-01-27 09:39:35.792880,309.29,309.37,0,0.040000000000020464,0.15201347470724613,1,1,0.5,0.03481
247,2020-01-27 09:39:36,N,AAPL,309.29,2.0,309.37,2.0,-1.0,1.0,2020-01-27 09:39:36.077345,309.35,309.41,0,0.07999999999998408,0.15281938265491135,1,1,0.0,0.03481
248,2020-01-27 09:39:38,N,AAPL,309.35,2.0,309.41,1.0,-1.0,0.0,2020-01-27 09:39:38.183664,309.3,309.42,0,0.060000000000002274,0.15246334581632937,1,-1,0.3333333333333333,0.03481
249,2020-01-27 09:39:39,N,AAPL,309.3,2.0,309.42,3.0,0.0,2.0,2020-01-27 09:39:39.005484,309.45,309.64,1,0.12000000000000455,0.15459027749471943,1,1,-0.2,0.03481
250,2020-01-27 09:39:40,N,AAPL,309.45,1.0,309.64,2.0,-1.0,1.0,2020-01-27 09:39:40.010857,309.45,309.61,0,0.18999999999999773,0.1568331721861682,1,1,-0.3333333333333333,0.03481
251,2020-01-27 09:39:41,N,AAPL,309.45,1.0,309.61,2.0,-1.0,1.0,2020-01-27 09:39:41.024137,309.44,309.59,0,0.160000000000025,0.15895419754821205,1,-1,-0.3333333333333333,0.03481
252,2020-01-27 09:39:42,N,AAPL,309.44,3.0,309.59,1.0,1.0,-1.0,2020-01-27 09:39:42.310803,309.44,309.58,0,0.14999999999997726,0.1578687692530707,1,-1,0.5,0.03481
253,2020-01-27 09:39:43,N,AAPL,309.44,5.0,309.58,1.0,0.0,0.0,2020-01-27 09:39:43.270482,309.44,309.6,0,0.13999999999998636,0.1551057683345789,1,-1,0.6666666666666666,0.03481
254,2020-01-27 09:39:45,N,AAPL,309.44,5.0,309.6,1.0,0.0,0.0,2020-01-27 09:39:45.237935,309.45,309.59,0,0.160000000000025,0.1524126678160087,1,1,0.6666666666666666,0.03481
255,2020-01-27 09:39:46,N,AAPL,309.45,1.0,309.59,1.0,0.0,0.0,2020-01-27 09:39:46.009508,309.49,309.59,0,0.13999999999998636,0.15301111257673483,1,-1,0.0,0.03481
256,2020-01-27 09:39:47,N,AAPL,309.49,1.0,309.59,1.0,0.0,0.0,2020-01-27 09:39:47.007418,309.55,309.67,0,0.0999999999999659,0.15356745743986266,1,-1,0.0,0.03481
257,2020-01-27 09:39:48,N,AAPL,309.55,3.0,309.67,6.0,0.0,-2.0,2020-01-27 09:39:48.060238,309.61,309.72,0,0.12000000000000455,0.16005994117875844,1,1,-0.3333333333333333,0.03539
258,2020-01-27 09:39:50,N,AAPL,309.61,1.0,309.72,2.0,-2.0,-4.0,2020-01-27 09:39:50.926995,309.63,309.68,0,0.11000000000001364,0.16229527431170254,1,-1,-0.3333333333333333,0.03539
259,2020-01-27 09:39:55,N,AAPL,309.63,1.0,309.68,2.0,0.0,0.0,2020-01-27 09:39:55.251278,309.73,309.8,1,0.05000000000001137,0.16435864468314776,1,-1,-0.3333333333333333,0.03539
260,2020-01-27 09:39:56,N,AAPL,309.73,1.0,309.8,1.0,0.0,0.0,2020-01-27 09:39:56.062124,309.8,309.87,0,0.06999999999999318,0.16498813937442947,1,1,0.0,0.03539
261,2020-01-27 09:39:58,N,AAPL,309.8,1.0,309.87,2.0,-2.0,1.0,2020-01-27 09:39:58.793030,309.8,309.88,0,0.06999999999999318,0.16748945255568515,1,1,-0.3333333333333333,0.03539
262,2020-01-27 09:39:59,N,AAPL,309.8,1.0,309.88,1.0,0.0,-1.0,2020-01-27 09:39:59.473106,309.88,309.96,0,0.07999999999998408,0.16817051730600951,1,1,0.0,0.03539
263,2020-01-27 09:40:00,N,AAPL,309.88,3.0,309.96,1.0,1.0,-4.0,2020-01-27 09:40:00.255515,309.9,309.99,0,0.07999999999998408,0.1664474485910432,1,1,0.5,0.03539
264,2020-01-27 09:40:01,N,AAPL,309.9,1.0,309.99,1.0,0.0,-1.0,2020-01-27 09:40:01.026540,309.98,310.05,0,0.09000000000003183,0.16721045060268125,1,1,0.0,0.03539
265,2020-01-27 09:40:02,N,AAPL,309.98,1.0,310.05,1.0,-4.0,0.0,2020-01-27 09:40:02.047639,309.99,310.11,0,0.06999999999999318,0.16799114809572302,1,-1,0.0,0.03539
266,2020-01-27 09:40:03,N,AAPL,309.99,2.0,310.11,3.0,0.0,2.0,2020-01-27 09:40:03.408229,310.06,310.1,0,0.12000000000000455,0.17189272657719812,1,1,-0.2,0.03539
267,2020-01-27 09:40:05,N,AAPL,310.06,20.0,310.1,1.0,18.0,0.0,2020-01-27 09:40:05.110776,310.19,310.24,1,0.040000000000020464,0.14680696840133578,1,-1,0.9047619047619048,0.03539
268,2020-01-27 09:40:06,N,AAPL,310.19,1.0,310.24,1.0,0.0,-1.0,2020-01-27 09:40:06.415316,310.21,310.27,0,0.05000000000001137,0.14772345656308516,1,1,0.0,0.03539
269,2020-01-27 09:40:07,N,AAPL,310.21,1.0,310.27,5.0,0.0,1.0,2020-01-27 09:40:07.078877,310.19,310.25,0,0.060000000000002274,0.15824580897032092,1,1,-0.6666666666666666,0.03539
270,2020-01-27 09:40:08,N,AAPL,310.19,2.0,310.25,1.0,0.0,0.0,2020-01-27 09:40:08.352593,310.19,310.3,0,0.060000000000002274,0.15768879369278466,1,1,0.3333333333333333,0.03565
271,2020-01-27 09:40:09,N,AAPL,310.19,3.0,310.3,4.0,1.0,2.0,2020-01-27 09:40:09.894046,310.21,310.3,0,0.11000000000001364,0.1629782100106354,1,1,-0.14285714285714285,0.03565
272,2020-01-27 09:40:10,N,AAPL,310.21,4.0,310.3,4.0,1.0,0.0,2020-01-27 09:40:10.034610,310.26,310.35,0,0.09000000000003183,0.16666455991986595,1,-1,0.0,0.03565
273,2020-01-27 09:40:11,N,AAPL,310.26,4.0,310.35,2.0,0.0,1.0,2020-01-27 09:40:11.010220,310.27,310.36,0,0.09000000000003183,0.1655737294291839,1,1,0.3333333333333333,0.03565
274,2020-01-27 09:40:12,N,AAPL,310.27,1.0,310.36,1.0,0.0,-3.0,2020-01-27 09:40:12.181964,310.13,310.23,-1,0.09000000000003183,0.16651851851850097,1,1,0.0,0.03565
275,2020-01-27 09:40:13,N,AAPL,310.13,1.0,310.23,2.0,0.0,0.0,2020-01-27 09:40:13.209850,310.15,310.21,0,0.10000000000002274,0.1695964970315913,1,1,-0.3333333333333333,0.03565
276,2020-01-27 09:40:15,N,AAPL,310.15,3.0,310.21,1.0,1.0,0.0,2020-01-27 09:40:15.228562,309.9,309.99,-1,0.060000000000002274,0.16765711804032435,1,-1,0.5,0.03565
277,2020-01-27 09:40:16,N,AAPL,309.9,6.0,309.99,1.0,1.0,-1.0,2020-01-27 09:40:16.330300,309.81,309.91,0,0.09000000000003183,0.16269253031572362,1,1,0.7142857142857143,0.03565
278,2020-01-27 09:40:17,N,AAPL,309.81,1.0,309.91,2.0,-1.0,1.0,2020-01-27 09:40:17.296174,309.81,309.84,0,0.10000000000002274,0.16502679153040845,1,1,-0.3333333333333333,0.03565
279,2020-01-27 09:40:18,N,AAPL,309.81,1.0,309.84,1.0,-1.0,0.0,2020-01-27 09:40:18.393826,309.7,309.77,-1,0.029999999999972715,0.16555729984293066,1,-1,0.0,0.03565
280,2020-01-27 09:40:19,N,AAPL,309.7,1.0,309.77,3.0,0.0,2.0,2020-01-27 09:40:19.276620,309.6,309.67,-1,0.06999999999999318,0.16897275274465073,1,1,-0.5,0.03565
281,2020-01-27 09:40:20,N,AAPL,309.6,10.0,309.67,1.0,9.0,-1.0,2020-01-27 09:40:20.202449,309.55,309.65,0,0.06999999999999318,0.16188923132625632,1,1,0.8181818181818182,0.03565
282,2020-01-27 09:40:21,N,AAPL,309.55,1.0,309.65,1.0,0.0,0.0,2020-01-27 09:40:21.011163,309.52,309.62,0,0.0999999999999659,0.16235651158058317,1,1,0.0,0.03565
283,2020-01-27 09:40:22,N,AAPL,309.52,1.0,309.62,1.0,-3.0,0.0,2020-01-27 09:40:22.445011,309.56,309.69,0,0.10000000000002274,0.16280181276954409,1,1,0.0,0.03565
284,2020-01-27 09:40:23,N,AAPL,309.56,1.0,309.69,24.0,0.0,23.0,2020-01-27 09:40:23.783486,309.56,309.66,0,0.12999999999999545,0.1922522780200211,1,1,-0.92,0.03591
285,2020-01-27 09:40:25,N,AAPL,309.56,1.0,309.66,1.0,-4.0,0.0,2020-01-27 09:40:25.727340,309.66,309.67,0,0.10000000000002274,0.1926321070595236,1,-1,0.0,0.03591
286,2020-01-27 09:40:26,N,AAPL,309.66,1.0,309.67,1.0,0.0,0.0,2020-01-27 09:40:26.928783,309.64,309.76,0,0.009999999999990905,0.19293456206526116,1,-1,0.0,0.03591
287,2020-01-27 09:40:27,N,AAPL,309.64,2.0,309.76,2.0,1.0,1.0,2020-01-27 09:40:27.400844,309.51,309.63,-1,0.12000000000000455,0.19383795867400977,1,1,0.0,0.03591
288,2020-01-27 09:40:28,N,AAPL,309.51,2.0,309.63,1.0,0.0,0.0,2020-01-27 09:40:28.351204,309.52,309.6,0,0.12000000000000455,0.1934737923946841,1,1,0.3333333333333333,0.03591
289,2020-01-27 09:40:29,N,AAPL,309.52,2.0,309.6,1.0,0.0,0.0,2020-01-27 09:40:29.066967,309.52,309.58,0,0.08000000000004093,0.19304909019609795,1,-1,0.3333333333333333,0.03591
290,2020-01-27 09:40:30,N,AAPL,309.52,2.0,309.58,1.0,0.0,-4.0,2020-01-27 09:40:30.158507,309.59,309.69,1,0.060000000000002274,0.19259689118621282,1,-1,0.3333333333333333,0.03591
291,2020-01-27 09:40:31,N,AAPL,309.59,1.0,309.69,22.0,-1.0,18.0,2020-01-27 09:40:31.045605,309.53,309.63,0,0.10000000000002274,0.21714712026255256,1,1,-0.9130434782608695,0.03591
292,2020-01-27 09:40:32,N,AAPL,309.53,3.0,309.63,1.0,2.0,0.0,2020-01-27 09:40:32.133888,309.55,309.61,0,0.10000000000002274,0.21594190664069401,1,1,0.5,0.03628
293,2020-01-27 09:40:33,N,AAPL,309.55,1.0,309.61,1.0,-2.0,0.0,2020-01-27 09:40:33.418658,309.46,309.54,-1,0.060000000000002274,0.21617886199641134,1,-1,0.0,0.03628
294,2020-01-27 09:40:34,N,AAPL,309.46,1.0,309.54,1.0,-2.0,0.0,2020-01-27 09:40:34.151637,309.33,309.43,-1,0.08000000000004093,0.21639439076443523,1,1,0.0,0.03628
295,2020-01-27 09:40:35,N,AAPL,309.33,1.0,309.43,1.0,0.0,-1.0,2020-01-27 09:40:35.000450,309.19,309.26,-1,0.10000000000002274,0.2165671924690855,1,1,0.0,0.03628
296,2020-01-27 09:40:36,N,AAPL,309.19,1.0,309.26,1.0,0.0,-1.0,2020-01-27 09:40:36.006186,309.25,309.39,0,0.06999999999999318,0.21662094313660418,1,-1,0.0,0.03628
297,2020-01-27 09:40:37,N,AAPL,309.25,1.0,309.39,2.0,0.0,1.0,2020-01-27 09:40:37.077615,309.25,309.36,0,0.13999999999998636,0.21747712343915282,1,1,-0.3333333333333333,0.03628
298,2020-01-27 09:40:38,N,AAPL,309.25,1.0,309.36,1.0,0.0,-3.0,2020-01-27 09:40:38.057777,309.25,309.35,0,0.11000000000001364,0.2176165378248811,1,-1,0.0,0.03628
299,2020-01-27 09:40:39,N,AAPL,309.25,3.0,309.35,1.0,1.0,0.0,2020-01-27 09:40:39.276069,309.27,309.35,0,0.10000000000002274,0.21677064370021526,1,-1,0.5,0.03628
300,2020-01-27 09:40:40,N,AAPL,309.27,3.0,309.35,1.0,0.0,0.0,2020-01-27 09:40:40.355310,309.37,309.43,1,0.08000000000004093,0.2158777365137894,1,-1,0.5,0.03628
301,2020-01-27 09:40:41,N,AAPL,309.37,1.0,309.43,1.0,-3.0,-4.0,2020-01-27 09:40:41.043001,309.5,309.6,1,0.060000000000002274,0.21565598754739312,1,-1,0.0,0.03628
302,2020-01-27 09:40:42,N,AAPL,309.5,4.0,309.6,3.0,-2.0,-2.0,2020-01-27 09:40:42.528350,309.59,309.63,0,0.10000000000002274,0.21541143383348071,1,1,0.14285714285714285,0.03628
303,2020-01-27 09:40:43,N,AAPL,309.59,1.0,309.63,1.0,-4.0,-2.0,2020-01-27 09:40:43.841024,309.6,309.7,0,0.040000000000020464,0.2869794454355201,1,-1,0.0,0.03628
304,2020-01-27 09:40:44,N,AAPL,309.6,1.0,309.7,2.0,-1.0,0.0,2020-01-27 09:40:44.838705,309.64,309.76,0,0.0999999999999659,0.35010457060690214,1,1,-0.3333333333333333,0.03628
305,2020-01-27 09:40:45,N,AAPL,309.64,1.0,309.76,2.0,0.0,0.0,2020-01-27 09:40:45.147435,309.7,309.79,0,0.12000000000000455,0.37483655577722175,1,1,-0.3333333333333333,0.03628
306,2020-01-27 09:40:46,N,AAPL,309.7,1.0,309.79,1.0,0.0,-1.0,2020-01-27 09:40:46.047505,309.62,309.72,0,0.09000000000003183,0.3746994543885762,1,-1,0.0,0.03628
307,2020-01-27 09:40:47,N,AAPL,309.62,1.0,309.72,2.0,0.0,1.0,2020-01-27 09:40:47.024734,309.53,309.62,0,0.10000000000002274,0.3779955820410237,1,1,-0.3333333333333333,0.03628
308,2020-01-27 09:40:48,N,AAPL,309.53,2.0,309.62,1.0,1.0,-1.0,2020-01-27 09:40:48.012087,309.63,309.69,1,0.09000000000003183,0.3768028485828836,1,-1,0.3333333333333333,0.03628
309,2020-01-27 09:40:49,N,AAPL,309.63,2.0,309.69,1.0,0.0,0.0,2020-01-27 09:40:49.054666,309.69,309.8,0,0.060000000000002274,0.37517182738088195,1,-1,0.3333333333333333,0.03628
310,2020-01-27 09:40:50,N,AAPL,309.69,4.0,309.8,2.0,2.0,0.0,2020-01-27 09:40:50.623279,309.74,309.78,0,0.11000000000001364,0.3719255243208863,1,1,0.3333333333333333,0.03628
311,2020-01-27 09:40:51,N,AAPL,309.74,2.0,309.78,1.0,0.0,-1.0,2020-01-27 09:40:51.243703,309.65,309.8,0,0.03999999999996362,0.3702937073093153,1,-1,0.3333333333333333,0.03628
312,2020-01-27 09:40:53,N,AAPL,309.65,1.0,309.8,3.0,0.0,2.0,2020-01-27 09:40:53.100832,309.67,309.75,0,0.1500000000000341,0.3741603949595742,1,1,-0.5,0.03628
313,2020-01-27 09:40:54,N,AAPL,309.67,1.0,309.75,1.0,0.0,-2.0,2020-01-27 09:40:54.011459,309.57,309.69,0,0.07999999999998408,0.3743042931863556,1,-1,0.0,0.03644
314,2020-01-27 09:40:55,N,AAPL,309.57,2.0,309.69,1.0,1.0,0.0,2020-01-27 09:40:55.518085,309.66,309.79,0,0.12000000000000455,0.3736227483925063,1,1,0.3333333333333333,0.03644
315,2020-01-27 09:40:56,N,AAPL,309.66,2.0,309.79,1.0,1.0,-3.0,2020-01-27 09:40:56.325487,309.66,309.8,0,0.12999999999999545,0.37353639899959035,1,1,0.3333333333333333,0.03644
316,2020-01-27 09:40:57,N,AAPL,309.66,2.0,309.8,6.0,0.0,5.0,2020-01-27 09:40:57.369772,309.72,309.8,0,0.13999999999998636,0.3780459900055462,1,1,-0.5,0.03644
317,2020-01-27 09:40:58,N,AAPL,309.72,4.0,309.8,7.0,2.0,6.0,2020-01-27 09:40:58.063942,309.75,309.78,0,0.07999999999998408,0.3805696993880474,1,-1,-0.2727272727272727,0.03644
318,2020-01-27 09:40:59,N,AAPL,309.75,1.0,309.78,1.0,-2.0,-6.0,2020-01-27 09:40:59.418149,309.65,309.72,-1,0.029999999999972715,0.38030464773311223,1,-1,0.0,0.03644
319,2020-01-27 09:41:00,N,AAPL,309.65,2.0,309.72,1.0,-1.0,0.0,2020-01-27 09:41:00.363841,309.59,309.65,0,0.07000000000005002,0.3795524130525223,1,1,0.3333333333333333,0.03644
320,2020-01-27 09:41:01,N,AAPL,309.59,4.0,309.65,1.0,3.0,0.0,2020-01-27 09:41:01.163762,309.51,309.57,-1,0.060000000000002274,0.3753942994918589,1,-1,0.6,0.03644
321,2020-01-27 09:41:02,N,AAPL,309.51,5.0,309.57,1.0,3.0,0.0,2020-01-27 09:41:02.378743,309.58,309.63,1,0.060000000000002274,0.3705501355013894,1,1,0.6666666666666666,0.03644
322,2020-01-27 09:41:03,N,AAPL,309.58,1.0,309.63,1.0,-4.0,0.0,2020-01-27 09:41:03.822025,309.58,309.65,0,0.05000000000001137,0.3705548293142442,1,-1,0.0,0.03644
323,2020-01-27 09:41:04,N,AAPL,309.58,2.0,309.65,1.0,1.0,0.0,2020-01-27 09:41:04.215517,309.6,309.65,0,0.06999999999999318,0.37002068768862273,1,1,0.3333333333333333,0.03644
324,2020-01-27 09:41:05,N,AAPL,309.6,1.0,309.65,1.0,0.0,0.0,2020-01-27 09:41:05.028610,309.68,309.73,1,0.049999999999954525,0.37041926013375814,1,-1,0.0,0.03644
325,2020-01-27 09:41:06,N,AAPL,309.68,2.0,309.73,1.0,1.0,-2.0,2020-01-27 09:41:06.538758,309.59,309.69,0,0.05000000000001137,0.3705368022110065,1,1,0.3333333333333333,0.03644
326,2020-01-27 09:41:07,N,AAPL,309.59,1.0,309.69,2.0,0.0,1.0,2020-01-27 09:41:07.000329,309.58,309.61,0,0.10000000000002274,0.37154414375339684,1,1,-0.3333333333333333,0.03644
327,2020-01-27 09:41:08,N,AAPL,309.58,1.0,309.61,1.0,-1.0,0.0,2020-01-27 09:41:08.380719,309.58,309.62,0,0.03000000000002956,0.3706467337188428,1,-1,0.0,0.03644
328,2020-01-27 09:41:09,N,AAPL,309.58,1.0,309.62,4.0,-1.0,2.0,2020-01-27 09:41:09.040623,309.67,309.74,1,0.040000000000020464,0.37374841029452455,1,1,-0.6,0.03644
329,2020-01-27 09:41:10,N,AAPL,309.67,1.0,309.74,1.0,0.0,-1.0,2020-01-27 09:41:10.525600,309.66,309.73,0,0.06999999999999318,0.3741514016742258,1,1,0.0,0.03681
330,2020-01-27 09:41:11,N,AAPL,309.66,4.0,309.73,1.0,1.0,0.0,2020-01-27 09:41:11.247863,309.68,309.73,0,0.06999999999999318,0.37216832869518157,1,1,0.6,0.03681
331,2020-01-27 09:41:12,N,AAPL,309.68,1.0,309.73,1.0,-3.0,0.0,2020-01-27 09:41:12.741304,309.68,309.73,0,0.05000000000001137,0.37319942713941145,1,-1,0.0,0.03681
332,2020-01-27 09:41:13,N,AAPL,309.68,1.0,309.73,1.0,0.0,0.0,2020-01-27 09:41:13.431396,309.58,309.63,-1,0.05000000000001137,0.37258652094737954,1,1,0.0,0.03681
333,2020-01-27 09:41:15,N,AAPL,309.58,1.0,309.63,1.0,0.0,0.0,2020-01-27 09:41:15.104048,309.58,309.65,0,0.05000000000001137,0.3715187396410897,1,1,0.0,0.03681
334,2020-01-27 09:41:17,N,AAPL,309.58,2.0,309.65,2.0,1.0,1.0,2020-01-27 09:41:17.026057,309.6,309.65,0,0.06999999999999318,0.37282373113862377,1,1,0.0,0.03681
335,2020-01-27 09:41:18,N,AAPL,309.6,1.0,309.65,1.0,-1.0,-1.0,2020-01-27 09:41:18.668017,309.58,309.64,0,0.049999999999954525,0.375317858615972,1,-1,0.0,0.03681
336,2020-01-27 09:41:19,N,AAPL,309.58,3.0,309.64,2.0,2.0,1.0,2020-01-27 09:41:19.123419,309.54,309.57,-1,0.060000000000002274,0.36817693429634346,1,1,0.2,0.03681
337,2020-01-27 09:41:20,N,AAPL,309.54,1.0,309.57,1.0,0.0,0.0,2020-01-27 09:41:20.653398,309.31,309.39,-1,0.029999999999972715,0.3698298882328004,1,-1,0.0,0.03681
338,2020-01-27 09:41:21,N,AAPL,309.31,1.0,309.39,3.0,0.0,2.0,2020-01-27 09:41:21.047726,309.31,309.4,0,0.07999999999998408,0.36381566634815954,1,1,-0.5,0.03681
339,2020-01-27 09:41:22,N,AAPL,309.31,1.0,309.4,1.0,0.0,-1.0,2020-01-27 09:41:22.009000,309.27,309.31,0,0.08999999999997499,0.3617722128680043,1,1,0.0,0.03681
340,2020-01-27 09:41:25,N,AAPL,309.27,1.0,309.31,1.0,0.0,0.0,2020-01-27 09:41:25.167853,309.24,309.31,0,0.040000000000020464,0.3604425921197958,1,-1,0.0,0.03681
341,2020-01-27 09:41:26,N,AAPL,309.24,8.0,309.31,1.0,7.0,0.0,2020-01-27 09:41:26.402141,309.16,309.22,-1,0.06999999999999318,0.3427268806566417,1,1,0.7777777777777778,0.03681
342,2020-01-27 09:41:28,N,AAPL,309.16,3.0,309.22,1.0,2.0,0.0,2020-01-27 09:41:28.435872,309.02,309.11,-1,0.060000000000002274,0.34193141030362995,1,-1,0.5,0.03681
343,2020-01-27 09:41:29,N,AAPL,309.02,2.0,309.11,1.0,1.0,0.0,2020-01-27 09:41:29.002210,309.05,309.08,0,0.09000000000003183,0.341531810366007,1,1,0.3333333333333333,0.03681
344,2020-01-27 09:41:30,N,AAPL,309.05,2.0,309.08,1.0,1.0,0.0,2020-01-27 09:41:30.437051,309.02,309.05,0,0.029999999999972715,0.3429054165023899,1,-1,0.3333333333333333,0.03681
345,2020-01-27 09:41:31,N,AAPL,309.02,11.0,309.05,1.0,10.0,0.0,2020-01-27 09:41:31.126415,309.09,309.17,1,0.03000000000002956,0.3359389257030898,1,1,0.8333333333333334,0.03681
346,2020-01-27 09:41:32,N,AAPL,309.09,1.0,309.17,1.0,-1.0,0.0,2020-01-27 09:41:32.025484,309.06,309.12,0,0.08000000000004093,0.33432406150228644,1,1,0.0,0.0376
347,2020-01-27 09:41:33,N,AAPL,309.06,4.0,309.12,1.0,3.0,0.0,2020-01-27 09:41:33.142085,309.06,309.14,0,0.060000000000002274,0.32831143811228003,1,-1,0.6,0.0376
348,2020-01-27 09:41:34,N,AAPL,309.06,2.0,309.14,2.0,0.0,1.0,2020-01-27 09:41:34.120332,309.0,309.1,0,0.07999999999998408,0.3283325994153188,1,1,0.0,0.0376
349,2020-01-27 09:41:35,N,AAPL,309.0,34.0,309.1,2.0,33.0,1.0,2020-01-27 09:41:35.333379,309.06,309.09,0,0.10000000000002274,0.39298300243007134,1,1,0.8888888888888888,0.0376
350,2020-01-27 09:41:36,N,AAPL,309.06,2.0,309.09,1.0,-2.0,-1.0,2020-01-27 09:41:36.069283,308.9,308.93,-1,0.029999999999972715,0.3915911172639426,1,-1,0.3333333333333333,0.0376
351,2020-01-27 09:41:37,N,AAPL,308.9,1.0,308.93,1.0,0.0,0.0,2020-01-27 09:41:37.021037,308.81,308.86,-1,0.03000000000002956,0.410205177372859,1,1,0.0,0.0376
352,2020-01-27 09:41:38,N,AAPL,308.81,2.0,308.86,1.0,-18.0,0.0,2020-01-27 09:41:38.145079,308.7,308.78,-1,0.05000000000001137,0.4121954717687686,1,1,0.3333333333333333,0.0376
353,2020-01-27 09:41:39,N,AAPL,308.7,1.0,308.78,1.0,0.0,0.0,2020-01-27 09:41:39.093004,308.81,308.91,1,0.07999999999998408,0.4124336045554742,1,1,0.0,0.0376
354,2020-01-27 09:41:40,N,AAPL,308.81,1.0,308.91,1.0,-2.0,0.0,2020-01-27 09:41:40.054616,308.86,309.03,0,0.10000000000002274,0.41067138550153004,1,1,0.0,0.0376
355,2020-01-27 09:41:41,N,AAPL,308.86,2.0,309.03,5.0,-3.0,4.0,2020-01-27 09:41:41.041113,309.27,309.35,1,0.16999999999995907,0.4127524516044332,1,1,-0.42857142857142855,0.0376
356,2020-01-27 09:41:45,N,AAPL,309.27,1.0,309.35,1.0,0.0,-1.0,2020-01-27 09:41:45.421764,309.29,309.36,0,0.08000000000004093,0.4152551297490277,1,-1,0.0,0.03765
357,2020-01-27 09:41:46,N,AAPL,309.29,1.0,309.36,2.0,0.0,1.0,2020-01-27 09:41:46.629702,309.29,309.34,0,0.06999999999999318,0.4174377604306869,1,-1,-0.3333333333333333,0.03765
358,2020-01-27 09:41:47,N,AAPL,309.29,1.0,309.34,1.0,-9.0,-2.0,2020-01-27 09:41:47.166615,309.25,309.31,0,0.049999999999954525,0.4173989771197171,1,-1,0.0,0.03765
359,2020-01-27 09:41:50,N,AAPL,309.25,1.0,309.31,4.0,0.0,3.0,2020-01-27 09:41:50.958245,309.3,309.39,0,0.060000000000002274,0.4180635912578623,1,1,-0.6,0.03765
360,2020-01-27 09:41:51,N,AAPL,309.3,1.0,309.39,1.0,0.0,0.0,2020-01-27 09:41:51.741462,309.33,309.37,0,0.08999999999997499,0.41848292770305306,1,1,0.0,0.03765
361,2020-01-27 09:41:52,N,AAPL,309.33,1.0,309.37,1.0,0.0,0.0,2020-01-27 09:41:52.633792,309.33,309.38,0,0.040000000000020464,0.4185316580438325,1,-1,0.0,0.03765
362,2020-01-27 09:41:53,N,AAPL,309.33,1.0,309.38,1.0,0.0,0.0,2020-01-27 09:41:53.590969,309.4,309.44,1,0.05000000000001137,0.4190764952467134,1,1,0.0,0.03765
363,2020-01-27 09:41:54,N,AAPL,309.4,1.0,309.44,3.0,0.0,2.0,2020-01-27 09:41:54.880685,309.37,309.42,0,0.040000000000020464,0.41946751246194935,1,-1,-0.5,0.03765
364,2020-01-27 09:41:55,N,AAPL,309.37,11.0,309.42,1.0,10.0,-5.0,2020-01-27 09:41:55.071942,309.35,309.41,0,0.05000000000001137,0.41161062823380234,1,1,0.8333333333333334,0.03765
365,2020-01-27 09:41:56,N,AAPL,309.35,1.0,309.41,1.0,-1.0,-3.0,2020-01-27 09:41:56.980363,309.42,309.48,1,0.060000000000002274,0.41245260803020756,1,1,0.0,0.03765
366,2020-01-27 09:41:57,N,AAPL,309.42,1.0,309.48,1.0,0.0,0.0,2020-01-27 09:41:57.128097,309.41,309.42,0,0.060000000000002274,0.4158896815550861,1,1,0.0,0.03765
367,2020-01-27 09:41:58,N,AAPL,309.41,1.0,309.42,4.0,-1.0,-2.0,2020-01-27 09:41:58.069833,309.54,309.58,1,0.009999999999990905,0.41621578214397914,1,-1,-0.6,0.03765
368,2020-01-27 09:41:59,N,AAPL,309.54,1.0,309.58,1.0,0.0,0.0,2020-01-27 09:41:59.112608,309.13,309.18,-1,0.03999999999996362,0.4163204763193562,1,1,0.0,0.03765
369,2020-01-27 09:42:09,N,AAPL,309.13,1.0,309.18,1.0,-3.0,0.0,2020-01-27 09:42:09.147739,308.9,309.0,-1,0.05000000000001137,0.4151496336500031,1,1,0.0,0.03765
370,2020-01-27 09:42:17,N,AAPL,308.9,2.0,309.0,5.0,1.0,4.0,2020-01-27 09:42:17.386320,309.42,309.5,1,0.10000000000002274,0.41152536335755485,1,1,-0.42857142857142855,0.03765
371,2020-01-27 09:42:45,N,AAPL,309.42,1.0,309.5,3.0,-1.0,-2.0,2020-01-27 09:42:45.874160,309.29,309.38,-1,0.07999999999998408,0.41378792609941684,1,-1,-0.5,0.03765
372,2020-01-27 09:42:57,N,AAPL,309.29,3.0,309.38,1.0,2.0,-2.0,2020-01-27 09:42:57.888014,309.05,309.17,-1,0.08999999999997499,0.412637039920412,1,1,0.5,0.03765
373,2020-01-27 09:42:58,N,AAPL,309.05,2.0,309.17,1.0,0.0,-2.0,2020-01-27 09:42:58.000388,309.29,309.4,1,0.12000000000000455,0.4137735959249085,1,1,0.3333333333333333,0.03765
374,2020-01-27 09:43:04,N,AAPL,309.29,1.0,309.4,4.0,0.0,3.0,2020-01-27 09:43:04.855646,309.58,309.73,1,0.1099999999999568,0.41627473937279547,1,-1,-0.6,0.03897
375,2020-01-27 09:43:48,N,AAPL,309.58,1.0,309.73,1.0,0.0,-3.0,2020-01-27 09:43:48.051668,309.53,309.66,0,0.1500000000000341,0.4159173822534399,1,1,0.0,0.03897
376,2020-01-27 09:43:57,N,AAPL,309.53,2.0,309.66,1.0,1.0,0.0,2020-01-27 09:43:57.110999,309.85,309.9,1,0.1300000000000523,0.41524948569690423,1,-1,0.3333333333333333,0.03897
377,2020-01-27 09:43:59,N,AAPL,309.85,1.0,309.9,1.0,-1.0,0.0,2020-01-27 09:43:59.354321,309.65,309.76,-1,0.049999999999954525,0.4175757661200237,1,-1,0.0,0.03897
378,2020-01-27 09:44:09,N,AAPL,309.65,1.0,309.76,1.0,0.0,0.0,2020-01-27 09:44:09.561917,310.03,310.13,1,0.11000000000001364,0.42038194836680987,1,1,0.0,0.03897
379,2020-01-27 09:44:17,N,AAPL,310.03,1.0,310.13,2.0,0.0,1.0,2020-01-27 09:44:17.528236,310.03,310.12,0,0.10000000000002274,0.39085991715296586,1,-1,-0.3333333333333333,0.03897
380,2020-01-27 09:44:18,N,AAPL,310.03,1.0,310.12,5.0,0.0,3.0,2020-01-27 09:44:18.909916,309.86,309.87,-1,0.09000000000003183,0.38182508176106467,1,-1,-0.6666666666666666,0.03897
381,2020-01-27 09:44:20,N,AAPL,309.86,1.0,309.87,1.0,0.0,-4.0,2020-01-27 09:44:20.449215,310.04,310.09,1,0.009999999999990905,0.3915941734326793,1,-1,0.0,0.03897
382,2020-01-27 09:44:25,N,AAPL,310.04,1.0,310.09,1.0,0.0,0.0,2020-01-27 09:44:25.188635,310.09,310.12,0,0.049999999999954525,0.39522685516215006,1,1,0.0,0.03897
383,2020-01-27 09:44:35,N,AAPL,310.09,1.0,310.12,2.0,0.0,1.0,2020-01-27 09:44:35.033538,310.07,310.11,0,0.03000000000002956,0.3421498784065875,1,-1,-0.3333333333333333,0.03897
384,2020-01-27 09:44:36,N,AAPL,310.07,2.0,310.11,1.0,0.0,-3.0,2020-01-27 09:44:36.363297,310.16,310.24,1,0.040000000000020464,0.08930405022852028,1,1,0.3333333333333333,0.03897
385,2020-01-27 09:44:37,N,AAPL,310.16,1.0,310.24,2.0,0.0,0.0,2020-01-27 09:44:37.018766,310.1,310.21,0,0.07999999999998408,0.0869792006308785,1,1,-0.3333333333333333,0.03897
386,2020-01-27 09:44:38,N,AAPL,310.1,2.0,310.21,2.0,0.0,1.0,2020-01-27 09:44:38.708893,310.1,310.2,0,0.1099999999999568,0.07236240924328285,0,1,0.0,0.03897
387,2020-01-27 09:44:39,N,AAPL,310.1,2.0,310.2,4.0,0.0,2.0,2020-01-27 09:44:39.401407,310.17,310.22,0,0.0999999999999659,0.07968253968255112,0,-1,-0.3333333333333333,0.03897
388,2020-01-27 09:44:40,N,AAPL,310.17,1.0,310.22,2.0,-1.0,-2.0,2020-01-27 09:44:40.066084,310.29,310.35,1,0.05000000000001137,0.07730606527087502,0,-1,-0.3333333333333333,0.03897
389,2020-01-27 09:44:41,N,AAPL,310.29,1.0,310.35,4.0,0.0,2.0,2020-01-27 09:44:41.345840,310.31,310.34,0,0.060000000000002274,0.0721190070648845,0,1,-0.6,0.03897
390,2020-01-27 09:44:42,N,AAPL,310.31,2.0,310.34,4.0,1.0,0.0,2020-01-27 09:44:42.180438,310.36,310.39,1,0.029999999999972715,0.07182835877028992,0,-1,-0.3333333333333333,0.03897
391,2020-01-27 09:44:43,N,AAPL,310.36,1.0,310.39,2.0,0.0,0.0,2020-01-27 09:44:43.023605,310.46,310.53,1,0.029999999999972715,0.07309102927462163,0,1,-0.3333333333333333,0.03897
392,2020-01-27 09:44:44,N,AAPL,310.46,2.0,310.53,2.0,1.0,-2.0,2020-01-27 09:44:44.179209,310.49,310.54,0,0.06999999999999318,0.07280147658934766,0,1,0.0,0.03934
393,2020-01-27 09:44:45,N,AAPL,310.49,1.0,310.54,2.0,-1.0,1.0,2020-01-27 09:44:45.286836,310.48,310.56,0,0.05000000000001137,0.06531810897422474,0,-1,-0.3333333333333333,0.03934
394,2020-01-27 09:44:46,N,AAPL,310.48,3.0,310.56,2.0,-1.0,1.0,2020-01-27 09:44:46.009798,310.44,310.51,0,0.07999999999998408,0.03367535025535062,0,1,0.2,0.03934
395,2020-01-27 09:44:48,N,AAPL,310.44,3.0,310.51,1.0,1.0,0.0,2020-01-27 09:44:48.348163,310.51,310.58,0,0.06999999999999318,0.03188623283506331,1,-1,0.5,0.03934
396,2020-01-27 09:44:49,N,AAPL,310.51,2.0,310.58,2.0,1.0,0.0,2020-01-27 09:44:49.037101,310.43,310.44,-1,0.06999999999999318,0.035092256045061276,0,1,0.0,0.03934
397,2020-01-27 09:44:50,N,AAPL,310.43,2.0,310.44,1.0,1.0,-2.0,2020-01-27 09:44:50.689615,310.41,310.46,0,0.009999999999990905,0.033173890363173086,0,-1,0.3333333333333333,0.03934
398,2020-01-27 09:44:51,N,AAPL,310.41,2.0,310.46,2.0,0.0,1.0,2020-01-27 09:44:51.126493,310.4,310.44,0,0.049999999999954525,0.030963541666608307,1,1,0.0,0.03934
399,2020-01-27 09:44:52,N,AAPL,310.4,2.0,310.44,1.0,0.0,0.0,2020-01-27 09:44:52.266863,310.3,310.32,-1,0.040000000000020464,0.030639589591828553,1,-1,0.3333333333333333,0.03934
400,2020-01-27 09:44:53,N,AAPL,310.3,2.0,310.32,22.0,0.0,20.0,2020-01-27 09:44:53.129822,310.36,310.44,1,0.01999999999998181,0.08783651771693712,1,-1,-0.8333333333333334,0.03934
401,2020-01-27 09:44:54,N,AAPL,310.36,2.0,310.44,2.0,1.0,-3.0,2020-01-27 09:44:54.457569,310.33,310.41,0,0.07999999999998408,0.0837931441963633,1,1,0.0,0.03934
402,2020-01-27 09:44:55,N,AAPL,310.33,1.0,310.41,1.0,-1.0,-4.0,2020-01-27 09:44:55.081395,310.05,310.12,-1,0.08000000000004093,0.08365318713140368,1,1,0.0,0.03934
403,2020-01-27 09:44:56,N,AAPL,310.05,1.0,310.12,2.0,-1.0,1.0,2020-01-27 09:44:56.100986,310.07,310.15,0,0.06999999999999318,0.08430348631708284,1,-1,-0.3333333333333333,0.03934
404,2020-01-27 09:44:57,N,AAPL,310.07,1.0,310.15,2.0,0.0,0.0,2020-01-27 09:44:57.078481,310.06,310.15,0,0.07999999999998408,0.08682210024608139,1,1,-0.3333333333333333,0.03939
405,2020-01-27 09:44:58,N,AAPL,310.06,1.0,310.15,1.0,0.0,-1.0,2020-01-27 09:44:58.282734,310.24,310.28,1,0.08999999999997499,0.08679894498544627,1,1,0.0,0.03939
406,2020-01-27 09:44:59,N,AAPL,310.24,1.0,310.28,1.0,-1.0,0.0,2020-01-27 09:44:59.161804,310.0,310.06,-1,0.03999999999996362,0.08888658761810575,1,-1,0.0,0.03939
407,2020-01-27 09:45:00,N,AAPL,310.0,5.0,310.06,2.0,3.0,0.0,2020-01-27 09:45:00.082178,310.01,310.12,0,0.060000000000002274,0.08586526994605492,1,1,0.42857142857142855,0.03939
408,2020-01-27 09:45:02,N,AAPL,310.01,1.0,310.12,5.0,0.0,3.0,2020-01-27 09:45:02.025718,309.9,309.95,-1,0.11000000000001364,0.09241552166849942,1,1,-0.6666666666666666,0.03939
409,2020-01-27 09:45:03,N,AAPL,309.9,2.0,309.95,2.0,0.0,1.0,2020-01-27 09:45:03.324069,309.86,309.93,0,0.05000000000001137,0.09224882825191116,1,-1,0.0,0.03939
410,2020-01-27 09:45:04,N,AAPL,309.86,1.0,309.93,2.0,0.0,-2.0,2020-01-27 09:45:04.512744,309.95,310.0,1,0.06999999999999318,0.09322723486985751,1,1,-0.3333333333333333,0.03939
411,2020-01-27 09:45:05,N,AAPL,309.95,1.0,310.0,2.0,0.0,1.0,2020-01-27 09:45:05.266341,309.89,309.93,-1,0.05000000000001137,0.09398849742399307,1,-1,-0.3333333333333333,0.03939
412,2020-01-27 09:45:06,N,AAPL,309.89,1.0,309.93,4.0,0.0,0.0,2020-01-27 09:45:06.569006,309.95,310.02,1,0.040000000000020464,0.09333765012326012,1,-1,-0.6,0.03939
413,2020-01-27 09:45:07,N,AAPL,309.95,1.0,310.02,2.0,-1.0,0.0,2020-01-27 09:45:07.105581,309.87,309.93,-1,0.06999999999999318,0.09560064111707334,1,1,-0.3333333333333333,0.03939
414,2020-01-27 09:45:08,N,AAPL,309.87,2.0,309.93,2.0,0.0,0.0,2020-01-27 09:45:08.148331,309.91,310.0,0,0.060000000000002274,0.09715937554534548,1,-1,0.0,0.03939
415,2020-01-27 09:45:09,N,AAPL,309.91,2.0,310.0,3.0,1.0,1.0,2020-01-27 09:45:09.196100,309.85,309.93,0,0.08999999999997499,0.09763486005078903,1,1,-0.2,0.03939
416,2020-01-27 09:45:10,N,AAPL,309.85,69.0,309.93,2.0,67.0,0.0,2020-01-27 09:45:10.373106,309.98,310.01,1,0.07999999999998408,0.05730852601141123,0,-1,0.9436619718309859,0.03939
417,2020-01-27 09:45:11,N,AAPL,309.98,1.0,310.01,2.0,0.0,1.0,2020-01-27 09:45:11.243689,309.93,309.97,-1,0.029999999999972715,0.061157371045169384,0,-1,-0.3333333333333333,0.04071
418,2020-01-27 09:45:12,N,AAPL,309.93,1.0,309.97,4.0,0.0,0.0,2020-01-27 09:45:12.375296,309.93,310.07,0,0.040000000000020464,0.0644339527189004,0,1,-0.6,0.04071
419,2020-01-27 09:45:13,N,AAPL,309.93,3.0,310.07,2.0,1.0,0.0,2020-01-27 09:45:13.052455,310.25,310.26,1,0.13999999999998636,0.06332780694481244,0,1,0.2,0.04071
420,2020-01-27 09:45:14,N,AAPL,310.25,1.0,310.26,2.0,-2.0,0.0,2020-01-27 09:45:14.120597,310.17,310.23,-1,0.009999999999990905,0.06507414571234449,0,-1,-0.3333333333333333,0.04071
421,2020-01-27 09:45:15,N,AAPL,310.17,1.0,310.23,2.0,0.0,1.0,2020-01-27 09:45:15.121385,310.16,310.24,0,0.060000000000002274,0.0658949688522057,0,1,-0.3333333333333333,0.04071
422,2020-01-27 09:45:16,N,AAPL,310.16,1.0,310.24,1.0,-1.0,-1.0,2020-01-27 09:45:16.131222,310.2,310.3,0,0.07999999999998408,0.06659163059146067,0,1,0.0,0.04071
423,2020-01-27 09:45:17,N,AAPL,310.2,2.0,310.3,2.0,0.0,0.0,2020-01-27 09:45:17.394572,310.23,310.3,0,0.10000000000002274,0.06684815843101433,0,1,0.0,0.04071
424,2020-01-27 09:45:18,N,AAPL,310.23,1.0,310.3,2.0,0.0,0.0,2020-01-27 09:45:18.013541,310.15,310.25,0,0.06999999999999318,0.06555936073050361,0,-1,-0.3333333333333333,0.04071
425,2020-01-27 09:45:19,N,AAPL,310.15,2.0,310.25,2.0,0.0,1.0,2020-01-27 09:45:19.122330,310.2,310.24,0,0.10000000000002274,0.063280255477423,0,1,0.0,0.04071
426,2020-01-27 09:45:20,N,AAPL,310.2,3.0,310.24,2.0,1.0,1.0,2020-01-27 09:45:20.604874,310.3,310.35,1,0.040000000000020464,0.05963468569655106,0,-1,0.2,0.04071
427,2020-01-27 09:45:21,N,AAPL,310.3,1.0,310.35,2.0,-4.0,1.0,2020-01-27 09:45:21.039527,310.3,310.38,0,0.05000000000001137,0.06091227375691233,0,1,-0.3333333333333333,0.04071
428,2020-01-27 09:45:22,N,AAPL,310.3,1.0,310.38,1.0,0.0,0.0,2020-01-27 09:45:22.419703,310.32,310.36,0,0.07999999999998408,0.06099014756659926,0,1,0.0,0.04071
429,2020-01-27 09:45:23,N,AAPL,310.32,1.0,310.36,1.0,0.0,0.0,2020-01-27 09:45:23.454422,310.3,310.38,0,0.040000000000020464,0.059453783826029394,0,-1,0.0,0.04071
430,2020-01-27 09:45:24,N,AAPL,310.3,3.0,310.38,2.0,1.0,1.0,2020-01-27 09:45:24.002187,310.4,310.46,1,0.07999999999998408,0.057032279314910284,0,1,0.2,0.04071
431,2020-01-27 09:45:25,N,AAPL,310.4,1.0,310.46,4.0,-2.0,3.0,2020-01-27 09:45:25.023504,310.39,310.42,0,0.060000000000002274,0.06112912322117836,0,-1,-0.6,0.04071
432,2020-01-27 09:45:26,N,AAPL,310.39,2.0,310.42,2.0,-2.0,1.0,2020-01-27 09:45:26.864398,310.28,310.35,-1,0.03000000000002956,0.061190282112477234,0,-1,0.0,0.04071
433,2020-01-27 09:45:27,N,AAPL,310.28,2.0,310.35,2.0,0.0,1.0,2020-01-27 09:45:27.360125,310.3,310.39,0,0.07000000000005002,0.06590394320949144,0,1,0.0,0.04071
434,2020-01-27 09:45:28,N,AAPL,310.3,5.0,310.39,3.0,3.0,-2.0,2020-01-27 09:45:28.036301,310.4,310.47,1,0.08999999999997499,0.06393574297192117,0,1,0.25,0.04071
435,2020-01-27 09:45:29,N,AAPL,310.4,2.0,310.47,4.0,-3.0,2.0,2020-01-27 09:45:29.007777,310.26,310.38,-1,0.07000000000005002,0.06828594017264322,0,-1,-0.3333333333333333,0.04224
436,2020-01-27 09:45:30,N,AAPL,310.26,2.0,310.38,1.0,0.0,-1.0,2020-01-27 09:45:30.094705,310.34,310.4,0,0.12000000000000455,0.06560210856491722,0,1,0.3333333333333333,0.04224
437,2020-01-27 09:45:32,N,AAPL,310.34,2.0,310.4,2.0,0.0,1.0,2020-01-27 09:45:32.004126,310.38,310.47,0,0.060000000000002274,0.06360002925373465,0,-1,0.0,0.04224
438,2020-01-27 09:45:33,N,AAPL,310.38,2.0,310.47,7.0,0.0,6.0,2020-01-27 09:45:33.224021,310.41,310.49,0,0.09000000000003183,0.0762544583672593,0,1,-0.5555555555555556,0.04224
439,2020-01-27 09:45:34,N,AAPL,310.41,1.0,310.49,2.0,-3.0,1.0,2020-01-27 09:45:34.753669,310.41,310.48,0,0.07999999999998408,0.07769099705791405,0,-1,-0.3333333333333333,0.04224
440,2020-01-27 09:45:35,N,AAPL,310.41,1.0,310.48,4.0,0.0,2.0,2020-01-27 09:45:35.054743,310.38,310.4,-1,0.06999999999999318,0.07956432612860453,0,-1,-0.6,0.04224
441,2020-01-27 09:45:36,N,AAPL,310.38,1.0,310.4,4.0,0.0,3.0,2020-01-27 09:45:36.273953,310.39,310.47,0,0.01999999999998181,0.1753446646485486,1,-1,-0.6,0.04224
442,2020-01-27 09:45:38,N,AAPL,310.39,2.0,310.47,1.0,0.0,0.0,2020-01-27 09:45:38.600684,310.52,310.56,1,0.08000000000004093,0.17479503669324004,1,1,0.3333333333333333,0.04224
443,2020-01-27 09:45:39,N,AAPL,310.52,4.0,310.56,2.0,2.0,0.0,2020-01-27 09:45:39.185220,310.6,310.66,1,0.040000000000020464,0.1726678916024298,1,-1,0.3333333333333333,0.04224
444,2020-01-27 09:45:40,N,AAPL,310.6,2.0,310.66,1.0,1.0,-2.0,2020-01-27 09:45:40.118108,310.57,310.61,0,0.060000000000002274,0.1733542857143675,1,1,0.3333333333333333,0.04224
445,2020-01-27 09:45:41,N,AAPL,310.57,1.0,310.61,1.0,-2.0,-1.0,2020-01-27 09:45:41.229815,310.55,310.59,0,0.040000000000020464,0.1720088354793461,1,-1,0.0,0.04224
446,2020-01-27 09:45:42,N,AAPL,310.55,2.0,310.59,1.0,1.0,0.0,2020-01-27 09:45:42.293559,310.49,310.58,0,0.03999999999996362,0.16937343633770752,1,-1,0.3333333333333333,0.04224
447,2020-01-27 09:45:43,N,AAPL,310.49,2.0,310.58,1.0,0.0,-2.0,2020-01-27 09:45:43.052044,310.51,310.58,0,0.08999999999997499,0.16998745421250305,1,1,0.3333333333333333,0.04224
448,2020-01-27 09:45:44,N,AAPL,310.51,5.0,310.58,2.0,3.0,-1.0,2020-01-27 09:45:44.389385,310.5,310.55,0,0.06999999999999318,0.16987959274223385,1,-1,0.42857142857142855,0.04224
449,2020-01-27 09:45:45,N,AAPL,310.5,4.0,310.55,1.0,1.0,-1.0,2020-01-27 09:45:45.021291,310.51,310.57,0,0.05000000000001137,0.16641629396167446,1,-1,0.6,0.04224
450,2020-01-27 09:45:46,N,AAPL,310.51,2.0,310.57,2.0,0.0,-3.0,2020-01-27 09:45:46.139413,310.43,310.47,-1,0.060000000000002274,0.16677049727445592,1,1,0.0,0.0424
451,2020-01-27 09:45:47,N,AAPL,310.43,4.0,310.47,2.0,0.0,1.0,2020-01-27 09:45:47.051191,310.43,310.48,0,0.040000000000020464,0.16342487613468393,1,-1,0.3333333333333333,0.0424
452,2020-01-27 09:45:48,N,AAPL,310.43,3.0,310.48,1.0,1.0,0.0,2020-01-27 09:45:48.424572,310.49,310.55,1,0.05000000000001137,0.15905004488939767,1,1,0.5,0.0424
453,2020-01-27 09:45:49,N,AAPL,310.49,1.0,310.55,4.0,0.0,-7.0,2020-01-27 09:45:49.179685,310.43,310.5,0,0.060000000000002274,0.16298509954691554,1,1,-0.6,0.0424
454,2020-01-27 09:45:50,N,AAPL,310.43,3.0,310.5,4.0,2.0,2.0,2020-01-27 09:45:50.131849,310.47,310.52,0,0.06999999999999318,0.14580739097112883,1,1,-0.14285714285714285,0.0424
455,2020-01-27 09:45:51,N,AAPL,310.47,2.0,310.52,1.0,1.0,0.0,2020-01-27 09:45:51.616555,310.46,310.53,0,0.049999999999954525,0.14360894877108876,1,-1,0.3333333333333333,0.0424
456,2020-01-27 09:45:52,N,AAPL,310.46,4.0,310.53,1.0,2.0,-2.0,2020-01-27 09:45:52.146738,310.44,310.47,0,0.06999999999999318,0.13941558679255195,1,1,0.6,0.0424
457,2020-01-27 09:45:53,N,AAPL,310.44,2.0,310.47,2.0,0.0,0.0,2020-01-27 09:45:53.096612,310.45,310.48,0,0.03000000000002956,0.13838788078135167,1,-1,0.0,0.0424
458,2020-01-27 09:45:54,N,AAPL,310.45,1.0,310.48,2.0,0.0,0.0,2020-01-27 09:45:54.489992,310.56,310.59,1,0.03000000000002956,0.14194370819126334,1,1,-0.3333333333333333,0.0424
459,2020-01-27 09:45:55,N,AAPL,310.56,1.0,310.59,6.0,0.0,1.0,2020-01-27 09:45:55.435504,310.57,310.63,0,0.029999999999972715,0.14804858391767084,1,-1,-0.7142857142857143,0.0424
460,2020-01-27 09:45:56,N,AAPL,310.57,1.0,310.63,1.0,-1.0,-1.0,2020-01-27 09:45:56.932861,310.57,310.62,0,0.060000000000002274,0.14825503141793206,1,1,0.0,0.0424
461,2020-01-27 09:45:57,N,AAPL,310.57,1.0,310.62,1.0,0.0,-4.0,2020-01-27 09:45:57.126577,310.59,310.64,0,0.05000000000001137,0.14716457520154336,1,-1,0.0,0.0424
462,2020-01-27 09:45:58,N,AAPL,310.59,1.0,310.64,1.0,-4.0,0.0,2020-01-27 09:45:58.800381,310.61,310.64,0,0.05000000000001137,0.14347031911194108,1,1,0.0,0.0424
463,2020-01-27 09:45:59,N,AAPL,310.61,1.0,310.64,1.0,0.0,0.0,2020-01-27 09:45:59.123442,310.59,310.62,0,0.029999999999972715,0.14366699335027988,1,-1,0.0,0.0424
464,2020-01-27 09:46:00,N,AAPL,310.59,2.0,310.62,3.0,-2.0,0.0,2020-01-27 09:46:00.017410,310.61,310.68,0,0.03000000000002956,0.14491817253514228,1,1,-0.2,0.0424
465,2020-01-27 09:46:01,N,AAPL,310.61,2.0,310.68,1.0,-1.0,-2.0,2020-01-27 09:46:01.036693,310.62,310.69,0,0.06999999999999318,0.14390687066821783,1,1,0.3333333333333333,0.0424
466,2020-01-27 09:46:02,N,AAPL,310.62,3.0,310.69,2.0,1.0,0.0,2020-01-27 09:46:02.042557,310.56,310.59,-1,0.06999999999999318,0.14165289670017955,1,1,0.2,0.04319
467,2020-01-27 09:46:03,N,AAPL,310.56,2.0,310.59,1.0,-2.0,0.0,2020-01-27 09:46:03.474588,310.53,310.58,0,0.029999999999972715,0.1407509078599105,1,-1,0.3333333333333333,0.04319
468,2020-01-27 09:46:04,N,AAPL,310.53,2.0,310.58,2.0,0.0,1.0,2020-01-27 09:46:04.632472,310.46,310.52,-1,0.05000000000001137,0.1395926821164153,1,1,0.0,0.04319
469,2020-01-27 09:46:05,N,AAPL,310.46,2.0,310.52,2.0,-4.0,1.0,2020-01-27 09:46:05.074687,310.37,310.43,-1,0.060000000000002274,0.13975513399441297,1,1,0.0,0.04319
470,2020-01-27 09:46:06,N,AAPL,310.37,3.0,310.43,4.0,1.0,0.0,2020-01-27 09:46:06.002852,310.39,310.44,0,0.060000000000002274,0.15756385186006128,1,1,-0.14285714285714285,0.04319
471,2020-01-27 09:46:07,N,AAPL,310.39,1.0,310.44,1.0,-1.0,0.0,2020-01-27 09:46:07.079317,310.31,310.37,-1,0.05000000000001137,0.15770578568549354,1,-1,0.0,0.04319
472,2020-01-27 09:46:08,N,AAPL,310.31,2.0,310.37,1.0,0.0,0.0,2020-01-27 09:46:08.102767,310.3,310.37,0,0.060000000000002274,0.15367987588740561,1,1,0.3333333333333333,0.04319
473,2020-01-27 09:46:09,N,AAPL,310.3,2.0,310.37,2.0,1.0,0.0,2020-01-27 09:46:09.538798,310.3,310.36,0,0.06999999999999318,0.15612224460437574,1,1,0.0,0.04319
474,2020-01-27 09:46:10,N,AAPL,310.3,2.0,310.36,2.0,-1.0,1.0,2020-01-27 09:46:10.611998,310.36,310.38,0,0.060000000000002274,0.1561827053726006,1,-1,0.0,0.04319
475,2020-01-27 09:46:11,N,AAPL,310.36,1.0,310.38,1.0,0.0,0.0,2020-01-27 09:46:11.285327,310.21,310.27,-1,0.01999999999998181,0.15630214645079832,1,-1,0.0,0.04319
476,2020-01-27 09:46:12,N,AAPL,310.21,1.0,310.27,1.0,-1.0,-1.0,2020-01-27 09:46:12.703015,310.19,310.23,0,0.060000000000002274,0.15782703448275015,1,1,0.0,0.04319
477,2020-01-27 09:46:14,N,AAPL,310.19,2.0,310.23,1.0,1.0,0.0,2020-01-27 09:46:14.639744,310.13,310.18,-1,0.040000000000020464,0.16095567417039547,1,-1,0.3333333333333333,0.04319
478,2020-01-27 09:46:15,N,AAPL,310.13,3.0,310.18,7.0,2.0,-1.0,2020-01-27 09:46:15.263976,310.13,310.16,0,0.05000000000001137,0.16337372740321143,1,1,-0.4,0.04319
479,2020-01-27 09:46:16,N,AAPL,310.13,1.0,310.16,2.0,0.0,-6.0,2020-01-27 09:46:16.389620,310.07,310.1,-1,0.03000000000002956,0.16304997062167104,1,-1,-0.3333333333333333,0.04319
480,2020-01-27 09:46:17,N,AAPL,310.07,1.0,310.1,2.0,-1.0,-4.0,2020-01-27 09:46:17.279410,310.14,310.16,1,0.03000000000002956,0.16270590800087348,1,1,-0.3333333333333333,0.04319
481,2020-01-27 09:46:18,N,AAPL,310.14,1.0,310.16,2.0,0.0,1.0,2020-01-27 09:46:18.517565,310.16,310.22,0,0.020000000000038654,0.16081136556090314,1,-1,-0.3333333333333333,0.04319
482,2020-01-27 09:46:19,N,AAPL,310.16,2.0,310.22,2.0,0.0,1.0,2020-01-27 09:46:19.187431,310.22,310.24,0,0.060000000000002274,0.1618557504066871,1,1,0.0,0.04319
483,2020-01-27 09:46:20,N,AAPL,310.22,2.0,310.24,2.0,1.0,0.0,2020-01-27 09:46:20.599153,310.23,310.28,0,0.01999999999998181,0.16178552938430357,1,-1,0.0,0.04409
484,2020-01-27 09:46:21,N,AAPL,310.23,1.0,310.28,1.0,0.0,0.0,2020-01-27 09:46:21.010634,310.07,310.11,-1,0.049999999999954525,0.16192050416236725,1,1,0.0,0.04409
485,2020-01-27 09:46:22,N,AAPL,310.07,2.0,310.11,1.0,0.0,-1.0,2020-01-27 09:46:22.320140,310.08,310.15,0,0.040000000000020464,0.16158264231222574,1,-1,0.3333333333333333,0.04409
486,2020-01-27 09:46:23,N,AAPL,310.08,2.0,310.15,1.0,0.0,0.0,2020-01-27 09:46:23.002984,310.17,310.2,1,0.06999999999999318,0.16129575315670763,1,1,0.3333333333333333,0.04409
487,2020-01-27 09:46:24,N,AAPL,310.17,1.0,310.2,1.0,-1.0,0.0,2020-01-27 09:46:24.485221,310.23,310.27,1,0.029999999999972715,0.16135553149490534,1,-1,0.0,0.04409
488,2020-01-27 09:46:25,N,AAPL,310.23,1.0,310.27,4.0,0.0,3.0,2020-01-27 09:46:25.040259,310.13,310.19,-1,0.03999999999996362,0.16231051361432947,1,1,-0.6,0.04409
489,2020-01-27 09:46:26,N,AAPL,310.13,2.0,310.19,1.0,1.0,0.0,2020-01-27 09:46:26.084083,310.15,310.2,0,0.060000000000002274,0.1613375603313898,1,1,0.3333333333333333,0.04409
490,2020-01-27 09:46:27,N,AAPL,310.15,1.0,310.2,1.0,-1.0,0.0,2020-01-27 09:46:27.015959,310.18,310.22,0,0.05000000000001137,0.16199543946453332,1,-1,0.0,0.04409
491,2020-01-27 09:46:28,N,AAPL,310.18,2.0,310.22,3.0,0.0,2.0,2020-01-27 09:46:28.799404,310.16,310.19,0,0.040000000000020464,0.1623761371683372,1,-1,-0.2,0.04409
492,2020-01-27 09:46:29,N,AAPL,310.16,1.0,310.19,4.0,-1.0,1.0,2020-01-27 09:46:29.217731,310.17,310.22,0,0.029999999999972715,0.1641768712099747,1,-1,-0.6,0.04409
493,2020-01-27 09:46:30,N,AAPL,310.17,2.0,310.22,2.0,1.0,1.0,2020-01-27 09:46:30.167674,310.15,310.21,0,0.05000000000001137,0.16426344013029848,1,1,0.0,0.04409
494,2020-01-27 09:46:31,N,AAPL,310.15,1.0,310.21,4.0,0.0,-1.0,2020-01-27 09:46:31.134521,310.18,310.2,0,0.060000000000002274,0.16435022991510095,1,1,-0.6,0.04409
495,2020-01-27 09:46:32,N,AAPL,310.18,4.0,310.2,4.0,-1.0,2.0,2020-01-27 09:46:32.668759,310.15,310.19,0,0.01999999999998181,0.1633276753596533,1,-1,0.0,0.04409
496,2020-01-27 09:46:33,N,AAPL,310.15,1.0,310.19,1.0,-1.0,0.0,2020-01-27 09:46:33.404957,310.12,310.14,-1,0.040000000000020464,0.16337556205030523,1,1,0.0,0.04409
497,2020-01-27 09:46:34,N,AAPL,310.12,1.0,310.14,1.0,-2.0,-1.0,2020-01-27 09:46:34.966946,310.12,310.17,0,0.01999999999998181,0.16354945339503502,1,-1,0.0,0.04409
498,2020-01-27 09:46:35,N,AAPL,310.12,2.0,310.17,1.0,0.0,-4.0,2020-01-27 09:46:35.025739,310.04,310.11,-1,0.05000000000001137,0.16309960336747054,1,1,0.3333333333333333,0.04409
499,2020-01-27 09:46:36,N,AAPL,310.04,2.0,310.11,2.0,-2.0,-1.0,2020-01-27 09:46:36.029046,310.1,310.12,0,0.06999999999999318,0.1630359712231666,1,1,0.0,0.04409
500,2020-01-27 09:46:37,N,AAPL,310.1,1.0,310.12,3.0,-1.0,0.0,2020-01-27 09:46:37.264618,310.02,310.07,-1,0.01999999999998181,0.16350651332749067,1,-1,-0.5,0.04409
501,2020-01-27 09:46:38,N,AAPL,310.02,2.0,310.07,2.0,0.0,0.0,2020-01-27 09:46:38.122894,309.92,309.96,-1,0.05000000000001137,0.16341341653674135,1,1,0.0,0.04467
502,2020-01-27 09:46:40,N,AAPL,309.92,2.0,309.96,2.0,1.0,0.0,2020-01-27 09:46:40.684303,309.91,309.98,0,0.03999999999996362,0.16377988607933958,1,-1,0.0,0.04467
503,2020-01-27 09:46:41,N,AAPL,309.91,4.0,309.98,2.0,2.0,1.0,2020-01-27 09:46:41.068586,309.88,309.92,0,0.06999999999999318,0.16338602194241503,1,1,0.3333333333333333,0.04467
504,2020-01-27 09:46:42,N,AAPL,309.88,5.0,309.92,4.0,0.0,2.0,2020-01-27 09:46:42.022333,309.95,310.0,1,0.040000000000020464,0.16346841179660032,1,-1,0.1111111111111111,0.04467
505,2020-01-27 09:46:43,N,AAPL,309.95,1.0,310.0,1.0,-2.0,-4.0,2020-01-27 09:46:43.063544,310.01,310.05,1,0.05000000000001137,0.16428351001576402,1,1,0.0,0.04467
506,2020-01-27 09:46:44,N,AAPL,310.01,1.0,310.05,4.0,-1.0,2.0,2020-01-27 09:46:44.115292,310.01,310.05,0,0.040000000000020464,0.16549263795707247,1,-1,-0.6,0.04467
507,2020-01-27 09:46:45,N,AAPL,310.01,1.0,310.05,2.0,0.0,0.0,2020-01-27 09:46:45.083554,310.01,310.06,0,0.040000000000020464,0.1656791907515185,1,1,-0.3333333333333333,0.04467
508,2020-01-27 09:46:46,N,AAPL,310.01,1.0,310.06,1.0,0.0,-2.0,2020-01-27 09:46:46.182957,310.03,310.07,0,0.05000000000001137,0.16569841291584453,1,1,0.0,0.04467
509,2020-01-27 09:46:47,N,AAPL,310.03,1.0,310.07,2.0,0.0,1.0,2020-01-27 09:46:47.740968,310.04,310.09,0,0.040000000000020464,0.16555506789194396,1,-1,-0.3333333333333333,0.04467
510,2020-01-27 09:46:49,N,AAPL,310.04,1.0,310.09,3.0,0.0,1.0,2020-01-27 09:46:49.198868,310.03,310.07,0,0.049999999999954525,0.16450804701878496,1,1,-0.5,0.04467
511,2020-01-27 09:46:50,N,AAPL,310.03,3.0,310.07,4.0,2.0,1.0,2020-01-27 09:46:50.417421,310.02,310.05,0,0.040000000000020464,0.16422953135679563,1,-1,-0.14285714285714285,0.04467
512,2020-01-27 09:46:51,N,AAPL,310.02,2.0,310.05,2.0,1.0,1.0,2020-01-27 09:46:51.437517,309.94,309.98,-1,0.03000000000002956,0.1647272912838389,1,-1,0.0,0.04467
513,2020-01-27 09:46:52,N,AAPL,309.94,2.0,309.98,2.0,1.0,0.0,2020-01-27 09:46:52.071277,310.03,310.08,1,0.040000000000020464,0.1645755924384389,1,1,0.0,0.04467
514,2020-01-27 09:46:53,N,AAPL,310.03,1.0,310.08,2.0,0.0,-8.0,2020-01-27 09:46:53.340540,310.08,310.15,0,0.05000000000001137,0.16514311233709122,1,1,-0.3333333333333333,0.04467
515,2020-01-27 09:46:54,N,AAPL,310.08,1.0,310.15,2.0,0.0,1.0,2020-01-27 09:46:54.069919,310.03,310.08,0,0.06999999999999318,0.16543443561175764,1,1,-0.3333333333333333,0.04467
516,2020-01-27 09:46:55,N,AAPL,310.03,3.0,310.08,1.0,2.0,0.0,2020-01-27 09:46:55.314751,310.03,310.09,0,0.05000000000001137,0.1647910799547958,1,-1,0.5,0.04705
517,2020-01-27 09:46:56,N,AAPL,310.03,3.0,310.09,1.0,0.0,0.0,2020-01-27 09:46:56.642618,310.04,310.07,0,0.060000000000002274,0.16368442919070958,1,1,0.5,0.04705
518,2020-01-27 09:46:57,N,AAPL,310.04,5.0,310.07,2.0,2.0,1.0,2020-01-27 09:46:57.509000,310.09,310.13,1,0.029999999999972715,0.16222145172901037,1,-1,0.42857142857142855,0.04705
519,2020-01-27 09:46:58,N,AAPL,310.09,2.0,310.13,1.0,-3.0,-1.0,2020-01-27 09:46:58.092254,310.16,310.23,1,0.040000000000020464,0.16154719020170205,1,1,0.3333333333333333,0.04705
520,2020-01-27 09:46:59,N,AAPL,310.16,1.0,310.23,2.0,0.0,1.0,2020-01-27 09:46:59.288660,310.22,310.26,0,0.06999999999999318,0.1616185703705355,1,1,-0.3333333333333333,0.04705
521,2020-01-27 09:47:00,N,AAPL,310.22,1.0,310.26,2.0,-4.0,1.0,2020-01-27 09:47:00.283384,310.25,310.3,0,0.03999999999996362,0.16204124017212962,1,-1,-0.3333333333333333,0.04705
522,2020-01-27 09:47:01,N,AAPL,310.25,1.0,310.3,1.0,0.0,-3.0,2020-01-27 09:47:01.153890,310.24,310.29,0,0.05000000000001137,0.16208755286623955,1,1,0.0,0.04705
523,2020-01-27 09:47:02,N,AAPL,310.24,2.0,310.29,1.0,-2.0,0.0,2020-01-27 09:47:02.098648,310.34,310.39,1,0.05000000000001137,0.16145837694972442,1,1,0.3333333333333333,0.04705
524,2020-01-27 09:47:03,N,AAPL,310.34,4.0,310.39,3.0,2.0,0.0,2020-01-27 09:47:03.059225,310.34,310.4,0,0.05000000000001137,0.16053473749127534,1,1,0.14285714285714285,0.04705
525,2020-01-27 09:47:04,N,AAPL,310.34,4.0,310.4,2.0,2.0,-1.0,2020-01-27 09:47:04.354700,310.35,310.41,0,0.060000000000002274,0.15899486554309306,1,1,0.3333333333333333,0.04705
526,2020-01-27 09:47:05,N,AAPL,310.35,1.0,310.41,1.0,-4.0,-4.0,2020-01-27 09:47:05.198403,310.41,310.47,0,0.060000000000002274,0.15897849223165395,1,1,0.0,0.04705
527,2020-01-27 09:47:06,N,AAPL,310.41,2.0,310.47,37.0,1.0,35.0,2020-01-27 09:47:06.323207,310.43,310.48,0,0.060000000000002274,0.18353337266131575,1,1,-0.8974358974358975,0.04705
528,2020-01-27 09:47:07,N,AAPL,310.43,4.0,310.48,3.0,2.0,-33.0,2020-01-27 09:47:07.680744,310.44,310.54,0,0.05000000000001137,0.18227834101389817,1,-1,0.14285714285714285,0.04731
529,2020-01-27 09:47:08,N,AAPL,310.44,2.0,310.54,5.0,1.0,-2.0,2020-01-27 09:47:08.102547,310.51,310.55,0,0.10000000000002274,0.18458569845023476,1,1,-0.42857142857142855,0.04731
530,2020-01-27 09:47:09,N,AAPL,310.51,4.0,310.55,1.0,3.0,-1.0,2020-01-27 09:47:09.684249,310.43,310.52,0,0.040000000000020464,0.18171069483639712,1,-1,0.6,0.04731
531,2020-01-27 09:47:10,N,AAPL,310.43,4.0,310.52,3.0,1.0,-1.0,2020-01-27 09:47:10.709726,310.49,310.54,0,0.08999999999997499,0.18158730431201775,1,1,0.14285714285714285,0.04731
532,2020-01-27 09:47:11,N,AAPL,310.49,3.0,310.54,2.0,-1.0,-1.0,2020-01-27 09:47:11.046513,310.6,310.64,1,0.05000000000001137,0.1805596826509941,1,-1,0.2,0.04731
533,2020-01-27 09:47:12,N,AAPL,310.6,2.0,310.64,2.0,1.0,-48.0,2020-01-27 09:47:12.537432,310.65,310.7,1,0.03999999999996362,0.18039273287371316,1,-1,0.0,0.04731
534,2020-01-27 09:47:13,N,AAPL,310.65,1.0,310.7,1.0,0.0,-9.0,2020-01-27 09:47:13.791619,310.58,310.65,0,0.05000000000001137,0.180207207168678,1,1,0.0,0.04731
535,2020-01-27 09:47:14,N,AAPL,310.58,2.0,310.65,1.0,0.0,-1.0,2020-01-27 09:47:14.001290,310.64,310.68,0,0.06999999999999318,0.17944476776528973,1,1,0.3333333333333333,0.04731
536,2020-01-27 09:47:15,N,AAPL,310.64,2.0,310.68,2.0,0.0,0.0,2020-01-27 09:47:15.397831,310.64,310.69,0,0.040000000000020464,0.17950715121082794,1,-1,0.0,0.04731
537,2020-01-27 09:47:16,N,AAPL,310.64,2.0,310.69,1.0,0.0,-1.0,2020-01-27 09:47:16.109684,310.68,310.71,0,0.05000000000001137,0.17874124879284636,1,1,0.3333333333333333,0.04731
538,2020-01-27 09:47:17,N,AAPL,310.68,2.0,310.71,2.0,-1.0,0.0,2020-01-27 09:47:17.044736,310.73,310.81,1,0.029999999999972715,0.17873122811562325,1,-1,0.0,0.04731
539,2020-01-27 09:47:18,N,AAPL,310.73,5.0,310.81,1.0,1.0,0.0,2020-01-27 09:47:18.274754,310.75,310.78,0,0.07999999999998408,0.17367329545453458,1,1,0.6666666666666666,0.04731
540,2020-01-27 09:47:20,N,AAPL,310.75,4.0,310.78,1.0,3.0,0.0,2020-01-27 09:47:20.244920,310.8,310.85,1,0.029999999999972715,0.16942595930976267,1,-1,0.6,0.04731
541,2020-01-27 09:47:21,N,AAPL,310.8,4.0,310.85,1.0,2.0,-1.0,2020-01-27 09:47:21.478080,310.88,310.94,1,0.05000000000001137,0.16565518290849468,1,1,0.6,0.04731
542,2020-01-27 09:47:22,N,AAPL,310.88,4.0,310.94,2.0,0.0,1.0,2020-01-27 09:47:22.437696,310.87,310.93,0,0.060000000000002274,0.1628955376550607,1,1,0.3333333333333333,0.04736
543,2020-01-27 09:47:23,N,AAPL,310.87,4.0,310.93,5.0,1.0,3.0,2020-01-27 09:47:23.438428,310.92,310.95,0,0.060000000000002274,0.1602899255697139,1,1,-0.1111111111111111,0.04736
544,2020-01-27 09:47:27,N,AAPL,310.92,2.0,310.95,2.0,1.0,-3.0,2020-01-27 09:47:27.267360,310.9,310.94,0,0.029999999999972715,0.16028147834373385,1,-1,0.0,0.04736
545,2020-01-27 09:47:31,N,AAPL,310.9,2.0,310.94,2.0,-2.0,1.0,2020-01-27 09:47:31.341580,310.75,310.79,-1,0.040000000000020464,0.15951021443987656,1,1,0.0,0.04736
546,2020-01-27 09:47:32,N,AAPL,310.75,2.0,310.79,1.0,1.0,-1.0,2020-01-27 09:47:32.027579,310.71,310.76,0,0.040000000000020464,0.1577231315823724,1,1,0.3333333333333333,0.04736
547,2020-01-27 09:47:33,N,AAPL,310.71,2.0,310.76,2.0,-2.0,1.0,2020-01-27 09:47:33.089359,310.69,310.74,0,0.05000000000001137,0.15612508273369485,1,1,0.0,0.04736
548,2020-01-27 09:47:34,N,AAPL,310.69,4.0,310.74,1.0,2.0,-2.0,2020-01-27 09:47:34.051372,310.69,310.72,0,0.05000000000001137,0.15308853156955138,1,1,0.6,0.04736
549,2020-01-27 09:47:35,N,AAPL,310.69,2.0,310.72,4.0,0.0,3.0,2020-01-27 09:47:35.984673,310.7,310.76,0,0.03000000000002956,0.1542025064173913,1,-1,-0.3333333333333333,0.04736
550,2020-01-27 09:47:36,N,AAPL,310.7,4.0,310.76,5.0,-1.0,1.0,2020-01-27 09:47:36.035988,310.74,310.8,0,0.060000000000002274,0.15612294977455576,1,1,-0.1111111111111111,0.04736
551,2020-01-27 09:47:37,N,AAPL,310.74,2.0,310.8,1.0,0.0,0.0,2020-01-27 09:47:37.221720,310.8,310.89,0,0.060000000000002274,0.15556302521002863,1,1,0.3333333333333333,0.04736
552,2020-01-27 09:47:38,N,AAPL,310.8,2.0,310.89,2.0,1.0,1.0,2020-01-27 09:47:38.445638,310.8,310.89,0,0.08999999999997499,0.15627544097685586,1,1,0.0,0.04736
553,2020-01-27 09:47:39,N,AAPL,310.8,2.0,310.89,1.0,0.0,0.0,2020-01-27 09:47:39.059843,310.86,310.91,0,0.08999999999997499,0.15371917722308126,1,1,0.3333333333333333,0.04736
554,2020-01-27 09:47:40,N,AAPL,310.86,3.0,310.91,1.0,1.0,0.0,2020-01-27 09:47:40.000579,310.95,310.99,1,0.05000000000001137,0.14833053831961251,1,-1,0.5,0.04736
555,2020-01-27 09:47:41,N,AAPL,310.95,1.0,310.99,1.0,0.0,-3.0,2020-01-27 09:47:41.803529,310.95,310.99,0,0.040000000000020464,0.14543388987254957,1,-1,0.0,0.04752
556,2020-01-27 09:47:42,N,AAPL,310.95,2.0,310.99,1.0,1.0,-1.0,2020-01-27 09:47:42.059046,310.94,310.97,0,0.040000000000020464,0.14399366355803522,1,1,0.3333333333333333,0.04752
557,2020-01-27 09:47:43,N,AAPL,310.94,2.0,310.97,3.0,0.0,2.0,2020-01-27 09:47:43.190283,310.95,310.99,0,0.03000000000002956,0.14521633970485937,1,-1,-0.2,0.04752
558,2020-01-27 09:47:44,N,AAPL,310.95,3.0,310.99,1.0,2.0,0.0,2020-01-27 09:47:44.015368,310.89,310.97,0,0.040000000000020464,0.14450001055797657,1,1,0.5,0.04752
559,2020-01-27 09:47:45,N,AAPL,310.89,3.0,310.97,2.0,2.0,1.0,2020-01-27 09:47:45.436758,310.89,310.94,0,0.08000000000004093,0.14383877583668436,1,1,0.2,0.04752
560,2020-01-27 09:47:46,N,AAPL,310.89,2.0,310.94,2.0,0.0,1.0,2020-01-27 09:47:46.325513,310.81,310.84,-1,0.05000000000001137,0.14455191758958108,1,-1,0.0,0.04752
561,2020-01-27 09:47:49,N,AAPL,310.81,2.0,310.84,4.0,0.0,3.0,2020-01-27 09:47:49.036818,310.59,310.67,-1,0.029999999999972715,0.14667030394241465,1,-1,-0.3333333333333333,0.04752
562,2020-01-27 09:47:50,N,AAPL,310.59,2.0,310.67,1.0,0.0,0.0,2020-01-27 09:47:50.271458,310.76,310.78,1,0.08000000000004093,0.14626406179769447,1,1,0.3333333333333333,0.04752
563,2020-01-27 09:47:51,N,AAPL,310.76,1.0,310.78,1.0,-1.0,0.0,2020-01-27 09:47:51.010670,310.58,310.62,-1,0.01999999999998181,0.1462666959348553,1,-1,0.0,0.04752
564,2020-01-27 09:47:53,N,AAPL,310.58,1.0,310.62,2.0,0.0,-1.0,2020-01-27 09:47:53.643216,310.51,310.56,-1,0.040000000000020464,0.14675328127947296,1,1,-0.3333333333333333,0.04752
565,2020-01-27 09:47:54,N,AAPL,310.51,1.0,310.56,1.0,0.0,-1.0,2020-01-27 09:47:54.171572,310.41,310.46,-1,0.05000000000001137,0.14674848757618975,1,1,0.0,0.04752
566,2020-01-27 09:47:55,N,AAPL,310.41,3.0,310.46,2.0,2.0,1.0,2020-01-27 09:47:55.056848,310.31,310.38,-1,0.049999999999954525,0.14604654362028668,1,-1,0.2,0.04752
567,2020-01-27 09:47:56,N,AAPL,310.31,1.0,310.38,1.0,-2.0,0.0,2020-01-27 09:47:56.642580,310.34,310.39,0,0.06999999999999318,0.1460602178090653,1,1,0.0,0.04752
568,2020-01-27 09:47:58,N,AAPL,310.34,3.0,310.39,2.0,2.0,0.0,2020-01-27 09:47:58.244793,310.36,310.45,0,0.05000000000001137,0.14768234865852037,1,-1,0.2,0.04752
569,2020-01-27 09:48:00,N,AAPL,310.36,1.0,310.45,5.0,0.0,1.0,2020-01-27 09:48:00.372804,310.42,310.47,0,0.08999999999997499,0.1496788908804092,1,1,-0.6666666666666666,0.04752
570,2020-01-27 09:48:01,N,AAPL,310.42,1.0,310.47,2.0,0.0,-3.0,2020-01-27 09:48:01.338375,310.39,310.4,-1,0.05000000000001137,0.14933538883917663,1,-1,-0.3333333333333333,0.04752
571,2020-01-27 09:48:02,N,AAPL,310.39,1.0,310.4,2.0,0.0,0.0,2020-01-27 09:48:02.795803,310.49,310.5,1,0.009999999999990905,0.14998204022987238,1,-1,-0.3333333333333333,0.04752
572,2020-01-27 09:48:03,N,AAPL,310.49,1.0,310.5,2.0,0.0,0.0,2020-01-27 09:48:03.878884,310.45,310.53,0,0.009999999999990905,0.15024422555814,1,1,-0.3333333333333333,0.04768
573,2020-01-27 09:48:04,N,AAPL,310.45,4.0,310.53,2.0,2.0,0.0,2020-01-27 09:48:04.082279,310.5,310.55,0,0.07999999999998408,0.149034280142871,1,1,0.3333333333333333,0.04768
574,2020-01-27 09:48:05,N,AAPL,310.5,1.0,310.55,1.0,-1.0,0.0,2020-01-27 09:48:05.255963,310.58,310.69,1,0.05000000000001137,0.14987389807271256,1,-1,0.0,0.04768
575,2020-01-27 09:48:06,N,AAPL,310.58,3.0,310.69,2.0,2.0,0.0,2020-01-27 09:48:06.285192,310.64,310.7,0,0.11000000000001364,0.14902493713873355,1,1,0.2,0.04768
576,2020-01-27 09:48:07,N,AAPL,310.64,2.0,310.7,2.0,-1.0,0.0,2020-01-27 09:48:07.181744,310.64,310.67,0,0.060000000000002274,0.14874674282560818,1,-1,0.0,0.04768
577,2020-01-27 09:48:09,N,AAPL,310.64,2.0,310.67,2.0,-2.0,-15.0,2020-01-27 09:48:09.434136,310.62,310.73,0,0.03000000000002956,0.14906858462910577,1,-1,0.0,0.04768
578,2020-01-27 09:48:10,N,AAPL,310.62,1.0,310.73,2.0,-4.0,0.0,2020-01-27 09:48:10.015931,310.64,310.72,0,0.11000000000001364,0.14941400555358086,1,1,-0.3333333333333333,0.04768
579,2020-01-27 09:48:11,N,AAPL,310.64,2.0,310.72,2.0,-1.0,0.0,2020-01-27 09:48:11.022191,310.71,310.77,0,0.08000000000004093,0.1496764075124588,1,-1,0.0,0.04768
580,2020-01-27 09:48:12,N,AAPL,310.71,1.0,310.77,2.0,-1.0,1.0,2020-01-27 09:48:12.055383,310.75,310.8,0,0.060000000000002274,0.15069999286208713,1,-1,-0.3333333333333333,0.04768
581,2020-01-27 09:48:13,N,AAPL,310.75,1.0,310.8,1.0,0.0,-1.0,2020-01-27 09:48:13.179768,310.77,310.82,0,0.05000000000001137,0.15181884449418703,1,-1,0.0,0.04768
582,2020-01-27 09:48:15,N,AAPL,310.77,2.0,310.82,1.0,1.0,-8.0,2020-01-27 09:48:15.099562,310.7,310.75,-1,0.05000000000001137,0.14552208240320397,1,1,0.3333333333333333,0.04768
583,2020-01-27 09:48:16,N,AAPL,310.7,2.0,310.75,2.0,0.0,1.0,2020-01-27 09:48:16.290081,310.76,310.8,1,0.05000000000001137,0.14535352562700155,1,1,0.0,0.04768
584,2020-01-27 09:48:17,N,AAPL,310.76,2.0,310.8,4.0,1.0,3.0,2020-01-27 09:48:17.053069,310.75,310.81,0,0.040000000000020464,0.14709508570484786,1,-1,-0.3333333333333333,0.04768
585,2020-01-27 09:48:18,N,AAPL,310.75,1.0,310.81,5.0,0.0,4.0,2020-01-27 09:48:18.165801,310.75,310.77,0,0.060000000000002274,0.16729664504049424,1,1,-0.6666666666666666,0.04768
586,2020-01-27 09:48:20,N,AAPL,310.75,1.0,310.77,1.0,-2.0,-1.0,2020-01-27 09:48:20.560721,310.76,310.82,0,0.01999999999998181,0.1672515794232936,1,-1,0.0,0.04768
587,2020-01-27 09:48:21,N,AAPL,310.76,2.0,310.82,3.0,-3.0,1.0,2020-01-27 09:48:21.077212,310.79,310.82,0,0.060000000000002274,0.16826433461699253,1,1,-0.2,0.04768
588,2020-01-27 09:48:22,N,AAPL,310.79,1.0,310.82,2.0,0.0,1.0,2020-01-27 09:48:22.632626,310.77,310.84,0,0.029999999999972715,0.16927101560548863,1,-1,-0.3333333333333333,0.04768
589,2020-01-27 09:48:23,N,AAPL,310.77,1.0,310.84,2.0,0.0,0.0,2020-01-27 09:48:23.460243,310.72,310.78,0,0.06999999999999318,0.16953201926463635,1,1,-0.3333333333333333,0.04794
590,2020-01-27 09:48:24,N,AAPL,310.72,2.0,310.78,2.0,1.0,0.0,2020-01-27 09:48:24.218219,310.72,310.78,0,0.05999999999994543,0.1687119949370981,1,-1,0.0,0.04794
591,2020-01-27 09:48:25,N,AAPL,310.72,2.0,310.78,1.0,0.0,-1.0,2020-01-27 09:48:25.393128,310.65,310.69,-1,0.05999999999994543,0.16701664156028073,1,1,0.3333333333333333,0.04794
592,2020-01-27 09:48:26,N,AAPL,310.65,1.0,310.69,1.0,-1.0,0.0,2020-01-27 09:48:26.136612,310.61,310.68,0,0.040000000000020464,0.1834681677769936,1,-1,0.0,0.04794
593,2020-01-27 09:48:27,N,AAPL,310.61,2.0,310.68,1.0,0.0,0.0,2020-01-27 09:48:27.318040,310.59,310.66,0,0.06999999999999318,0.18122064006894334,1,1,0.3333333333333333,0.04794
