,last_interval,Exchange,Symbol,Best_Bid_Price,FB0,Best_Offer_Price,FA0,FB2,FA2,p_time,Next_Best_Bid,Next_Best_Offer,outcome,Spread,AWS,Anomaly,Spread Change,Quote IMB,VPIN
0,2020-01-15 09:30:01,N,AAPL,311.92,2.0,311.99,1.0,1.0,0.0,2020-01-15 09:30:01.004096,311.9,311.95,0,0.06999999999999318,0.06999999999999318,0,0,0.3333333333333333,0.00085
1,2020-01-15 09:30:02,N,AAPL,311.9,3.0,311.95,1.0,1.0,-2.0,2020-01-15 09:30:02.316396,311.95,312.0,0,0.05000000000001137,0.06200000000001182,0,-1,0.5,0.00085
2,2020-01-15 09:30:04,N,AAPL,311.95,1.0,312.0,73.0,-2.0,-1.0,2020-01-15 09:30:04.616660,311.59,311.62,-1,0.05000000000001137,0.08419999999995298,1,1,-0.972972972972973,0.00085
3,2020-01-15 09:30:09,N,AAPL,311.59,2.0,311.62,2.0,1.0,1.0,2020-01-15 09:30:09.164108,311.5,311.53,-1,0.03000000000002956,0.15560064935061746,1,-1,0.0,0.00085
4,2020-01-15 09:30:10,N,AAPL,311.5,1.0,311.53,3.0,-1.0,2.0,2020-01-15 09:30:10.047426,311.61,311.65,1,0.029999999999972715,0.1754583333333244,1,-1,-0.5,0.00085
5,2020-01-15 09:30:12,N,AAPL,311.61,1.0,311.65,1.0,0.0,-2.0,2020-01-15 09:30:12.154104,311.75,311.81,1,0.03999999999996362,0.19014814814812553,1,1,0.0,0.00085
6,2020-01-15 09:30:13,N,AAPL,311.75,1.0,311.81,1.0,0.0,0.0,2020-01-15 09:30:13.036859,312.29,312.34,1,0.060000000000002274,0.19076496674057353,1,1,0.0,0.00085
7,2020-01-15 09:30:17,N,AAPL,312.29,15.0,312.34,2.0,14.0,1.0,2020-01-15 09:30:17.349222,312.68,312.74,1,0.049999999999954525,-0.09718864468862876,1,-1,0.7647058823529411,0.00085
8,2020-01-15 09:30:22,N,AAPL,312.68,1.0,312.74,1.0,-14.0,-1.0,2020-01-15 09:30:22.487354,312.68,312.75,0,0.060000000000002274,-0.11069716775597271,1,1,0.0,0.00085
9,2020-01-15 09:30:23,N,AAPL,312.68,2.0,312.75,1.0,1.0,-2.0,2020-01-15 09:30:23.204993,312.67,312.79,0,0.06999999999999318,-0.14214915797913363,1,1,0.3333333333333333,0.00085
10,2020-01-15 09:30:24,N,AAPL,312.67,1.0,312.79,3.0,-1.0,1.0,2020-01-15 09:30:24.112204,312.64,312.72,0,0.12000000000000455,-0.1331123595505801,1,1,-0.5,0.00085
11,2020-01-15 09:30:25,N,AAPL,312.64,2.0,312.72,1.0,1.0,-2.0,2020-01-15 09:30:25.188644,312.65,312.76,0,0.08000000000004093,-0.1557708333333494,1,-1,0.3333333333333333,0.00085
12,2020-01-15 09:30:26,N,AAPL,312.65,4.0,312.76,2.0,2.0,1.0,2020-01-15 09:30:26.065999,312.63,312.74,0,0.11000000000001364,-0.19169082125608838,1,1,0.3333333333333333,0.00085
13,2020-01-15 09:30:27,N,AAPL,312.63,6.0,312.74,2.0,3.0,1.0,2020-01-15 09:30:27.353954,312.63,312.71,0,0.11000000000001364,-0.233262411347539,1,1,0.5,0.00085
14,2020-01-15 09:30:28,N,AAPL,312.63,3.0,312.71,4.0,1.0,3.0,2020-01-15 09:30:28.076366,312.6,312.67,0,0.07999999999998408,-0.22922222222223354,1,-1,-0.14285714285714285,0.00085
15,2020-01-15 09:30:29,N,AAPL,312.6,2.0,312.67,4.0,-1.0,2.0,2020-01-15 09:30:29.555579,312.57,312.67,0,0.06999999999999318,-0.21844180225275522,1,-1,-0.3333333333333333,0.00085
16,2020-01-15 09:30:31,N,AAPL,312.57,2.0,312.67,2.0,0.0,1.0,2020-01-15 09:30:31.143105,312.53,312.64,0,0.10000000000002274,-0.21757653061217752,1,1,0.0,0.00085
17,2020-01-15 09:30:32,N,AAPL,312.53,2.0,312.64,3.0,1.0,1.0,2020-01-15 09:30:32.272276,312.48,312.55,0,0.11000000000001364,-0.2105570826460621,1,1,-0.2,0.00085
18,2020-01-15 09:30:33,N,AAPL,312.48,1.0,312.55,1.0,0.0,0.0,2020-01-15 09:30:33.191941,312.41,312.5,0,0.06999999999999318,-0.209316239316081,1,-1,0.0,0.00085
19,2020-01-15 09:30:35,N,AAPL,312.41,5.0,312.5,2.0,3.0,0.0,2020-01-15 09:30:35.061425,312.41,312.5,0,0.08999999999997499,-0.20828708133961982,1,1,0.42857142857142855,0.00085
20,2020-01-15 09:30:36,N,AAPL,312.41,5.0,312.5,1.0,0.0,-1.0,2020-01-15 09:30:36.038196,312.41,312.49,0,0.08999999999997499,-0.20974716652119696,1,1,0.6666666666666666,0.00085
21,2020-01-15 09:30:37,N,AAPL,312.41,4.0,312.49,4.0,-1.0,3.0,2020-01-15 09:30:37.134190,312.41,312.47,0,0.07999999999998408,-0.2010434782607149,1,-1,0.0,0.00085
22,2020-01-15 09:30:38,N,AAPL,312.41,4.0,312.47,4.0,0.0,-1.0,2020-01-15 09:30:38.049913,312.25,312.33,-1,0.060000000000002274,-0.193445378151182,1,-1,0.0,0.00085
23,2020-01-15 09:30:39,N,AAPL,312.25,2.0,312.33,2.0,1.0,0.0,2020-01-15 09:30:39.920040,312.18,312.25,0,0.07999999999998408,-0.1876561065196256,1,1,0.0,0.00085
24,2020-01-15 09:30:40,N,AAPL,312.18,4.0,312.25,1.0,3.0,-1.0,2020-01-15 09:30:40.986454,312.22,312.29,0,0.06999999999999318,-0.1775582398618667,1,-1,0.6,0.00118
25,2020-01-15 09:30:41,N,AAPL,312.22,4.0,312.29,2.0,0.0,1.0,2020-01-15 09:30:41.743733,312.25,312.35,0,0.06999999999999318,-0.1691532258063262,1,1,0.3333333333333333,0.00118
26,2020-01-15 09:30:42,N,AAPL,312.25,5.0,312.35,2.0,3.0,1.0,2020-01-15 09:30:42.019106,312.34,312.4,0,0.10000000000002274,-0.1608543417366377,1,1,0.42857142857142855,0.00118
27,2020-01-15 09:30:46,N,AAPL,312.34,3.0,312.4,5.0,-1.0,4.0,2020-01-15 09:30:46.518920,312.35,312.4,0,0.060000000000002274,-0.1524175919499271,0,-1,-0.25,0.00118
28,2020-01-15 09:30:47,N,AAPL,312.35,4.0,312.4,4.0,1.0,0.0,2020-01-15 09:30:47.081145,312.36,312.48,0,0.049999999999954525,-0.1465821256037998,0,-1,0.0,0.00118
29,2020-01-15 09:30:48,N,AAPL,312.36,2.0,312.48,2.0,0.0,-1.0,2020-01-15 09:30:48.040314,312.46,312.53,0,0.12000000000000455,-0.14283196148466004,0,1,0.0,0.00118
30,2020-01-15 09:30:49,N,AAPL,312.46,2.0,312.53,1.0,1.0,-4.0,2020-01-15 09:30:49.364600,312.43,312.47,0,0.06999999999999318,-0.14293025362314893,0,-1,0.3333333333333333,0.00118
31,2020-01-15 09:30:50,N,AAPL,312.43,1.0,312.47,1.0,-4.0,0.0,2020-01-15 09:30:50.766846,312.43,312.47,0,0.040000000000020464,-0.14188904546466574,0,-1,0.0,0.00118
32,2020-01-15 09:30:52,N,AAPL,312.43,3.0,312.47,3.0,2.0,2.0,2020-01-15 09:30:52.712707,312.33,312.41,-1,0.040000000000020464,-0.13882112676054703,0,1,0.0,0.00118
33,2020-01-15 09:30:53,N,AAPL,312.33,1.0,312.41,1.0,-1.0,0.0,2020-01-15 09:30:53.132808,312.26,312.33,0,0.08000000000004093,-0.13724641694943784,0,1,0.0,0.00118
34,2020-01-15 09:30:54,N,AAPL,312.26,2.0,312.33,1.0,0.0,-1.0,2020-01-15 09:30:54.074249,312.17,312.21,-1,0.06999999999999318,-0.13474514563108642,0,-1,0.3333333333333333,0.00118
35,2020-01-15 09:30:55,N,AAPL,312.17,1.0,312.21,1.0,-1.0,0.0,2020-01-15 09:30:55.213426,312.13,312.2,0,0.03999999999996362,-0.13306830238724388,0,-1,0.0,0.00118
36,2020-01-15 09:30:56,N,AAPL,312.13,2.0,312.2,1.0,1.0,0.0,2020-01-15 09:30:56.434739,312.22,312.27,1,0.06999999999999318,-0.12913155854226943,0,1,0.3333333333333333,0.00118
37,2020-01-15 09:30:57,N,AAPL,312.22,1.0,312.27,1.0,0.0,0.0,2020-01-15 09:30:57.479012,312.25,312.35,0,0.049999999999954525,-0.12761332570414652,0,-1,0.0,0.00118
38,2020-01-15 09:30:58,N,AAPL,312.25,1.0,312.35,3.0,0.0,1.0,2020-01-15 09:30:58.227950,312.25,312.35,0,0.10000000000002274,-0.12399259259268547,0,1,-0.5,0.00118
39,2020-01-15 09:30:59,N,AAPL,312.25,1.0,312.35,3.0,0.0,1.0,2020-01-15 09:30:59.074548,312.2,312.28,0,0.10000000000002274,-0.1204970918030881,0,1,-0.5,0.00118
40,2020-01-15 09:31:00,N,AAPL,312.2,1.0,312.28,1.0,0.0,0.0,2020-01-15 09:31:00.528450,312.27,312.34,0,0.07999999999998408,-0.1188441558441582,0,-1,0.0,0.00118
41,2020-01-15 09:31:01,N,AAPL,312.27,2.0,312.34,2.0,1.0,1.0,2020-01-15 09:31:01.263358,312.31,312.35,0,0.06999999999999318,-0.11610119047617218,0,-1,0.0,0.00118
42,2020-01-15 09:31:02,N,AAPL,312.31,2.0,312.35,1.0,0.0,0.0,2020-01-15 09:31:02.321583,312.38,312.42,1,0.040000000000020464,-0.11485249748579918,0,-1,0.3333333333333333,0.00118
43,2020-01-15 09:31:03,N,AAPL,312.38,2.0,312.42,2.0,0.0,-1.0,2020-01-15 09:31:03.560811,312.33,312.45,0,0.040000000000020464,-0.11312676209070105,0,1,0.0,0.00118
44,2020-01-15 09:31:04,N,AAPL,312.33,1.0,312.45,2.0,0.0,0.0,2020-01-15 09:31:04.124535,312.39,312.45,0,0.12000000000000455,-0.11024313850407452,0,1,-0.3333333333333333,0.00118
45,2020-01-15 09:31:05,N,AAPL,312.39,1.0,312.45,2.0,0.0,-2.0,2020-01-15 09:31:05.089682,312.4,312.43,0,0.060000000000002274,-0.10793854632430566,0,-1,-0.3333333333333333,0.00118
46,2020-01-15 09:31:06,N,AAPL,312.4,4.0,312.43,2.0,0.0,0.0,2020-01-15 09:31:06.027023,312.42,312.43,0,0.03000000000002956,-0.10763785394937031,0,-1,0.3333333333333333,0.00118
47,2020-01-15 09:31:07,N,AAPL,312.42,2.0,312.43,2.0,0.0,0.0,2020-01-15 09:31:07.164598,312.44,312.49,1,0.009999999999990905,-0.1065786169596663,0,-1,0.0,0.00118
48,2020-01-15 09:31:08,N,AAPL,312.44,2.0,312.49,2.0,1.0,0.0,2020-01-15 09:31:08.236687,312.47,312.55,0,0.05000000000001137,-0.1051408847562243,0,1,0.0,0.00118
49,2020-01-15 09:31:09,N,AAPL,312.47,1.0,312.55,2.0,-1.0,1.0,2020-01-15 09:31:09.259366,312.5,312.55,0,0.07999999999998408,-0.10247409863239909,0,1,-0.3333333333333333,0.00118
50,2020-01-15 09:31:10,N,AAPL,312.5,3.0,312.55,1.0,2.0,0.0,2020-01-15 09:31:10.570134,312.58,312.63,1,0.05000000000001137,-0.10435241502682402,0,-1,0.5,0.00118
51,2020-01-15 09:31:11,N,AAPL,312.58,2.0,312.63,1.0,-2.0,0.0,2020-01-15 09:31:11.201870,312.56,312.65,0,0.05000000000001137,-0.10567612541603921,0,1,0.3333333333333333,0.00118
52,2020-01-15 09:31:12,N,AAPL,312.56,3.0,312.65,3.0,2.0,0.0,2020-01-15 09:31:12.304668,312.51,312.55,-1,0.08999999999997499,-0.10344276094281213,0,1,0.0,0.00118
53,2020-01-15 09:31:13,N,AAPL,312.51,2.0,312.55,2.0,1.0,1.0,2020-01-15 09:31:13.892121,312.47,312.55,0,0.040000000000020464,-0.10236283113260924,0,-1,0.0,0.00118
54,2020-01-15 09:31:14,N,AAPL,312.47,9.0,312.55,2.0,0.0,0.0,2020-01-15 09:31:14.034698,312.37,312.45,-1,0.07999999999998408,-0.1061902587519512,0,1,0.6363636363636364,0.00118
55,2020-01-15 09:31:15,N,AAPL,312.37,4.0,312.45,4.0,0.0,2.0,2020-01-15 09:31:15.175318,312.41,312.49,0,0.07999999999998408,-0.10218550724641773,0,1,0.0,0.00118
56,2020-01-15 09:31:16,N,AAPL,312.41,1.0,312.49,2.0,-3.0,0.0,2020-01-15 09:31:16.220724,312.47,312.54,0,0.07999999999998408,-0.10002634764657614,0,1,-0.3333333333333333,0.00118
57,2020-01-15 09:31:17,N,AAPL,312.47,1.0,312.54,1.0,-1.0,0.0,2020-01-15 09:31:17.121387,312.48,312.56,0,0.06999999999999318,-0.09925028145232773,0,-1,0.0,0.00118
58,2020-01-15 09:31:18,N,AAPL,312.48,2.0,312.56,1.0,-2.0,-2.0,2020-01-15 09:31:18.022246,312.51,312.61,0,0.07999999999998408,-0.09919729206967531,0,1,0.3333333333333333,0.00118
59,2020-01-15 09:31:19,N,AAPL,312.51,1.0,312.61,2.0,-1.0,1.0,2020-01-15 09:31:19.061861,312.47,312.55,0,0.10000000000002274,-0.09650594227514375,0,1,-0.3333333333333333,0.00118
60,2020-01-15 09:31:20,N,AAPL,312.47,4.0,312.55,1.0,2.0,-1.0,2020-01-15 09:31:20.398391,312.51,312.58,0,0.07999999999998408,-0.09767295597487191,0,-1,0.6,0.00118
61,2020-01-15 09:31:21,N,AAPL,312.51,1.0,312.58,1.0,-3.0,0.0,2020-01-15 09:31:21.043274,312.48,312.57,0,0.06999999999999318,-0.09694791666674973,0,-1,0.0,0.00118
62,2020-01-15 09:31:22,N,AAPL,312.48,1.0,312.57,1.0,-1.0,-1.0,2020-01-15 09:31:22.409705,312.54,312.64,0,0.08999999999997499,-0.09609403662352634,0,1,0.0,0.00118
63,2020-01-15 09:31:23,N,AAPL,312.54,1.0,312.64,1.0,0.0,-1.0,2020-01-15 09:31:23.144784,312.55,312.64,0,0.0999999999999659,-0.09525709558351991,0,1,0.0,0.00118
64,2020-01-15 09:31:24,N,AAPL,312.55,2.0,312.64,3.0,-2.0,-1.0,2020-01-15 09:31:24.051661,312.54,312.64,0,0.08999999999997499,-0.09189086294418303,0,-1,-0.2,0.00118
65,2020-01-15 09:31:25,N,AAPL,312.54,2.0,312.64,2.0,0.0,0.0,2020-01-15 09:31:25.199935,312.57,312.64,0,0.0999999999999659,-0.09029696676151389,0,1,0.0,0.00118
66,2020-01-15 09:31:26,N,AAPL,312.57,2.0,312.64,2.0,0.0,0.0,2020-01-15 09:31:26.082828,312.52,312.6,0,0.06999999999999318,-0.08908404406537329,0,-1,0.0,0.00118
67,2020-01-15 09:31:27,N,AAPL,312.52,3.0,312.6,2.0,2.0,0.0,2020-01-15 09:31:27.574306,312.5,312.57,0,0.08000000000004093,-0.08851928672254417,0,1,0.2,0.00118
68,2020-01-15 09:31:28,N,AAPL,312.5,3.0,312.57,2.0,2.0,1.0,2020-01-15 09:31:28.049982,312.58,312.59,1,0.06999999999999318,-0.08787580599948797,0,-1,0.2,0.00118
69,2020-01-15 09:31:29,N,AAPL,312.58,1.0,312.59,1.0,-1.0,-1.0,2020-01-15 09:31:29.408269,312.57,312.63,0,0.009999999999990905,-0.08757142857143663,0,-1,0.0,0.00118
70,2020-01-15 09:31:30,N,AAPL,312.57,2.0,312.63,2.0,-2.0,1.0,2020-01-15 09:31:30.067244,312.5,312.57,0,0.060000000000002274,-0.08646811169057855,0,1,0.0,0.00118
71,2020-01-15 09:31:31,N,AAPL,312.5,1.0,312.57,2.0,-1.0,0.0,2020-01-15 09:31:31.210701,312.52,312.61,0,0.06999999999999318,-0.08452755484216823,1,1,-0.3333333333333333,0.00118
72,2020-01-15 09:31:32,N,AAPL,312.52,1.0,312.61,1.0,-2.0,0.0,2020-01-15 09:31:32.239364,312.53,312.6,0,0.09000000000003183,-0.08381450395819456,1,1,0.0,0.00127
73,2020-01-15 09:31:33,N,AAPL,312.53,2.0,312.6,1.0,0.0,-1.0,2020-01-15 09:31:33.703417,312.53,312.57,0,0.07000000000005002,-0.0840003127279374,1,-1,0.3333333333333333,0.00127
74,2020-01-15 09:31:34,N,AAPL,312.53,2.0,312.57,1.0,1.0,0.0,2020-01-15 09:31:34.065653,312.5,312.54,0,0.040000000000020464,-0.08430539521265246,1,-1,0.3333333333333333,0.00127
75,2020-01-15 09:31:36,N,AAPL,312.5,1.0,312.54,3.0,-1.0,1.0,2020-01-15 09:31:36.119538,312.65,312.68,1,0.040000000000020464,-0.08164251207716688,1,1,-0.5,0.00127
76,2020-01-15 09:31:37,N,AAPL,312.65,4.0,312.68,3.0,3.0,1.0,2020-01-15 09:31:37.558474,312.66,312.71,0,0.03000000000002956,-0.08208466919256807,1,-1,0.14285714285714285,0.00127
77,2020-01-15 09:31:39,N,AAPL,312.66,2.0,312.71,2.0,1.0,0.0,2020-01-15 09:31:39.734246,312.72,312.74,1,0.049999999999954525,-0.0812800666824387,1,1,0.0,0.00127
78,2020-01-15 09:31:40,N,AAPL,312.72,4.0,312.74,2.0,3.0,0.0,2020-01-15 09:31:40.495302,312.69,312.73,0,0.01999999999998181,-0.08412116869305919,1,-1,0.3333333333333333,0.00127
79,2020-01-15 09:31:41,N,AAPL,312.69,2.0,312.73,4.0,0.0,2.0,2020-01-15 09:31:41.191339,312.7,312.73,0,0.040000000000020464,-0.07981861907757093,1,1,-0.3333333333333333,0.00127
80,2020-01-15 09:31:42,N,AAPL,312.7,2.0,312.73,4.0,1.0,3.0,2020-01-15 09:31:42.198926,312.7,312.75,0,0.03000000000002956,-0.07580808080808765,1,-1,-0.3333333333333333,0.00127
81,2020-01-15 09:31:43,N,AAPL,312.7,5.0,312.75,2.0,4.0,-2.0,2020-01-15 09:31:43.334576,312.73,312.78,0,0.05000000000001137,-0.07937123406412638,1,1,0.42857142857142855,0.00127
82,2020-01-15 09:31:44,N,AAPL,312.73,2.0,312.78,2.0,-3.0,0.0,2020-01-15 09:31:44.511992,312.68,312.73,0,0.049999999999954525,-0.07865905552677077,1,-1,0.0,0.00127
83,2020-01-15 09:31:45,N,AAPL,312.68,2.0,312.73,4.0,1.0,2.0,2020-01-15 09:31:45.015068,312.56,312.66,-1,0.05000000000001137,-0.07467224546724083,1,1,-0.3333333333333333,0.00127
84,2020-01-15 09:31:46,N,AAPL,312.56,2.0,312.66,1.0,1.0,-1.0,2020-01-15 09:31:46.183739,312.65,312.74,0,0.10000000000002274,-0.07468281499205887,1,1,0.3333333333333333,0.00127
85,2020-01-15 09:31:47,N,AAPL,312.65,2.0,312.74,2.0,1.0,1.0,2020-01-15 09:31:47.226310,312.74,312.79,0,0.09000000000003183,-0.07359543300299265,1,-1,0.0,0.00127
86,2020-01-15 09:31:48,N,AAPL,312.74,2.0,312.79,1.0,0.0,-1.0,2020-01-15 09:31:48.271931,312.92,313.0,1,0.05000000000001137,-0.07473888599082557,1,-1,0.3333333333333333,0.00127
87,2020-01-15 09:31:49,N,AAPL,312.92,2.0,313.0,1.0,0.0,-2.0,2020-01-15 09:31:49.142809,312.9,312.96,0,0.07999999999998408,-0.07665611894776703,1,1,0.3333333333333333,0.00127
88,2020-01-15 09:31:50,N,AAPL,312.9,1.0,312.96,4.0,-3.0,3.0,2020-01-15 09:31:50.163752,312.84,312.92,0,0.060000000000002274,-0.06909647550776299,1,-1,-0.6,0.00127
89,2020-01-15 09:31:51,N,AAPL,312.84,2.0,312.92,4.0,-2.0,3.0,2020-01-15 09:31:51.076844,312.82,312.89,0,0.08000000000004093,-0.06402650356773165,1,1,-0.3333333333333333,0.00127
90,2020-01-15 09:31:52,N,AAPL,312.82,4.0,312.89,1.0,3.0,0.0,2020-01-15 09:31:52.002689,312.8,312.83,0,0.06999999999999318,-0.06883968949182417,1,-1,0.6,0.00127
91,2020-01-15 09:31:53,N,AAPL,312.8,2.0,312.83,1.0,1.0,0.0,2020-01-15 09:31:53.825551,312.8,312.87,0,0.029999999999972715,-0.0702126687288569,1,-1,0.3333333333333333,0.00127
92,2020-01-15 09:31:54,N,AAPL,312.8,1.0,312.87,1.0,-1.0,-3.0,2020-01-15 09:31:54.009002,312.71,312.83,0,0.06999999999999318,-0.06984575163403406,1,1,0.0,0.00127
93,2020-01-15 09:31:55,N,AAPL,312.71,3.0,312.83,2.0,2.0,0.0,2020-01-15 09:31:55.216904,312.76,312.86,0,0.12000000000000455,-0.06975697999865815,1,1,0.2,0.00127
94,2020-01-15 09:31:57,N,AAPL,312.76,2.0,312.86,2.0,-1.0,0.0,2020-01-15 09:31:57.038081,312.91,312.99,1,0.10000000000002274,-0.06874299143868257,1,-1,0.0,0.00127
95,2020-01-15 09:31:58,N,AAPL,312.91,2.0,312.99,1.0,-2.0,-2.0,2020-01-15 09:31:58.018481,312.9,313.0,0,0.07999999999998408,-0.07033023872679678,1,-1,0.3333333333333333,0.00127
96,2020-01-15 09:31:59,N,AAPL,312.9,1.0,313.0,2.0,-1.0,0.0,2020-01-15 09:31:59.103176,312.92,313.0,0,0.10000000000002274,-0.06756511483143868,1,1,-0.3333333333333333,0.00127
97,2020-01-15 09:32:00,N,AAPL,312.92,2.0,313.0,2.0,1.0,0.0,2020-01-15 09:32:00.000522,312.92,313.0,0,0.07999999999998408,-0.06687395228880177,1,-1,0.0,0.00127
98,2020-01-15 09:32:01,N,AAPL,312.92,4.0,313.0,2.0,-1.0,-1.0,2020-01-15 09:32:01.254901,312.91,313.04,0,0.07999999999998408,-0.06994148551291346,1,1,0.3333333333333333,0.00127
99,2020-01-15 09:32:02,N,AAPL,312.91,1.0,313.04,1.0,0.0,0.0,2020-01-15 09:32:02.471535,312.94,312.99,0,0.12999999999999545,-0.0693759363296067,1,1,0.0,0.00127
100,2020-01-15 09:32:03,N,AAPL,312.94,2.0,312.99,1.0,1.0,0.0,2020-01-15 09:32:03.053238,312.94,312.98,0,0.05000000000001137,-0.07103028247195198,1,-1,0.3333333333333333,0.00127
101,2020-01-15 09:32:04,N,AAPL,312.94,3.0,312.98,2.0,-1.0,1.0,2020-01-15 09:32:04.026548,312.95,313.01,0,0.040000000000020464,-0.07243008314435428,1,-1,0.2,0.00127
102,2020-01-15 09:32:05,N,AAPL,312.95,1.0,313.01,2.0,0.0,-2.0,2020-01-15 09:32:05.577777,312.95,313.01,0,0.060000000000002274,-0.06993155188899891,1,1,-0.3333333333333333,0.00127
103,2020-01-15 09:32:07,N,AAPL,312.95,1.0,313.01,1.0,0.0,-1.0,2020-01-15 09:32:07.998450,312.96,313.04,0,0.060000000000002274,-0.06963369963369814,1,1,0.0,0.00127
104,2020-01-15 09:32:08,N,AAPL,312.96,2.0,313.04,2.0,1.0,1.0,2020-01-15 09:32:08.014184,312.98,313.03,0,0.08000000000004093,-0.06890237312882164,1,1,0.0,0.00127
105,2020-01-15 09:32:09,N,AAPL,312.98,2.0,313.03,1.0,1.0,-1.0,2020-01-15 09:32:09.374365,312.94,313.0,0,0.049999999999954525,-0.07058418499912023,1,-1,0.3333333333333333,0.00127
106,2020-01-15 09:32:10,N,AAPL,312.94,1.0,313.0,1.0,-1.0,-2.0,2020-01-15 09:32:10.000752,312.95,312.99,0,0.060000000000002274,-0.07027118789750375,1,1,0.0,0.00127
107,2020-01-15 09:32:11,N,AAPL,312.95,2.0,312.99,2.0,0.0,1.0,2020-01-15 09:32:11.014790,312.93,312.99,0,0.040000000000020464,-0.06979863404171738,1,-1,0.0,0.00127
108,2020-01-15 09:32:12,N,AAPL,312.93,4.0,312.99,5.0,3.0,3.0,2020-01-15 09:32:12.077579,312.9,312.95,0,0.060000000000002274,-0.06661589693197811,1,1,-0.1111111111111111,0.00127
109,2020-01-15 09:32:13,N,AAPL,312.9,1.0,312.95,5.0,0.0,3.0,2020-01-15 09:32:13.117000,312.89,312.96,0,0.05000000000001137,-0.05935097727478933,1,-1,-0.6666666666666666,0.00127
110,2020-01-15 09:32:14,N,AAPL,312.89,1.0,312.96,2.0,-3.0,1.0,2020-01-15 09:32:14.220911,312.86,312.93,0,0.06999999999999318,-0.05731509384082756,1,1,-0.3333333333333333,0.00127
111,2020-01-15 09:32:15,N,AAPL,312.86,1.0,312.93,2.0,-2.0,1.0,2020-01-15 09:32:15.362676,312.88,312.97,0,0.06999999999999318,-0.05540556797825502,1,1,-0.3333333333333333,0.00127
112,2020-01-15 09:32:16,N,AAPL,312.88,2.0,312.97,2.0,1.0,0.0,2020-01-15 09:32:16.252916,312.86,312.94,0,0.09000000000003183,-0.054721789005611754,1,1,0.0,0.00127
113,2020-01-15 09:32:17,N,AAPL,312.86,1.0,312.94,1.0,0.0,-1.0,2020-01-15 09:32:17.076850,312.94,312.99,0,0.07999999999998408,-0.05440724815724707,1,-1,0.0,0.00127
114,2020-01-15 09:32:19,N,AAPL,312.94,1.0,312.99,2.0,0.0,0.0,2020-01-15 09:32:19.128192,312.94,312.99,0,0.05000000000001137,-0.052466632898585885,1,-1,-0.3333333333333333,0.00127
115,2020-01-15 09:32:20,N,AAPL,312.94,1.0,312.99,2.0,0.0,1.0,2020-01-15 09:32:20.041266,312.89,312.94,0,0.05000000000001137,-0.05056115288221008,1,1,-0.3333333333333333,0.00127
116,2020-01-15 09:32:21,N,AAPL,312.89,3.0,312.94,2.0,1.0,1.0,2020-01-15 09:32:21.305703,312.93,312.97,0,0.05000000000001137,-0.05156613899896456,1,1,0.2,0.00127
117,2020-01-15 09:32:22,N,AAPL,312.93,2.0,312.97,2.0,-2.0,1.0,2020-01-15 09:32:22.026414,312.99,312.99,1,0.040000000000020464,-0.05128799281413876,1,-1,0.0,0.00127
118,2020-01-15 09:32:23,N,AAPL,312.99,1.0,312.99,4.0,-3.0,3.0,2020-01-15 09:32:23.228955,312.99,313.02,0,0.0,-0.04632257448434984,1,-1,-0.6,0.00127
119,2020-01-15 09:32:24,N,AAPL,312.99,4.0,313.02,2.0,3.0,-2.0,2020-01-15 09:32:24.475939,312.97,313.04,0,0.029999999999972715,-0.049529686769574255,1,1,0.3333333333333333,0.00127
120,2020-01-15 09:32:25,N,AAPL,312.97,2.0,313.04,1.0,1.0,-3.0,2020-01-15 09:32:25.206875,312.98,313.04,0,0.06999999999999318,-0.05086978648603235,1,1,0.3333333333333333,0.0035
121,2020-01-15 09:32:26,N,AAPL,312.98,1.0,313.04,2.0,0.0,0.0,2020-01-15 09:32:26.043871,312.98,313.05,0,0.060000000000002274,-0.04892610532834851,1,-1,-0.3333333333333333,0.0035
122,2020-01-15 09:32:27,N,AAPL,312.98,1.0,313.05,4.0,-4.0,3.0,2020-01-15 09:32:27.063733,313.08,313.13,1,0.06999999999999318,-0.04345651194239508,1,1,-0.6,0.0035
123,2020-01-15 09:32:28,N,AAPL,313.08,4.0,313.13,2.0,2.0,0.0,2020-01-15 09:32:28.017388,313.13,313.19,0,0.05000000000001137,-0.04706830323641498,1,-1,0.3333333333333333,0.0035
124,2020-01-15 09:32:29,N,AAPL,313.13,2.0,313.19,2.0,0.0,0.0,2020-01-15 09:32:29.799762,313.11,313.18,0,0.060000000000002274,-0.04684312572169347,1,1,0.0,0.0035
125,2020-01-15 09:32:30,N,AAPL,313.11,1.0,313.18,1.0,0.0,-3.0,2020-01-15 09:32:30.622592,313.13,313.2,0,0.06999999999999318,-0.04669065293148833,1,1,0.0,0.0035
126,2020-01-15 09:32:31,N,AAPL,313.13,2.0,313.2,4.0,0.0,3.0,2020-01-15 09:32:31.194608,313.16,313.21,0,0.06999999999999318,-0.042190438788338724,1,1,-0.3333333333333333,0.0035
127,2020-01-15 09:32:32,N,AAPL,313.16,2.0,313.21,2.0,1.0,-2.0,2020-01-15 09:32:32.111014,313.06,313.14,-1,0.049999999999954525,-0.0420931816276493,1,-1,0.0,0.0035
128,2020-01-15 09:32:33,N,AAPL,313.06,4.0,313.14,2.0,2.0,-2.0,2020-01-15 09:32:33.073849,313.1,313.2,0,0.07999999999998408,-0.04506882383151378,1,1,0.3333333333333333,0.0035
129,2020-01-15 09:32:34,N,AAPL,313.1,21.0,313.2,2.0,1.0,0.0,2020-01-15 09:32:34.221332,313.11,313.19,0,0.0999999999999659,-0.07614991612018684,1,1,0.8260869565217391,0.0035
130,2020-01-15 09:32:35,N,AAPL,313.11,2.0,313.19,3.0,-19.0,0.0,2020-01-15 09:32:35.547032,313.16,313.18,0,0.07999999999998408,-0.0734088989017323,1,-1,-0.2,0.0035
131,2020-01-15 09:32:36,N,AAPL,313.16,4.0,313.18,4.0,2.0,1.0,2020-01-15 09:32:36.427167,313.14,313.18,0,0.01999999999998181,-0.07264964546800456,1,-1,0.0,0.0035
132,2020-01-15 09:32:37,N,AAPL,313.14,201.0,313.18,1.0,1.0,0.0,2020-01-15 09:32:37.797234,313.14,313.19,0,0.040000000000020464,-0.272021707344436,1,1,0.9900990099009901,0.0035
133,2020-01-15 09:32:38,N,AAPL,313.14,188.0,313.19,1.0,0.0,0.0,2020-01-15 09:32:38.247549,313.14,313.19,0,0.05000000000001137,-0.3553771277494775,1,1,0.9894179894179894,0.0068
134,2020-01-15 09:32:39,N,AAPL,313.14,188.0,313.19,1.0,0.0,0.0,2020-01-15 09:32:39.131457,313.14,313.19,0,0.05000000000001137,-0.40309043836879255,1,1,0.9894179894179894,0.0068
135,2020-01-15 09:32:40,N,AAPL,313.14,91.0,313.19,1.0,-4.0,-5.0,2020-01-15 09:32:40.619446,313.15,313.19,0,0.05000000000001137,-0.4184623788909221,1,1,0.9782608695652174,0.0101
136,2020-01-15 09:32:41,N,AAPL,313.15,1.0,313.19,1.0,-90.0,0.0,2020-01-15 09:32:41.311636,313.11,313.16,0,0.040000000000020464,-0.4167874240255287,1,-1,0.0,0.0101
137,2020-01-15 09:32:42,N,AAPL,313.11,1.0,313.16,4.0,-90.0,3.0,2020-01-15 09:32:42.176364,313.0,313.07,-1,0.05000000000001137,-0.40995260938080946,1,1,-0.6,0.0101
138,2020-01-15 09:32:43,N,AAPL,313.0,3.0,313.07,4.0,0.0,2.0,2020-01-15 09:32:43.059488,313.01,313.09,0,0.06999999999999318,-0.404248229785253,1,1,-0.14285714285714285,0.0101
139,2020-01-15 09:32:44,N,AAPL,313.01,1.0,313.09,1.0,-3.0,0.0,2020-01-15 09:32:44.060250,313.08,313.12,0,0.07999999999998408,-0.4028034517673973,1,1,0.0,0.0101
140,2020-01-15 09:32:47,N,AAPL,313.08,4.0,313.12,1.0,3.0,-1.0,2020-01-15 09:32:47.344838,313.1,313.13,0,0.040000000000020464,-0.4016816949152826,1,-1,0.6,0.0101
141,2020-01-15 09:32:48,N,AAPL,313.1,2.0,313.13,1.0,-2.0,0.0,2020-01-15 09:32:48.091057,312.97,313.03,-1,0.029999999999972715,-0.4003594501139105,1,-1,0.3333333333333333,0.0101
142,2020-01-15 09:32:49,N,AAPL,312.97,2.0,313.03,2.0,0.0,1.0,2020-01-15 09:32:49.059054,312.97,313.06,0,0.05999999999994543,-0.3977834320979241,1,1,0.0,0.0101
143,2020-01-15 09:32:50,N,AAPL,312.97,2.0,313.06,2.0,-4.0,-2.0,2020-01-15 09:32:50.085575,312.98,313.06,0,0.08999999999997499,-0.3950689733465538,1,1,0.0,0.0101
144,2020-01-15 09:32:51,N,AAPL,312.98,2.0,313.06,2.0,1.0,0.0,2020-01-15 09:32:51.105601,312.98,313.03,0,0.07999999999998408,-0.39240442114061125,1,-1,0.0,0.0101
145,2020-01-15 09:32:52,N,AAPL,312.98,1.0,313.03,2.0,-1.0,-1.0,2020-01-15 09:32:52.024066,312.95,313.0,0,0.049999999999954525,-0.389925600722961,1,-1,-0.3333333333333333,0.0101
146,2020-01-15 09:32:53,N,AAPL,312.95,2.0,313.0,2.0,0.0,0.0,2020-01-15 09:32:53.034695,312.95,313.0,0,0.05000000000001137,-0.3875880926249806,1,1,0.0,0.0101
147,2020-01-15 09:32:55,N,AAPL,312.95,1.0,313.0,6.0,0.0,5.0,2020-01-15 09:32:55.552107,312.96,313.0,0,0.05000000000001137,-0.38082734943481,1,1,-0.7142857142857143,0.0101
148,2020-01-15 09:32:57,N,AAPL,312.96,1.0,313.0,6.0,-1.0,0.0,2020-01-15 09:32:57.668734,312.98,313.0,0,0.040000000000020464,-0.37429105972495336,1,-1,-0.7142857142857143,0.0101
149,2020-01-15 09:32:58,N,AAPL,312.98,2.0,313.0,6.0,-1.0,1.0,2020-01-15 09:32:58.005908,312.99,313.0,0,0.01999999999998181,-0.3679880384314629,1,-1,-0.5,0.0101
150,2020-01-15 09:32:59,N,AAPL,312.99,1.0,313.0,4.0,0.0,1.0,2020-01-15 09:32:59.111943,312.98,313.0,0,0.009999999999990905,-0.36390170705413993,1,-1,-0.6,0.0101
151,2020-01-15 09:33:00,N,AAPL,312.98,2.0,313.0,6.0,1.0,5.0,2020-01-15 09:33:00.000454,312.96,313.0,0,0.01999999999998181,-0.3579185850618387,1,1,-0.5,0.0101
152,2020-01-15 09:33:01,N,AAPL,312.96,2.0,313.0,6.0,1.0,0.0,2020-01-15 09:33:01.384359,312.97,313.04,0,0.040000000000020464,-0.35207666224391687,1,1,-0.5,0.0101
153,2020-01-15 09:33:02,N,AAPL,312.97,4.0,313.04,2.0,2.0,-3.0,2020-01-15 09:33:02.829583,312.98,313.03,0,0.06999999999999318,-0.3499724322008433,1,1,0.3333333333333333,0.0101
154,2020-01-15 09:33:04,N,AAPL,312.98,4.0,313.03,2.0,-194.0,-3.0,2020-01-15 09:33:04.482244,312.97,313.0,0,0.049999999999954525,-0.3479776192178292,1,-1,0.3333333333333333,0.0101
155,2020-01-15 09:33:05,N,AAPL,312.97,1.0,313.0,5.0,-3.0,4.0,2020-01-15 09:33:05.248773,312.99,313.04,0,0.029999999999972715,-0.3433551992225716,1,-1,-0.6666666666666666,0.0101
156,2020-01-15 09:33:09,N,AAPL,312.99,2.0,313.04,2.0,-1.0,0.0,2020-01-15 09:33:09.816562,312.96,312.98,-1,0.05000000000001137,-0.3413801424144367,1,1,0.0,0.01302
157,2020-01-15 09:33:10,N,AAPL,312.96,191.0,312.98,1.0,189.0,0.0,2020-01-15 09:33:10.439435,312.99,313.01,1,0.020000000000038654,-0.3388248891968715,1,-1,0.9895833333333334,0.01302
158,2020-01-15 09:33:11,N,AAPL,312.99,4.0,313.01,1.0,-187.0,0.0,2020-01-15 09:33:11.109538,312.97,313.0,0,0.01999999999998181,-0.3379713410095633,1,-1,0.6,0.01438
159,2020-01-15 09:33:14,N,AAPL,312.97,2.0,313.0,1.0,1.0,-3.0,2020-01-15 09:33:14.031991,313.01,313.09,1,0.029999999999972715,-0.3370797808993302,1,1,0.3333333333333333,0.01438
160,2020-01-15 09:33:15,N,AAPL,313.01,4.0,313.09,1.0,0.0,-1.0,2020-01-15 09:33:15.058679,313.04,313.08,0,0.07999999999998408,-0.3361062096116143,1,1,0.6,0.01438
161,2020-01-15 09:33:16,N,AAPL,313.04,2.0,313.08,2.0,-2.0,1.0,2020-01-15 09:33:16.345321,313.14,313.19,1,0.03999999999996362,-0.3340729803016984,1,-1,0.0,0.01438
162,2020-01-15 09:33:17,N,AAPL,313.14,2.0,313.19,2.0,0.0,0.0,2020-01-15 09:33:17.420797,313.09,313.15,0,0.05000000000001137,-0.33169542899617,1,1,0.0,0.01438
163,2020-01-15 09:33:18,N,AAPL,313.09,2.0,313.15,4.0,1.0,0.0,2020-01-15 09:33:18.248604,313.07,313.12,0,0.060000000000002274,-0.3270373787411245,1,1,-0.3333333333333333,0.01438
164,2020-01-15 09:33:19,N,AAPL,313.07,2.0,313.12,6.0,-2.0,4.0,2020-01-15 09:33:19.252260,313.02,313.08,0,0.05000000000001137,-0.3205109285499361,1,-1,-0.5,0.01438
165,2020-01-15 09:33:20,N,AAPL,313.02,1.0,313.08,4.0,-1.0,0.0,2020-01-15 09:33:20.260599,312.98,313.01,-1,0.060000000000002274,-0.316566165278914,1,1,-0.6,0.01438
166,2020-01-15 09:33:23,N,AAPL,312.98,4.0,313.01,2.0,2.0,-2.0,2020-01-15 09:33:23.308071,312.9,312.92,-1,0.029999999999972715,-0.31495537912019245,1,-1,0.3333333333333333,0.01438
167,2020-01-15 09:33:24,N,AAPL,312.9,4.0,312.92,2.0,3.0,-1.0,2020-01-15 09:33:24.890941,312.93,312.98,1,0.020000000000038654,-0.3135160972815356,1,-1,0.3333333333333333,0.01438
168,2020-01-15 09:33:25,N,AAPL,312.93,2.0,312.98,1.0,0.0,0.0,2020-01-15 09:33:25.334610,312.94,313.0,0,0.05000000000001137,-0.31271182596253766,1,1,0.3333333333333333,0.01438
169,2020-01-15 09:33:26,N,AAPL,312.94,4.0,313.0,2.0,2.0,0.0,2020-01-15 09:33:26.334063,312.93,312.98,0,0.060000000000002274,-0.31105476953234756,1,1,0.3333333333333333,0.01438
170,2020-01-15 09:33:27,N,AAPL,312.93,1.0,312.98,2.0,0.0,0.0,2020-01-15 09:33:27.403532,312.94,312.97,0,0.05000000000001137,-0.3095662362609346,1,-1,-0.3333333333333333,0.01438
171,2020-01-15 09:33:28,N,AAPL,312.94,1.0,312.97,2.0,0.0,1.0,2020-01-15 09:33:28.044822,312.93,312.99,0,0.03000000000002956,-0.30814400979795664,1,-1,-0.3333333333333333,0.01438
172,2020-01-15 09:33:29,N,AAPL,312.93,1.0,312.99,4.0,0.0,2.0,2020-01-15 09:33:29.107379,312.98,313.01,0,0.060000000000002274,-0.30517392046607483,1,1,-0.6,0.01438
173,2020-01-15 09:33:30,N,AAPL,312.98,1.0,313.01,2.0,0.0,-2.0,2020-01-15 09:33:30.544424,313.03,313.11,1,0.029999999999972715,-0.30364338013515635,1,-1,-0.3333333333333333,0.01438
174,2020-01-15 09:33:31,N,AAPL,313.03,4.0,313.11,2.0,0.0,0.0,2020-01-15 09:33:31.010710,312.98,313.03,0,0.08000000000004093,-0.3018657053121956,1,1,0.3333333333333333,0.01438
175,2020-01-15 09:33:32,N,AAPL,312.98,1.0,313.03,2.0,-1.0,1.0,2020-01-15 09:33:32.107463,313.0,313.08,0,0.049999999999954525,-0.3002757460809562,1,-1,-0.3333333333333333,0.01438
176,2020-01-15 09:33:33,N,AAPL,313.0,4.0,313.08,2.0,0.0,0.0,2020-01-15 09:33:33.288648,313.0,313.07,0,0.07999999999998408,-0.29856690470410285,1,1,0.3333333333333333,0.01438
177,2020-01-15 09:33:34,N,AAPL,313.0,4.0,313.07,2.0,0.0,0.0,2020-01-15 09:33:34.417598,313.01,313.08,0,0.06999999999999318,-0.29691701760179967,1,-1,0.3333333333333333,0.01438
178,2020-01-15 09:33:35,N,AAPL,313.01,1.0,313.08,2.0,-3.0,0.0,2020-01-15 09:33:35.246751,313.01,313.09,0,0.06999999999999318,-0.2951758578965382,1,1,-0.3333333333333333,0.01438
179,2020-01-15 09:33:36,N,AAPL,313.01,2.0,313.09,2.0,1.0,0.0,2020-01-15 09:33:36.107967,312.94,312.97,-1,0.07999999999998408,-0.29343786312784914,1,1,0.0,0.01438
180,2020-01-15 09:33:37,N,AAPL,312.94,1.0,312.97,1.0,-3.0,-1.0,2020-01-15 09:33:37.322528,312.94,313.0,0,0.03000000000002956,-0.2927795193312477,1,-1,0.0,0.01438
181,2020-01-15 09:33:38,N,AAPL,312.94,4.0,313.0,5.0,3.0,4.0,2020-01-15 09:33:38.820500,312.94,312.98,0,0.060000000000002274,-0.2892314306745334,1,1,-0.1111111111111111,0.01438
182,2020-01-15 09:33:39,N,AAPL,312.94,1.0,312.98,4.0,-3.0,-1.0,2020-01-15 09:33:39.630017,312.94,312.99,0,0.040000000000020464,-0.286667611390385,1,-1,-0.6,0.01438
183,2020-01-15 09:33:40,N,AAPL,312.94,2.0,312.99,1.0,-2.0,0.0,2020-01-15 09:33:40.017990,313.03,313.09,1,0.05000000000001137,-0.2859711745511504,1,1,0.3333333333333333,0.01438
184,2020-01-15 09:33:41,N,AAPL,313.03,9.0,313.09,3.0,5.0,1.0,2020-01-15 09:33:41.389448,313.05,313.09,0,0.060000000000002274,-0.2838250773993991,1,1,0.5,0.01438
185,2020-01-15 09:33:42,N,AAPL,313.05,1.0,313.09,2.0,-8.0,-1.0,2020-01-15 09:33:42.346073,313.05,313.09,0,0.03999999999996362,-0.282195323634312,1,-1,-0.3333333333333333,0.01438
186,2020-01-15 09:33:43,N,AAPL,313.05,1.0,313.09,2.0,0.0,0.0,2020-01-15 09:33:43.130433,313.02,313.07,0,0.03999999999996362,-0.28057959814532296,1,1,-0.3333333333333333,0.01438
187,2020-01-15 09:33:44,N,AAPL,313.02,2.0,313.07,1.0,-2.0,-1.0,2020-01-15 09:33:44.171995,313.02,313.05,0,0.05000000000001137,-0.27986419753085556,1,1,0.3333333333333333,0.01438
188,2020-01-15 09:33:45,N,AAPL,313.02,2.0,313.05,1.0,0.0,-1.0,2020-01-15 09:33:45.096357,312.99,313.02,0,0.03000000000002956,-0.2791934336849522,1,-1,0.3333333333333333,0.01438
189,2020-01-15 09:33:46,N,AAPL,312.99,2.0,313.02,3.0,-3.0,1.0,2020-01-15 09:33:46.683593,312.95,312.99,0,0.029999999999972715,-0.2771871582962717,1,-1,-0.2,0.01438
190,2020-01-15 09:33:47,N,AAPL,312.95,5.0,312.99,1.0,0.0,0.0,2020-01-15 09:33:47.068138,313.04,313.09,1,0.040000000000020464,-0.2764964253269113,1,1,0.6666666666666666,0.01438
191,2020-01-15 09:33:48,N,AAPL,313.04,1.0,313.09,1.0,0.0,-2.0,2020-01-15 09:33:48.917347,313.06,313.07,0,0.049999999999954525,-0.2757350689126383,1,1,0.0,0.01438
192,2020-01-15 09:33:49,N,AAPL,313.06,1.0,313.07,1.0,0.0,0.0,2020-01-15 09:33:49.473233,313.01,313.06,0,0.009999999999990905,-0.2750333459541707,1,-1,0.0,0.01438
193,2020-01-15 09:33:51,N,AAPL,313.01,1.0,313.06,1.0,0.0,0.0,2020-01-15 09:33:51.131880,313.01,313.07,0,0.05000000000001137,-0.2743169398906389,1,1,0.0,0.01438
194,2020-01-15 09:33:52,N,AAPL,313.01,2.0,313.07,1.0,-2.0,-2.0,2020-01-15 09:33:52.403406,312.95,312.99,-1,0.060000000000002274,-0.2736129661717541,1,1,0.3333333333333333,0.01438
195,2020-01-15 09:33:54,N,AAPL,312.95,2.0,312.99,2.0,1.0,0.0,2020-01-15 09:33:54.881216,312.97,313.03,0,0.040000000000020464,-0.2723887753961094,1,-1,0.0,0.01438
196,2020-01-15 09:33:55,N,AAPL,312.97,1.0,313.03,2.0,-1.0,0.0,2020-01-15 09:33:55.171019,312.99,313.03,0,0.05999999999994543,-0.27104318030484364,1,1,-0.3333333333333333,0.01438
197,2020-01-15 09:33:56,N,AAPL,312.99,2.0,313.03,4.0,1.0,2.0,2020-01-15 09:33:56.110934,313.06,313.09,1,0.03999999999996362,-0.26841488474565267,1,-1,-0.3333333333333333,0.01438
198,2020-01-15 09:33:57,N,AAPL,313.06,1.0,313.09,2.0,-1.0,0.0,2020-01-15 09:33:57.985395,313.14,313.17,1,0.029999999999972715,-0.26692939069619115,1,-1,-0.3333333333333333,0.01438
199,2020-01-15 09:34:01,N,AAPL,313.14,2.0,313.17,2.0,1.0,0.0,2020-01-15 09:34:01.081393,313.19,313.2,1,0.03000000000002956,-0.2653257369933044,1,1,0.0,0.01438
200,2020-01-15 09:34:02,N,AAPL,313.19,2.0,313.2,2.0,-4.0,0.0,2020-01-15 09:34:02.079076,313.27,313.28,1,0.009999999999990905,-0.26369257184160233,1,-1,0.0,0.01438
201,2020-01-15 09:34:03,N,AAPL,313.27,1.0,313.28,6.0,-1.0,4.0,2020-01-15 09:34:03.100008,313.32,313.38,1,0.009999999999990905,-0.25717413580531456,1,1,-0.7142857142857143,0.01438
202,2020-01-15 09:34:04,N,AAPL,313.32,1.0,313.38,1.0,-2.0,-5.0,2020-01-15 09:34:04.079110,313.29,313.32,0,0.060000000000002274,-0.25613283497966677,1,1,0.0,0.01595
203,2020-01-15 09:34:06,N,AAPL,313.29,2.0,313.32,7.0,0.0,5.0,2020-01-15 09:34:06.408278,313.34,313.38,1,0.029999999999972715,-0.24843386782919197,1,-1,-0.5555555555555556,0.01595
204,2020-01-15 09:34:07,N,AAPL,313.34,1.0,313.38,2.0,0.0,1.0,2020-01-15 09:34:07.513918,313.3,313.33,-1,0.040000000000020464,-0.24618358963175524,1,1,-0.3333333333333333,0.01595
205,2020-01-15 09:34:09,N,AAPL,313.3,1.0,313.33,1.0,0.0,-1.0,2020-01-15 09:34:09.461461,313.3,313.34,0,0.029999999999972715,-0.24526998491705854,1,-1,0.0,0.01595
206,2020-01-15 09:34:10,N,AAPL,313.3,1.0,313.34,2.0,0.0,1.0,2020-01-15 09:34:10.170424,313.31,313.36,0,0.03999999999996362,-0.24317066410281996,1,1,-0.3333333333333333,0.01595
207,2020-01-15 09:34:12,N,AAPL,313.31,2.0,313.36,2.0,-9.0,0.0,2020-01-15 09:34:12.356516,313.24,313.31,0,0.05000000000001137,-0.24127324108690118,1,1,0.0,0.01595
208,2020-01-15 09:34:13,N,AAPL,313.24,1.0,313.31,4.0,-1.0,2.0,2020-01-15 09:34:13.062770,313.26,313.35,0,0.06999999999999318,-0.23709854180901857,1,1,-0.6,0.01595
209,2020-01-15 09:34:14,N,AAPL,313.26,1.0,313.35,2.0,0.0,0.0,2020-01-15 09:34:14.134567,313.35,313.39,0,0.09000000000003183,-0.23499981571512762,1,1,-0.3333333333333333,0.01595
210,2020-01-15 09:34:15,N,AAPL,313.35,1.0,313.39,2.0,-2.0,1.0,2020-01-15 09:34:15.448764,313.32,313.35,0,0.03999999999996362,-0.2328353541510637,1,-1,-0.3333333333333333,0.01595
211,2020-01-15 09:34:16,N,AAPL,313.32,1.0,313.35,1.0,0.0,-1.0,2020-01-15 09:34:16.106171,313.3,313.35,0,0.03000000000002956,-0.23195318998597259,1,-1,0.0,0.01595
212,2020-01-15 09:34:17,N,AAPL,313.3,1.0,313.35,4.0,0.0,2.0,2020-01-15 09:34:17.295203,313.27,313.33,0,0.05000000000001137,-0.22767406799380296,1,1,-0.6,0.01595
213,2020-01-15 09:34:18,N,AAPL,313.27,2.0,313.33,2.0,0.0,0.0,2020-01-15 09:34:18.965116,313.27,313.33,0,0.060000000000002274,-0.22595361225592114,1,1,0.0,0.01595
214,2020-01-15 09:34:19,N,AAPL,313.27,2.0,313.33,2.0,0.0,1.0,2020-01-15 09:34:19.046745,313.29,313.35,0,0.060000000000002274,-0.22424782208651095,1,1,0.0,0.01595
215,2020-01-15 09:34:20,N,AAPL,313.29,1.0,313.35,2.0,0.0,0.0,2020-01-15 09:34:20.100002,313.29,313.33,0,0.060000000000002274,-0.22227846569188614,1,1,-0.3333333333333333,0.01595
216,2020-01-15 09:34:21,N,AAPL,313.29,1.0,313.33,4.0,0.0,2.0,2020-01-15 09:34:21.162104,313.32,313.36,0,0.03999999999996362,-0.21829940789632474,1,-1,-0.6,0.01595
217,2020-01-15 09:34:22,N,AAPL,313.32,2.0,313.36,1.0,0.0,0.0,2020-01-15 09:34:22.037839,313.32,313.36,0,0.040000000000020464,-0.21771310387572385,1,1,0.3333333333333333,0.01595
218,2020-01-15 09:34:25,N,AAPL,313.32,2.0,313.36,2.0,0.0,1.0,2020-01-15 09:34:25.225517,313.16,313.2,-1,0.040000000000020464,-0.21603879870116316,1,1,0.0,0.01595
219,2020-01-15 09:34:26,N,AAPL,313.16,1.0,313.2,4.0,-1.0,2.0,2020-01-15 09:34:26.829457,313.22,313.23,1,0.03999999999996362,-0.21300727389836993,1,-1,-0.6,0.01595
220,2020-01-15 09:34:27,N,AAPL,313.22,4.0,313.23,1.0,3.0,-1.0,2020-01-15 09:34:27.085142,313.17,313.23,0,0.009999999999990905,-0.21288757104014167,1,-1,0.6,0.01595
221,2020-01-15 09:34:28,N,AAPL,313.17,2.0,313.23,4.0,1.0,0.0,2020-01-15 09:34:28.174524,313.03,313.08,-1,0.060000000000002274,-0.20984649282496548,1,1,-0.3333333333333333,0.01595
222,2020-01-15 09:34:29,N,AAPL,313.03,1.0,313.08,1.0,0.0,-1.0,2020-01-15 09:34:29.633128,313.03,313.07,0,0.05000000000001137,-0.20932861369391276,1,-1,0.0,0.01595
223,2020-01-15 09:34:30,N,AAPL,313.03,1.0,313.07,3.0,0.0,2.0,2020-01-15 09:34:30.671929,312.99,313.01,-1,0.040000000000020464,-0.20776387975399757,1,-1,-0.5,0.01595
224,2020-01-15 09:34:31,N,AAPL,312.99,1.0,313.01,1.0,-1.0,-4.0,2020-01-15 09:34:31.181336,313.03,313.1,1,0.01999999999998181,-0.20734823009303227,1,-1,0.0,0.01595
225,2020-01-15 09:34:32,N,AAPL,313.03,2.0,313.1,2.0,1.0,0.0,2020-01-15 09:34:32.056833,313.09,313.13,0,0.07000000000005002,-0.2062623648851627,1,1,0.0,0.01595
226,2020-01-15 09:34:34,N,AAPL,313.09,2.0,313.13,2.0,0.0,1.0,2020-01-15 09:34:34.084244,313.12,313.19,0,0.040000000000020464,-0.2051671886990789,1,-1,0.0,0.01595
227,2020-01-15 09:34:35,N,AAPL,313.12,2.0,313.19,2.0,-2.0,0.0,2020-01-15 09:34:35.048674,313.08,313.15,0,0.06999999999999318,-0.2039139576881439,1,1,0.0,0.01595
228,2020-01-15 09:34:36,N,AAPL,313.08,1.0,313.15,2.0,-3.0,-2.0,2020-01-15 09:34:36.005542,313.05,313.09,0,0.06999999999999318,-0.2026773813988143,1,1,-0.3333333333333333,0.01595
229,2020-01-15 09:34:37,N,AAPL,313.05,1.0,313.09,2.0,-4.0,1.0,2020-01-15 09:34:37.463668,313.04,313.09,0,0.03999999999996362,-0.20163686319040153,1,-1,-0.3333333333333333,0.01595
230,2020-01-15 09:34:38,N,AAPL,313.04,1.0,313.09,4.0,0.0,2.0,2020-01-15 09:34:38.567394,313.05,313.1,0,0.049999999999954525,-0.19951904891246386,1,1,-0.6,0.01595
231,2020-01-15 09:34:39,N,AAPL,313.05,1.0,313.1,1.0,-1.0,-1.0,2020-01-15 09:34:39.303378,313.09,313.12,0,0.05000000000001137,-0.19901773459133665,1,1,0.0,0.01595
232,2020-01-15 09:34:41,N,AAPL,313.09,1.0,313.12,2.0,0.0,1.0,2020-01-15 09:34:41.399408,313.11,313.14,0,0.03000000000002956,-0.19792929961596428,1,-1,-0.3333333333333333,0.01595
233,2020-01-15 09:34:42,N,AAPL,313.11,1.0,313.14,10.0,-29.0,9.0,2020-01-15 09:34:42.348000,313.06,313.11,0,0.029999999999972715,-0.19195746098745303,0,-1,-0.8181818181818182,0.01595
234,2020-01-15 09:34:43,N,AAPL,313.06,1.0,313.11,2.0,0.0,1.0,2020-01-15 09:34:43.389504,313.12,313.18,1,0.05000000000001137,-0.19092863460679155,0,1,-0.3333333333333333,0.01595
235,2020-01-15 09:34:45,N,AAPL,313.12,2.0,313.18,2.0,1.0,0.0,2020-01-15 09:34:45.694530,313.15,313.22,0,0.060000000000002274,-0.18981815838083094,0,1,0.0,0.01595
236,2020-01-15 09:34:46,N,AAPL,313.15,2.0,313.22,1.0,0.0,-1.0,2020-01-15 09:34:46.112983,313.14,313.19,0,0.07000000000005002,-0.18934491553210364,0,1,0.3333333333333333,0.01595
237,2020-01-15 09:34:47,N,AAPL,313.14,1.0,313.19,3.0,-1.0,2.0,2020-01-15 09:34:47.378735,313.08,313.16,0,0.05000000000001137,-0.18746125709992612,0,-1,-0.5,0.01595
238,2020-01-15 09:34:48,N,AAPL,313.08,2.0,313.16,2.0,1.0,-1.0,2020-01-15 09:34:48.391780,313.08,313.11,0,0.08000000000004093,-0.18638410751600532,0,1,0.0,0.01595
239,2020-01-15 09:34:49,N,AAPL,313.08,1.0,313.11,4.0,-2.0,2.0,2020-01-15 09:34:49.943700,313.08,313.13,0,0.03000000000002956,-0.18436628099175323,0,-1,-0.6,0.01595
240,2020-01-15 09:34:50,N,AAPL,313.08,1.0,313.13,2.0,0.0,-2.0,2020-01-15 09:34:50.071521,313.1,313.16,0,0.05000000000001137,-0.18333798274017,0,1,-0.3333333333333333,0.01595
241,2020-01-15 09:34:51,N,AAPL,313.1,1.0,313.16,2.0,0.0,0.0,2020-01-15 09:34:51.153667,313.12,313.15,0,0.060000000000002274,-0.18223281138762104,0,1,-0.3333333333333333,0.01595
242,2020-01-15 09:34:52,N,AAPL,313.12,1.0,313.15,2.0,0.0,0.0,2020-01-15 09:34:52.538382,313.14,313.2,0,0.029999999999972715,-0.18118256492601859,0,-1,-0.3333333333333333,0.01595
243,2020-01-15 09:34:53,N,AAPL,313.14,2.0,313.2,2.0,1.0,1.0,2020-01-15 09:34:53.108382,313.16,313.2,0,0.060000000000002274,-0.18010652055704668,0,1,0.0,0.01595
244,2020-01-15 09:34:56,N,AAPL,313.16,3.0,313.2,4.0,2.0,3.0,2020-01-15 09:34:56.336039,313.13,313.17,0,0.03999999999996362,-0.17790643739505185,0,-1,-0.14285714285714285,0.01595
245,2020-01-15 09:34:57,N,AAPL,313.13,1.0,313.17,2.0,-1.0,-1.0,2020-01-15 09:34:57.472824,313.12,313.16,0,0.040000000000020464,-0.1768290268660735,0,1,-0.3333333333333333,0.01595
246,2020-01-15 09:34:59,N,AAPL,313.12,9.0,313.16,2.0,8.0,0.0,2020-01-15 09:34:59.243530,313.14,313.18,0,0.040000000000020464,-0.1765802210963443,0,1,0.6363636363636364,0.01595
247,2020-01-15 09:35:02,N,AAPL,313.14,2.0,313.18,5.0,1.0,4.0,2020-01-15 09:35:02.413622,313.11,313.13,-1,0.040000000000020464,-0.17381599047268992,0,1,-0.42857142857142855,0.01595
248,2020-01-15 09:35:05,N,AAPL,313.11,5.0,313.13,3.0,3.0,-2.0,2020-01-15 09:35:05.457764,313.09,313.11,0,0.01999999999998181,-0.1727387122417099,0,-1,0.25,0.01595
249,2020-01-15 09:35:06,N,AAPL,313.09,1.0,313.11,1.0,0.0,0.0,2020-01-15 09:35:06.757049,313.14,313.17,1,0.020000000000038654,-0.17233917949772604,0,1,0.0,0.01638
250,2020-01-15 09:35:08,N,AAPL,313.14,2.0,313.17,1.0,1.0,-4.0,2020-01-15 09:35:08.698338,313.15,313.18,0,0.03000000000002956,-0.17199349819787813,0,1,0.3333333333333333,0.01638
251,2020-01-15 09:35:10,N,AAPL,313.15,2.0,313.18,1.0,0.0,0.0,2020-01-15 09:35:10.009708,313.25,313.28,1,0.03000000000002956,-0.17164739402682017,0,1,0.3333333333333333,0.01638
252,2020-01-15 09:35:11,N,AAPL,313.25,2.0,313.28,2.0,1.0,0.0,2020-01-15 09:35:11.274406,313.29,313.33,1,0.029999999999972715,-0.17054921427120462,0,-1,0.0,0.01638
253,2020-01-15 09:35:12,N,AAPL,313.29,4.0,313.33,2.0,3.0,1.0,2020-01-15 09:35:12.125597,313.4,313.46,1,0.03999999999996362,-0.16979224333522325,0,1,0.3333333333333333,0.01638
254,2020-01-15 09:35:13,N,AAPL,313.4,4.0,313.46,2.0,1.0,0.0,2020-01-15 09:35:13.183618,313.44,313.49,0,0.060000000000002274,-0.16894398351740847,0,1,0.3333333333333333,0.01638
255,2020-01-15 09:35:14,N,AAPL,313.44,2.0,313.49,2.0,-2.0,0.0,2020-01-15 09:35:14.065992,313.57,313.62,1,0.05000000000001137,-0.16748149700066506,0,-1,0.0,0.01638
256,2020-01-15 09:35:15,N,AAPL,313.57,1.0,313.62,2.0,0.0,-2.0,2020-01-15 09:35:15.106386,313.46,313.52,-1,0.05000000000001137,-0.1653976026960322,0,1,-0.3333333333333333,0.01638
257,2020-01-15 09:35:16,N,AAPL,313.46,1.0,313.52,1.0,0.0,-1.0,2020-01-15 09:35:16.218063,313.46,313.53,0,0.060000000000002274,-0.16464466356939056,0,1,0.0,0.01638
258,2020-01-15 09:35:17,N,AAPL,313.46,1.0,313.53,1.0,0.0,-2.0,2020-01-15 09:35:17.870638,313.49,313.52,0,0.06999999999999318,-0.16387910069107647,0,1,0.0,0.01638
259,2020-01-15 09:35:19,N,AAPL,313.49,4.0,313.52,2.0,0.0,1.0,2020-01-15 09:35:19.496879,313.45,313.48,-1,0.029999999999972715,-0.1631346531812028,0,-1,0.3333333333333333,0.01638
260,2020-01-15 09:35:21,N,AAPL,313.45,1.0,313.48,4.0,-3.0,2.0,2020-01-15 09:35:21.240006,313.45,313.5,0,0.03000000000002956,-0.1594323886639586,1,1,-0.6,0.01638
261,2020-01-15 09:35:22,N,AAPL,313.45,1.0,313.5,1.0,0.0,-1.0,2020-01-15 09:35:22.235762,313.46,313.51,0,0.05000000000001137,-0.1587260402056927,1,1,0.0,0.01638
262,2020-01-15 09:35:23,N,AAPL,313.46,2.0,313.51,2.0,1.0,1.0,2020-01-15 09:35:23.584574,313.56,313.58,1,0.05000000000001137,-0.15730482238836885,1,1,0.0,0.01638
263,2020-01-15 09:35:25,N,AAPL,313.56,4.0,313.58,1.0,2.0,0.0,2020-01-15 09:35:25.882985,313.57,313.61,0,0.01999999999998181,-0.1577540233714103,1,-1,0.6,0.01638
264,2020-01-15 09:35:26,N,AAPL,313.57,1.0,313.61,4.0,-1.0,2.0,2020-01-15 09:35:26.517975,313.61,313.64,0,0.040000000000020464,-0.15344066372966836,1,1,-0.6,0.01638
265,2020-01-15 09:35:27,N,AAPL,313.61,2.0,313.64,1.0,0.0,-4.0,2020-01-15 09:35:27.086262,313.54,313.61,0,0.029999999999972715,-0.15308587078931168,1,-1,0.3333333333333333,0.01638
266,2020-01-15 09:35:28,N,AAPL,313.54,4.0,313.61,2.0,2.0,0.0,2020-01-15 09:35:28.026929,313.51,313.56,0,0.06999999999999318,-0.15227633284581543,1,1,0.3333333333333333,0.01638
267,2020-01-15 09:35:29,N,AAPL,313.51,1.0,313.56,2.0,-4.0,1.0,2020-01-15 09:35:29.196646,313.58,313.62,1,0.05000000000001137,-0.1504693627450706,1,-1,-0.3333333333333333,0.01638
268,2020-01-15 09:35:30,N,AAPL,313.58,2.0,313.62,1.0,-1.0,-1.0,2020-01-15 09:35:30.354340,313.62,313.66,0,0.040000000000020464,-0.1501128578112798,1,-1,0.3333333333333333,0.01638
269,2020-01-15 09:35:31,N,AAPL,313.62,2.0,313.66,5.0,1.0,3.0,2020-01-15 09:35:31.848435,313.6,313.64,0,0.040000000000020464,-0.1448912980467867,1,1,-0.42857142857142855,0.01638
270,2020-01-15 09:35:32,N,AAPL,313.6,2.0,313.64,1.0,0.0,-4.0,2020-01-15 09:35:32.010749,313.62,313.66,0,0.03999999999996362,-0.1445493280485266,1,-1,0.3333333333333333,0.01638
271,2020-01-15 09:35:33,N,AAPL,313.62,2.0,313.66,1.0,0.0,0.0,2020-01-15 09:35:33.995462,313.61,313.65,0,0.040000000000020464,-0.1442063774691178,1,1,0.3333333333333333,0.01638
272,2020-01-15 09:35:34,N,AAPL,313.61,3.0,313.65,1.0,1.0,0.0,2020-01-15 09:35:34.026064,313.58,313.61,0,0.03999999999996362,-0.14428667831708708,1,-1,0.5,0.01638
273,2020-01-15 09:35:35,N,AAPL,313.58,2.0,313.61,1.0,-1.0,0.0,2020-01-15 09:35:35.059652,313.57,313.64,0,0.03000000000002956,-0.14396420174887226,1,-1,0.3333333333333333,0.01638
274,2020-01-15 09:35:36,N,AAPL,313.57,2.0,313.64,2.0,0.0,0.0,2020-01-15 09:35:36.209428,313.56,313.65,0,0.06999999999999318,-0.14242550591831105,1,1,0.0,0.01638
275,2020-01-15 09:35:37,N,AAPL,313.56,7.0,313.65,2.0,5.0,0.0,2020-01-15 09:35:37.160190,313.58,313.62,0,0.08999999999997499,-0.14276358037290038,1,1,0.5555555555555556,0.01638
276,2020-01-15 09:35:38,N,AAPL,313.58,1.0,313.62,2.0,-6.0,0.0,2020-01-15 09:35:38.148646,313.61,313.66,0,0.040000000000020464,-0.14092205678213077,1,-1,-0.3333333333333333,0.01638
277,2020-01-15 09:35:40,N,AAPL,313.61,4.0,313.66,1.0,2.0,-1.0,2020-01-15 09:35:40.693682,313.58,313.61,0,0.05000000000001137,-0.14140213120015233,1,1,0.6,0.01638
278,2020-01-15 09:35:41,N,AAPL,313.58,1.0,313.61,1.0,-3.0,0.0,2020-01-15 09:35:41.357340,313.54,313.59,0,0.03000000000002956,-0.1406985039632218,1,-1,0.0,0.01638
279,2020-01-15 09:35:42,N,AAPL,313.54,4.0,313.59,2.0,-3.0,0.0,2020-01-15 09:35:42.069732,313.6,313.67,1,0.049999999999954525,-0.1400275518811327,1,1,0.3333333333333333,0.01638
280,2020-01-15 09:35:43,N,AAPL,313.6,2.0,313.67,5.0,0.0,3.0,2020-01-15 09:35:43.001259,313.65,313.68,0,0.06999999999999318,-0.13500069025911898,1,1,-0.42857142857142855,0.01638
281,2020-01-15 09:35:45,N,AAPL,313.65,4.0,313.68,2.0,2.0,-3.0,2020-01-15 09:35:45.978136,313.62,313.65,0,0.03000000000002956,-0.1343991488694769,1,-1,0.3333333333333333,0.01638
282,2020-01-15 09:35:46,N,AAPL,313.62,2.0,313.65,4.0,0.0,3.0,2020-01-15 09:35:46.572603,313.62,313.68,0,0.029999999999972715,-0.1307613910741452,1,-1,-0.3333333333333333,0.01638
283,2020-01-15 09:35:47,N,AAPL,313.62,2.0,313.68,2.0,1.0,0.0,2020-01-15 09:35:47.071127,313.69,313.72,1,0.060000000000002274,-0.1292852738611714,1,1,0.0,0.01638
284,2020-01-15 09:35:48,N,AAPL,313.69,4.0,313.72,2.0,2.0,0.0,2020-01-15 09:35:48.940490,313.71,313.75,0,0.03000000000002956,-0.1287111994663519,1,-1,0.3333333333333333,0.01638
285,2020-01-15 09:35:49,N,AAPL,313.71,2.0,313.75,2.0,0.0,0.0,2020-01-15 09:35:49.076561,313.65,313.68,-1,0.040000000000020464,-0.12717572964680812,1,1,0.0,0.01638
286,2020-01-15 09:35:50,N,AAPL,313.65,2.0,313.68,6.0,0.0,4.0,2020-01-15 09:35:50.427462,313.67,313.73,0,0.03000000000002956,-0.12129359088930869,1,-1,-0.5,0.01638
287,2020-01-15 09:35:51,N,AAPL,313.67,2.0,313.73,2.0,1.0,0.0,2020-01-15 09:35:51.101865,313.71,313.73,0,0.060000000000002274,-0.11981002256862894,1,1,0.0,0.01638
288,2020-01-15 09:35:52,N,AAPL,313.71,2.0,313.73,1.0,1.0,-1.0,2020-01-15 09:35:52.265828,313.71,313.74,0,0.020000000000038654,-0.1195630665586691,1,-1,0.3333333333333333,0.01638
289,2020-01-15 09:35:53,N,AAPL,313.71,1.0,313.74,24.0,-1.0,23.0,2020-01-15 09:35:53.091196,313.72,313.75,0,0.03000000000002956,-0.09245091642441139,1,1,-0.92,0.01638
290,2020-01-15 09:35:54,N,AAPL,313.72,4.0,313.75,2.0,2.0,-22.0,2020-01-15 09:35:54.495378,313.76,313.83,1,0.029999999999972715,-0.09208075224751155,1,-1,0.3333333333333333,0.01657
291,2020-01-15 09:35:55,N,AAPL,313.76,4.0,313.83,2.0,3.0,0.0,2020-01-15 09:35:55.002813,313.78,313.81,0,0.06999999999999318,-0.09160215074143707,1,1,0.3333333333333333,0.01657
292,2020-01-15 09:35:56,N,AAPL,313.78,2.0,313.81,2.0,1.0,1.0,2020-01-15 09:35:56.077596,313.73,313.78,0,0.03000000000002956,-0.0902284851127888,1,-1,0.0,0.01657
293,2020-01-15 09:35:57,N,AAPL,313.73,1.0,313.78,4.0,-5.0,2.0,2020-01-15 09:35:57.148307,313.75,313.81,0,0.049999999999954525,-0.08613529730337177,1,1,-0.6,0.01657
294,2020-01-15 09:35:58,N,AAPL,313.75,2.0,313.81,1.0,1.0,-1.0,2020-01-15 09:35:58.424853,313.76,313.81,0,0.060000000000002274,-0.08592592196453097,1,1,0.3333333333333333,0.01657
295,2020-01-15 09:36:00,N,AAPL,313.76,2.0,313.81,5.0,0.0,4.0,2020-01-15 09:36:00.034850,313.79,313.83,0,0.05000000000001137,-0.0810807522613004,1,-1,-0.42857142857142855,0.01657
296,2020-01-15 09:36:02,N,AAPL,313.79,2.0,313.83,6.0,-2.0,-4.0,2020-01-15 09:36:02.251913,313.85,313.88,1,0.03999999999996362,-0.07505152598201903,1,-1,-0.5,0.01657
297,2020-01-15 09:36:03,N,AAPL,313.85,1.0,313.88,2.0,-1.0,0.0,2020-01-15 09:36:03.119608,313.84,313.89,0,0.029999999999972715,-0.07314177175180703,1,-1,-0.3333333333333333,0.01657
298,2020-01-15 09:36:04,N,AAPL,313.84,1.0,313.89,1.0,0.0,0.0,2020-01-15 09:36:04.114659,313.84,313.88,0,0.05000000000001137,-0.0724435087817028,1,1,0.0,0.01657
299,2020-01-15 09:36:05,N,AAPL,313.84,2.0,313.88,2.0,1.0,0.0,2020-01-15 09:36:05.051798,313.82,313.86,0,0.040000000000020464,-0.07108092626020834,1,-1,0.0,0.01657
300,2020-01-15 09:36:06,N,AAPL,313.82,1.0,313.86,2.0,0.0,1.0,2020-01-15 09:36:06.461103,313.8,313.84,0,0.040000000000020464,-0.06923321343236921,1,1,-0.3333333333333333,0.01657
301,2020-01-15 09:36:07,N,AAPL,313.8,1.0,313.84,2.0,0.0,-2.0,2020-01-15 09:36:07.055454,313.78,313.84,0,0.03999999999996362,-0.06762611653067552,1,-1,-0.3333333333333333,0.01657
302,2020-01-15 09:36:08,N,AAPL,313.78,2.0,313.84,1.0,1.0,-1.0,2020-01-15 09:36:08.572934,313.82,313.86,0,0.060000000000002274,-0.068377267084486,1,1,0.3333333333333333,0.01657
303,2020-01-15 09:36:09,N,AAPL,313.82,1.0,313.86,1.0,-1.0,0.0,2020-01-15 09:36:09.337094,313.86,313.89,0,0.040000000000020464,0.03369222392569782,1,-1,0.0,0.01657
304,2020-01-15 09:36:10,N,AAPL,313.86,1.0,313.89,1.0,0.0,0.0,2020-01-15 09:36:10.481981,313.84,313.87,0,0.029999999999972715,0.036628032087037354,1,-1,0.0,0.01657
305,2020-01-15 09:36:11,N,AAPL,313.84,2.0,313.87,2.0,0.0,0.0,2020-01-15 09:36:11.712362,313.83,313.88,0,0.03000000000002956,0.04358768387726286,1,1,0.0,0.01657
306,2020-01-15 09:36:12,N,AAPL,313.83,2.0,313.88,1.0,0.0,-1.0,2020-01-15 09:36:12.161939,313.82,313.88,0,0.05000000000001137,0.04483859633683096,1,1,0.3333333333333333,0.01657
307,2020-01-15 09:36:13,N,AAPL,313.82,2.0,313.88,2.0,0.0,-2.0,2020-01-15 09:36:13.093667,313.87,313.93,0,0.060000000000002274,0.04711093596250748,1,1,0.0,0.01657
308,2020-01-15 09:36:14,N,AAPL,313.87,4.0,313.93,3.0,0.0,-1.0,2020-01-15 09:36:14.598216,313.91,313.94,0,0.060000000000002274,0.043226639991019056,1,1,0.14285714285714285,0.01657
309,2020-01-15 09:36:15,N,AAPL,313.91,1.0,313.94,25.0,-3.0,22.0,2020-01-15 09:36:15.157804,313.95,313.99,1,0.029999999999972715,0.07240061664776931,1,-1,-0.9230769230769231,0.01657
310,2020-01-15 09:36:16,N,AAPL,313.95,2.0,313.99,5.0,1.0,4.0,2020-01-15 09:36:16.074123,313.94,314.0,0,0.040000000000020464,0.07724244422411175,1,1,-0.42857142857142855,0.01657
311,2020-01-15 09:36:17,N,AAPL,313.94,2.0,314.0,6.0,-3.0,5.0,2020-01-15 09:36:17.280663,313.88,313.93,-1,0.060000000000002274,0.08444298720468169,1,1,-0.5,0.01657
312,2020-01-15 09:36:18,N,AAPL,313.88,2.0,313.93,1.0,0.0,-1.0,2020-01-15 09:36:18.099208,313.95,313.99,1,0.05000000000001137,0.0844732338652534,1,-1,0.3333333333333333,0.01657
313,2020-01-15 09:36:19,N,AAPL,313.95,1.0,313.99,1.0,-1.0,-3.0,2020-01-15 09:36:19.243105,314.0,314.03,1,0.040000000000020464,0.08503094844633097,1,-1,0.0,0.01657
314,2020-01-15 09:36:20,N,AAPL,314.0,4.0,314.03,1.0,0.0,-3.0,2020-01-15 09:36:20.166158,314.04,314.06,1,0.029999999999972715,0.08316415150176226,1,-1,0.6,0.01657
315,2020-01-15 09:36:21,N,AAPL,314.04,2.0,314.06,4.0,0.0,3.0,2020-01-15 09:36:21.463171,314.0,314.03,-1,0.01999999999998181,0.0884957435783349,1,-1,-0.3333333333333333,0.01657
316,2020-01-15 09:36:22,N,AAPL,314.0,1.0,314.03,2.0,0.0,0.0,2020-01-15 09:36:22.211872,314.02,314.06,0,0.029999999999972715,0.09239162488393049,1,1,-0.3333333333333333,0.01657
317,2020-01-15 09:36:23,N,AAPL,314.02,1.0,314.06,1.0,-1.0,-1.0,2020-01-15 09:36:23.509784,313.98,314.01,-1,0.040000000000020464,0.09371481499056245,1,1,0.0,0.01657
318,2020-01-15 09:36:24,N,AAPL,313.98,1.0,314.01,2.0,0.0,0.0,2020-01-15 09:36:24.476940,314.0,314.05,0,0.029999999999972715,0.09694426833539183,1,-1,-0.3333333333333333,0.01657
319,2020-01-15 09:36:25,N,AAPL,314.0,3.0,314.05,1.0,2.0,-1.0,2020-01-15 09:36:25.233601,314.02,314.06,0,0.05000000000001137,0.09678700186213973,1,1,0.5,0.01657
320,2020-01-15 09:36:26,N,AAPL,314.02,2.0,314.06,1.0,1.0,-1.0,2020-01-15 09:36:26.044002,314.01,314.04,0,0.040000000000020464,0.09642591476654161,1,-1,0.3333333333333333,0.01657
321,2020-01-15 09:36:27,N,AAPL,314.01,2.0,314.04,4.0,-2.0,2.0,2020-01-15 09:36:27.009945,314.09,314.11,1,0.03000000000002956,0.09871305090354099,1,-1,-0.3333333333333333,0.01657
322,2020-01-15 09:36:28,N,AAPL,314.09,4.0,314.11,2.0,3.0,0.0,2020-01-15 09:36:28.074521,314.06,314.13,0,0.020000000000038654,0.10066407155619572,1,-1,0.3333333333333333,0.01657
323,2020-01-15 09:36:29,N,AAPL,314.06,3.0,314.13,2.0,-1.0,1.0,2020-01-15 09:36:29.311131,314.1,314.15,0,0.06999999999999318,0.10355001210126602,1,1,0.2,0.01657
324,2020-01-15 09:36:30,N,AAPL,314.1,1.0,314.15,2.0,-1.0,0.0,2020-01-15 09:36:30.201390,314.13,314.18,0,0.049999999999954525,0.10684624251837249,1,-1,-0.3333333333333333,0.01657
325,2020-01-15 09:36:32,N,AAPL,314.13,4.0,314.18,2.0,1.0,1.0,2020-01-15 09:36:32.002791,314.15,314.18,0,0.05000000000001137,0.10569256079031675,1,1,0.3333333333333333,0.01657
326,2020-01-15 09:36:33,N,AAPL,314.15,2.0,314.18,1.0,1.0,0.0,2020-01-15 09:36:33.148662,314.12,314.19,0,0.03000000000002956,0.10585001785949544,1,-1,0.3333333333333333,0.01657
327,2020-01-15 09:36:34,N,AAPL,314.12,1.0,314.19,2.0,0.0,0.0,2020-01-15 09:36:34.405467,314.17,314.22,0,0.06999999999999318,0.10746008497608273,1,1,-0.3333333333333333,0.01657
328,2020-01-15 09:36:36,N,AAPL,314.17,1.0,314.22,4.0,0.0,3.0,2020-01-15 09:36:36.939039,314.15,314.2,0,0.05000000000001137,0.11654567844760777,1,-1,-0.6,0.01657
329,2020-01-15 09:36:37,N,AAPL,314.15,2.0,314.2,2.0,1.0,0.0,2020-01-15 09:36:37.118571,314.11,314.15,0,0.05000000000001137,0.12047173679087564,1,1,0.0,0.01657
330,2020-01-15 09:36:38,N,AAPL,314.11,2.0,314.15,1.0,1.0,0.0,2020-01-15 09:36:38.964777,314.13,314.17,0,0.03999999999996362,0.1215168500884829,1,-1,0.3333333333333333,0.01657
331,2020-01-15 09:36:39,N,AAPL,314.13,2.0,314.17,2.0,0.0,-1.0,2020-01-15 09:36:39.451374,314.13,314.16,0,0.040000000000020464,0.12288870098001325,1,1,0.0,0.01707
332,2020-01-15 09:36:40,N,AAPL,314.13,3.0,314.16,2.0,2.0,0.0,2020-01-15 09:36:40.159583,314.08,314.13,0,0.03000000000002956,0.12404403525255248,1,-1,0.2,0.01707
333,2020-01-15 09:36:41,N,AAPL,314.08,2.0,314.13,2.0,-1.0,-5.0,2020-01-15 09:36:41.005267,314.09,314.14,0,0.05000000000001137,0.12710838163042126,1,1,0.0,0.01707
334,2020-01-15 09:36:43,N,AAPL,314.09,2.0,314.14,2.0,1.0,1.0,2020-01-15 09:36:43.060783,314.14,314.16,0,0.05000000000001137,0.12895393561291257,1,1,0.0,0.01707
335,2020-01-15 09:36:44,N,AAPL,314.14,17.0,314.16,2.0,15.0,0.0,2020-01-15 09:36:44.673944,314.15,314.17,0,0.020000000000038654,0.1200832345454046,1,-1,0.7894736842105263,0.01707
336,2020-01-15 09:36:45,N,AAPL,314.15,2.0,314.17,3.0,-14.0,1.0,2020-01-15 09:36:45.056171,314.15,314.2,0,0.020000000000038654,0.1233918881119962,1,1,-0.2,0.01707
337,2020-01-15 09:36:46,N,AAPL,314.15,2.0,314.2,3.0,1.0,1.0,2020-01-15 09:36:46.662176,314.17,314.2,0,0.05000000000001137,0.12611525801958123,1,1,-0.2,0.01707
338,2020-01-15 09:36:47,N,AAPL,314.17,1.0,314.2,1.0,0.0,-2.0,2020-01-15 09:36:47.002453,314.17,314.22,0,0.029999999999972715,0.12750702928889268,1,-1,0.0,0.01707
339,2020-01-15 09:36:48,N,AAPL,314.17,1.0,314.22,1.0,-1.0,-1.0,2020-01-15 09:36:48.113465,314.16,314.21,0,0.05000000000001137,0.13140526806546404,1,1,0.0,0.01707
340,2020-01-15 09:36:49,N,AAPL,314.16,4.0,314.21,2.0,2.0,1.0,2020-01-15 09:36:49.907633,314.2,314.22,0,0.049999999999954525,0.13459909313041862,1,-1,0.3333333333333333,0.01707
341,2020-01-15 09:36:50,N,AAPL,314.2,2.0,314.22,2.0,-2.0,0.0,2020-01-15 09:36:50.653085,314.18,314.19,-1,0.020000000000038654,0.13659762312164503,1,-1,0.0,0.01707
342,2020-01-15 09:36:51,N,AAPL,314.18,2.0,314.19,1.0,0.0,-1.0,2020-01-15 09:36:51.778692,314.14,314.18,0,0.009999999999990905,0.1379679957090616,1,-1,0.3333333333333333,0.01707
343,2020-01-15 09:36:52,N,AAPL,314.14,17.0,314.18,4.0,16.0,3.0,2020-01-15 09:36:52.137838,314.13,314.16,0,0.040000000000020464,0.13205489187186004,1,1,0.6190476190476191,0.01707
344,2020-01-15 09:36:53,N,AAPL,314.13,2.0,314.16,4.0,1.0,2.0,2020-01-15 09:36:53.006511,314.11,314.16,0,0.03000000000002956,0.13700489213607625,1,-1,-0.3333333333333333,0.01707
345,2020-01-15 09:36:54,N,AAPL,314.11,1.0,314.16,2.0,-3.0,0.0,2020-01-15 09:36:54.020029,314.09,314.14,0,0.05000000000001137,0.1405896749656108,1,1,-0.3333333333333333,0.01707
346,2020-01-15 09:36:55,N,AAPL,314.09,2.0,314.14,2.0,1.0,1.0,2020-01-15 09:36:55.019595,314.05,314.08,-1,0.05000000000001137,0.1435627241784232,1,1,0.0,0.01707
347,2020-01-15 09:36:56,N,AAPL,314.05,16.0,314.08,4.0,14.0,3.0,2020-01-15 09:36:56.199542,314.1,314.14,1,0.029999999999972715,0.1390408321053087,1,-1,0.6,0.01707
348,2020-01-15 09:36:57,N,AAPL,314.1,4.0,314.14,2.0,3.0,1.0,2020-01-15 09:36:57.223025,314.03,314.07,-1,0.03999999999996362,0.14038987752422827,1,1,0.3333333333333333,0.01707
349,2020-01-15 09:36:58,N,AAPL,314.03,2.0,314.07,4.0,1.0,2.0,2020-01-15 09:36:58.248825,314.01,314.04,0,0.040000000000020464,0.14476138824727514,1,1,-0.3333333333333333,0.01707
350,2020-01-15 09:36:59,N,AAPL,314.01,1.0,314.04,2.0,-1.0,0.0,2020-01-15 09:36:59.311946,313.97,314.01,0,0.03000000000002956,0.14787919198045074,1,-1,-0.3333333333333333,0.01707
351,2020-01-15 09:37:00,N,AAPL,313.97,2.0,314.01,1.0,1.0,-1.0,2020-01-15 09:37:00.052395,313.97,314.01,0,0.03999999999996362,0.1475352209889138,1,1,0.3333333333333333,0.01707
352,2020-01-15 09:37:01,N,AAPL,313.97,1.0,314.01,1.0,0.0,-1.0,2020-01-15 09:37:01.096109,313.95,313.99,0,0.03999999999996362,0.14814148330327725,1,1,0.0,0.01707
353,2020-01-15 09:37:02,N,AAPL,313.95,1.0,313.99,2.0,0.0,1.0,2020-01-15 09:37:02.063613,313.91,313.96,0,0.040000000000020464,0.15107421288001888,1,1,-0.3333333333333333,0.01707
354,2020-01-15 09:37:03,N,AAPL,313.91,2.0,313.96,2.0,-2.0,-2.0,2020-01-15 09:37:03.122521,313.88,313.91,0,0.049999999999954525,0.1531499646950465,1,1,0.0,0.01707
355,2020-01-15 09:37:04,N,AAPL,313.88,6.0,313.91,2.0,5.0,0.0,2020-01-15 09:37:04.206109,313.89,313.93,0,0.03000000000002956,0.1499620406097506,1,-1,0.5,0.01707
356,2020-01-15 09:37:05,N,AAPL,313.89,4.0,313.93,1.0,2.0,0.0,2020-01-15 09:37:05.033539,313.89,313.94,0,0.040000000000020464,0.151782044661104,1,1,0.6,0.01707
357,2020-01-15 09:37:06,N,AAPL,313.89,2.0,313.94,1.0,-3.0,-2.0,2020-01-15 09:37:06.573115,313.95,313.99,1,0.05000000000001137,0.15358399932915745,1,1,0.3333333333333333,0.01707
358,2020-01-15 09:37:07,N,AAPL,313.95,4.0,313.99,4.0,2.0,3.0,2020-01-15 09:37:07.770288,313.95,313.99,0,0.040000000000020464,0.15580117244087432,1,-1,0.0,0.01707
359,2020-01-15 09:37:08,N,AAPL,313.95,4.0,313.99,2.0,2.0,-4.0,2020-01-15 09:37:08.020770,313.99,314.02,0,0.040000000000020464,0.1557634894735429,1,1,0.3333333333333333,0.01707
360,2020-01-15 09:37:09,N,AAPL,313.99,1.0,314.02,1.0,-1.0,0.0,2020-01-15 09:37:09.541109,314.0,314.05,0,0.029999999999972715,0.15779897276104293,1,-1,0.0,0.01707
361,2020-01-15 09:37:10,N,AAPL,314.0,2.0,314.05,4.0,-2.0,2.0,2020-01-15 09:37:10.534209,314.07,314.12,1,0.05000000000001137,0.15973843513972952,1,1,-0.3333333333333333,0.01707
362,2020-01-15 09:37:11,N,AAPL,314.07,3.0,314.12,2.0,2.0,1.0,2020-01-15 09:37:11.386205,314.11,314.15,0,0.05000000000001137,0.16075768495403508,1,1,0.2,0.01707
363,2020-01-15 09:37:12,N,AAPL,314.11,2.0,314.15,4.0,1.0,0.0,2020-01-15 09:37:12.118140,314.05,314.11,0,0.03999999999996362,0.16447615943377514,1,-1,-0.3333333333333333,0.01707
364,2020-01-15 09:37:13,N,AAPL,314.05,2.0,314.11,10.0,1.0,0.0,2020-01-15 09:37:13.444665,314.04,314.07,0,0.060000000000002274,0.17385695154666791,1,1,-0.6666666666666666,0.01726
365,2020-01-15 09:37:14,N,AAPL,314.04,2.0,314.07,2.0,0.0,-7.0,2020-01-15 09:37:14.976826,314.0,314.03,-1,0.029999999999972715,0.17682182056370266,1,-1,0.0,0.01726
366,2020-01-15 09:37:15,N,AAPL,314.0,2.0,314.03,2.0,1.0,-2.0,2020-01-15 09:37:15.004809,314.0,314.05,0,0.029999999999972715,0.17869671434641532,1,1,0.0,0.01726
367,2020-01-15 09:37:16,N,AAPL,314.0,1.0,314.05,2.0,0.0,1.0,2020-01-15 09:37:16.212764,314.02,314.07,0,0.05000000000001137,0.1811716668556187,1,1,-0.3333333333333333,0.01726
368,2020-01-15 09:37:17,N,AAPL,314.02,3.0,314.07,2.0,2.0,0.0,2020-01-15 09:37:17.017072,314.05,314.1,0,0.05000000000001137,0.18223272490234876,1,1,0.2,0.01726
369,2020-01-15 09:37:18,N,AAPL,314.05,4.0,314.1,1.0,2.0,-1.0,2020-01-15 09:37:18.268364,314.13,314.18,1,0.05000000000001137,0.18188721221389414,1,1,0.6,0.01726
370,2020-01-15 09:37:19,N,AAPL,314.13,2.0,314.18,2.0,1.0,1.0,2020-01-15 09:37:19.798851,314.13,314.16,0,0.05000000000001137,0.18349694293482344,1,1,0.0,0.01726
371,2020-01-15 09:37:20,N,AAPL,314.13,2.0,314.16,1.0,0.0,-2.0,2020-01-15 09:37:20.766548,314.09,314.12,-1,0.03000000000002956,0.1846138924320826,1,-1,0.3333333333333333,0.01726
372,2020-01-15 09:37:21,N,AAPL,314.09,1.0,314.12,1.0,-1.0,-1.0,2020-01-15 09:37:21.298960,314.1,314.16,0,0.03000000000002956,0.18684450570509625,1,1,0.0,0.01726
373,2020-01-15 09:37:22,N,AAPL,314.1,2.0,314.16,2.0,1.0,0.0,2020-01-15 09:37:22.654992,314.06,314.11,0,0.060000000000002274,0.18836794887113228,1,1,0.0,0.01726
374,2020-01-15 09:37:25,N,AAPL,314.06,1.0,314.11,2.0,-1.0,0.0,2020-01-15 09:37:25.365238,314.03,314.04,-1,0.05000000000001137,0.1898972486412731,1,-1,-0.3333333333333333,0.01726
375,2020-01-15 09:37:26,N,AAPL,314.03,1.0,314.04,2.0,0.0,0.0,2020-01-15 09:37:26.159798,314.01,314.06,0,0.010000000000047748,0.19128684383827022,1,-1,-0.3333333333333333,0.01726
376,2020-01-15 09:37:27,N,AAPL,314.01,1.0,314.06,1.0,0.0,-1.0,2020-01-15 09:37:27.150407,314.02,314.07,0,0.05000000000001137,0.1947909326596573,1,1,0.0,0.01726
377,2020-01-15 09:37:28,N,AAPL,314.02,2.0,314.07,2.0,0.0,0.0,2020-01-15 09:37:28.054985,314.03,314.06,0,0.05000000000001137,0.19704958665926142,1,1,0.0,0.01726
378,2020-01-15 09:37:29,N,AAPL,314.03,2.0,314.06,1.0,1.0,-1.0,2020-01-15 09:37:29.161654,313.99,314.04,0,0.03000000000002956,0.19809794347008847,1,-1,0.3333333333333333,0.01726
379,2020-01-15 09:37:30,N,AAPL,313.99,2.0,314.04,2.0,1.0,0.0,2020-01-15 09:37:30.177730,313.99,314.01,0,0.05000000000001137,0.19930234899834431,1,1,0.0,0.01726
380,2020-01-15 09:37:31,N,AAPL,313.99,1.0,314.01,4.0,-1.0,2.0,2020-01-15 09:37:31.825856,313.9,313.94,-1,0.01999999999998181,0.20507449910383002,1,-1,-0.6,0.01726
381,2020-01-15 09:37:33,N,AAPL,313.9,3.0,313.94,1.0,2.0,-1.0,2020-01-15 09:37:33.152148,313.85,313.9,0,0.040000000000020464,0.20770468759781124,1,1,0.5,0.01726
382,2020-01-15 09:37:34,N,AAPL,313.85,1.0,313.9,2.0,-2.0,1.0,2020-01-15 09:37:34.228070,313.92,313.97,1,0.049999999999954525,0.20866452261122959,1,1,-0.3333333333333333,0.01726
383,2020-01-15 09:37:35,N,AAPL,313.92,1.0,313.97,2.0,0.0,0.0,2020-01-15 09:37:35.720547,313.9,313.96,0,0.05000000000001137,0.210803533277101,1,1,-0.3333333333333333,0.01726
384,2020-01-15 09:37:36,N,AAPL,313.9,8.0,313.96,5.0,7.0,3.0,2020-01-15 09:37:36.132165,313.94,313.97,0,0.060000000000002274,0.21408408132208478,1,1,0.23076923076923078,0.01726
385,2020-01-15 09:37:37,N,AAPL,313.94,1.0,313.97,1.0,0.0,0.0,2020-01-15 09:37:37.611493,313.93,313.97,0,0.03000000000002956,0.2145199752313829,1,-1,0.0,0.01726
386,2020-01-15 09:37:38,N,AAPL,313.93,1.0,313.97,2.0,0.0,0.0,2020-01-15 09:37:38.163038,313.98,314.0,1,0.040000000000020464,0.21665146678822111,1,1,-0.3333333333333333,0.01726
387,2020-01-15 09:37:39,N,AAPL,313.98,2.0,314.0,2.0,1.0,0.0,2020-01-15 09:37:39.653862,314.0,314.04,0,0.01999999999998181,0.217400032143928,1,-1,0.0,0.01726
388,2020-01-15 09:37:40,N,AAPL,314.0,1.0,314.04,2.0,0.0,1.0,2020-01-15 09:37:40.435096,313.95,313.99,-1,0.040000000000020464,0.21865664903270954,1,1,-0.3333333333333333,0.01726
389,2020-01-15 09:37:41,N,AAPL,313.95,13.0,313.99,2.0,0.0,1.0,2020-01-15 09:37:41.586441,313.96,314.0,0,0.040000000000020464,0.21685437086267711,1,1,0.7333333333333333,0.01726
390,2020-01-15 09:37:43,N,AAPL,313.96,1.0,314.0,5.0,-12.0,3.0,2020-01-15 09:37:43.119675,314.0,314.04,0,0.040000000000020464,0.222455609963788,1,1,-0.6666666666666666,0.01726
391,2020-01-15 09:37:46,N,AAPL,314.0,2.0,314.04,2.0,1.0,1.0,2020-01-15 09:37:46.096155,313.93,313.97,-1,0.040000000000020464,0.22265589158320154,1,1,0.0,0.01726
392,2020-01-15 09:37:48,N,AAPL,313.93,1.0,313.97,2.0,-1.0,0.0,2020-01-15 09:37:48.128524,313.99,314.04,1,0.040000000000020464,0.22381715149822412,1,1,-0.3333333333333333,0.01726
393,2020-01-15 09:37:49,N,AAPL,313.99,1.0,314.04,1.0,0.0,-1.0,2020-01-15 09:37:49.188999,314.08,314.11,1,0.05000000000001137,0.22463692142412128,1,1,0.0,0.01726
394,2020-01-15 09:37:50,N,AAPL,314.08,1.0,314.11,2.0,0.0,-3.0,2020-01-15 09:37:50.234573,314.1,314.15,0,0.03000000000002956,0.2264993565221971,1,-1,-0.3333333333333333,0.01726
395,2020-01-15 09:37:51,N,AAPL,314.1,1.0,314.15,4.0,-1.0,3.0,2020-01-15 09:37:51.235682,314.13,314.16,0,0.049999999999954525,0.23056098010323467,1,1,-0.6,0.01726
396,2020-01-15 09:37:52,N,AAPL,314.13,1.0,314.16,1.0,0.0,-1.0,2020-01-15 09:37:52.275791,314.12,314.16,0,0.03000000000002956,0.2311165677557483,1,-1,0.0,0.01726
397,2020-01-15 09:37:53,N,AAPL,314.12,2.0,314.16,2.0,1.0,-2.0,2020-01-15 09:37:53.592827,314.13,314.17,0,0.040000000000020464,0.23292342766853835,1,1,0.0,0.01726
398,2020-01-15 09:37:55,N,AAPL,314.13,1.0,314.17,2.0,-1.0,0.0,2020-01-15 09:37:55.199221,314.07,314.12,-1,0.040000000000020464,0.23508018342840842,1,1,-0.3333333333333333,0.01726
399,2020-01-15 09:37:56,N,AAPL,314.07,2.0,314.12,2.0,1.0,0.0,2020-01-15 09:37:56.905222,314.03,314.08,0,0.05000000000001137,0.23615285015478094,1,1,0.0,0.01726
400,2020-01-15 09:37:57,N,AAPL,314.03,3.0,314.08,2.0,1.0,0.0,2020-01-15 09:37:57.284055,313.96,314.01,-1,0.05000000000001137,0.23661993360008182,1,1,0.2,0.01726
401,2020-01-15 09:37:58,N,AAPL,313.96,1.0,314.01,2.0,0.0,0.0,2020-01-15 09:37:58.018033,313.92,313.95,-1,0.05000000000001137,0.23777816694615694,1,1,-0.3333333333333333,0.01726
402,2020-01-15 09:37:59,N,AAPL,313.92,1.0,313.95,2.0,-1.0,-2.0,2020-01-15 09:37:59.321425,313.94,313.96,0,0.029999999999972715,0.23931771082413889,1,-1,-0.3333333333333333,0.01726
403,2020-01-15 09:38:00,N,AAPL,313.94,1.0,313.96,1.0,-1.0,-3.0,2020-01-15 09:38:00.313588,314.01,314.05,1,0.01999999999998181,0.24065658339316087,1,-1,0.0,0.01726
404,2020-01-15 09:38:01,N,AAPL,314.01,1.0,314.05,4.0,-4.0,2.0,2020-01-15 09:38:01.736474,313.96,314.01,0,0.040000000000020464,0.2434950538773819,1,1,-0.6,0.01726
405,2020-01-15 09:38:02,N,AAPL,313.96,2.0,314.01,2.0,0.0,0.0,2020-01-15 09:38:02.500023,313.95,314.0,0,0.05000000000001137,0.24480948595652308,1,1,0.0,0.01726
406,2020-01-15 09:38:03,N,AAPL,313.95,1.0,314.0,4.0,-1.0,2.0,2020-01-15 09:38:03.586204,313.96,314.01,0,0.05000000000001137,0.2471704075622938,1,1,-0.6,0.01726
407,2020-01-15 09:38:04,N,AAPL,313.96,1.0,314.01,2.0,0.0,-2.0,2020-01-15 09:38:04.045724,313.91,313.96,0,0.05000000000001137,0.24849931784768842,1,1,-0.3333333333333333,0.01726
408,2020-01-15 09:38:05,N,AAPL,313.91,2.0,313.96,2.0,1.0,0.0,2020-01-15 09:38:05.035299,313.82,313.88,-1,0.049999999999954525,0.2498511220348405,1,-1,0.0,0.01726
409,2020-01-15 09:38:06,N,AAPL,313.82,2.0,313.88,2.0,-4.0,-1.0,2020-01-15 09:38:06.565252,313.78,313.81,-1,0.060000000000002274,0.2528414318248906,1,1,0.0,0.01726
410,2020-01-15 09:38:07,N,AAPL,313.78,1.0,313.81,4.0,0.0,0.0,2020-01-15 09:38:07.158085,313.82,313.89,1,0.03000000000002956,0.25771675604869415,1,-1,-0.6,0.01745
411,2020-01-15 09:38:08,N,AAPL,313.82,3.0,313.89,4.0,1.0,3.0,2020-01-15 09:38:08.023395,313.88,313.94,0,0.06999999999999318,0.2598419064306654,1,1,-0.14285714285714285,0.01745
412,2020-01-15 09:38:09,N,AAPL,313.88,4.0,313.94,2.0,1.0,0.0,2020-01-15 09:38:09.143624,313.9,313.91,0,0.060000000000002274,0.2607494563417845,1,-1,0.3333333333333333,0.01745
413,2020-01-15 09:38:11,N,AAPL,313.9,1.0,313.91,4.0,0.0,0.0,2020-01-15 09:38:11.473647,313.91,313.95,0,0.010000000000047748,0.26329117591268414,1,-1,-0.6,0.01745
414,2020-01-15 09:38:12,N,AAPL,313.91,3.0,313.95,3.0,0.0,2.0,2020-01-15 09:38:12.333808,313.98,314.0,1,0.03999999999996362,0.2642065882138809,1,1,0.0,0.01745
415,2020-01-15 09:38:13,N,AAPL,313.98,4.0,314.0,2.0,1.0,1.0,2020-01-15 09:38:13.354760,313.97,314.01,0,0.01999999999998181,0.26490421134940334,1,-1,0.3333333333333333,0.01745
416,2020-01-15 09:38:14,N,AAPL,313.97,1.0,314.01,1.0,-2.0,0.0,2020-01-15 09:38:14.072750,313.99,314.04,0,0.03999999999996362,0.266373750349544,1,1,0.0,0.01745
417,2020-01-15 09:38:15,N,AAPL,313.99,4.0,314.04,2.0,3.0,0.0,2020-01-15 09:38:15.061053,314.0,314.04,0,0.05000000000001137,0.26673090173909486,1,1,0.3333333333333333,0.01745
418,2020-01-15 09:38:16,N,AAPL,314.0,4.0,314.04,2.0,3.0,0.0,2020-01-15 09:38:16.010956,313.94,314.0,0,0.040000000000020464,0.2673067580708448,1,-1,0.3333333333333333,0.01745
419,2020-01-15 09:38:17,N,AAPL,313.94,4.0,314.0,2.0,3.0,0.0,2020-01-15 09:38:17.132062,313.89,313.92,-1,0.060000000000002274,0.26974161783203954,1,1,0.3333333333333333,0.01745
420,2020-01-15 09:38:18,N,AAPL,313.89,2.0,313.92,2.0,1.0,-3.0,2020-01-15 09:38:18.487600,313.84,313.91,0,0.03000000000002956,0.270583847511773,1,-1,0.0,0.01745
421,2020-01-15 09:38:19,N,AAPL,313.84,2.0,313.91,2.0,1.0,0.0,2020-01-15 09:38:19.027458,313.9,313.91,0,0.07000000000005002,0.2710681469068277,1,1,0.0,0.01745
422,2020-01-15 09:38:20,N,AAPL,313.9,1.0,313.91,4.0,-1.0,1.0,2020-01-15 09:38:20.634677,313.85,313.91,0,0.010000000000047748,0.27368610076246114,1,-1,-0.6,0.01745
423,2020-01-15 09:38:21,N,AAPL,313.85,1.0,313.91,5.0,0.0,4.0,2020-01-15 09:38:21.604876,313.85,313.92,0,0.060000000000002274,0.27816281576525625,1,1,-0.6666666666666666,0.01745
424,2020-01-15 09:38:22,N,AAPL,313.85,3.0,313.92,2.0,2.0,-3.0,2020-01-15 09:38:22.197725,313.79,313.82,-1,0.06999999999999318,0.2786270227107366,1,1,0.2,0.01745
425,2020-01-15 09:38:23,N,AAPL,313.79,1.0,313.82,2.0,0.0,0.0,2020-01-15 09:38:23.267332,313.77,313.83,0,0.029999999999972715,0.2797660342279755,1,-1,-0.3333333333333333,0.01745
426,2020-01-15 09:38:24,N,AAPL,313.77,2.0,313.83,2.0,-8.0,0.0,2020-01-15 09:38:24.675071,313.79,313.83,0,0.060000000000002274,0.2802264040474256,1,1,0.0,0.01745
427,2020-01-15 09:38:25,N,AAPL,313.79,1.0,313.83,2.0,-1.0,0.0,2020-01-15 09:38:25.777016,313.78,313.83,0,0.03999999999996362,0.282422926609911,1,-1,-0.3333333333333333,0.01745
428,2020-01-15 09:38:26,N,AAPL,313.78,1.0,313.83,2.0,-1.0,0.0,2020-01-15 09:38:26.577206,313.78,313.83,0,0.05000000000001137,0.2835813909272815,1,1,-0.3333333333333333,0.01745
429,2020-01-15 09:38:27,N,AAPL,313.78,3.0,313.83,2.0,2.0,0.0,2020-01-15 09:38:27.160442,313.82,313.86,0,0.05000000000001137,0.2838591585679069,1,1,0.2,0.01745
430,2020-01-15 09:38:29,N,AAPL,313.82,4.0,313.86,2.0,2.0,0.0,2020-01-15 09:38:29.109519,313.75,313.77,-1,0.040000000000020464,0.2813117049985294,1,-1,0.3333333333333333,0.01745
431,2020-01-15 09:38:32,N,AAPL,313.75,2.0,313.77,5.0,1.0,3.0,2020-01-15 09:38:32.342644,313.65,313.69,-1,0.01999999999998181,0.28324459695897986,1,-1,-0.42857142857142855,0.01745
432,2020-01-15 09:38:33,N,AAPL,313.65,3.0,313.69,2.0,-2.0,0.0,2020-01-15 09:38:33.083833,313.71,313.76,1,0.040000000000020464,0.2846757939577742,1,1,0.2,0.01745
433,2020-01-15 09:38:34,N,AAPL,313.71,2.0,313.76,2.0,1.0,-2.0,2020-01-15 09:38:34.492239,313.79,313.83,1,0.05000000000001137,0.25725088882194314,1,1,0.0,0.01745
434,2020-01-15 09:38:35,N,AAPL,313.79,2.0,313.83,2.0,1.0,0.0,2020-01-15 09:38:35.852899,313.75,313.79,0,0.03999999999996362,0.22262395514252376,1,-1,0.0,0.01745
435,2020-01-15 09:38:36,N,AAPL,313.75,1.0,313.79,2.0,-1.0,0.0,2020-01-15 09:38:36.131574,313.74,313.78,0,0.040000000000020464,0.1742483141723028,1,1,-0.3333333333333333,0.01745
436,2020-01-15 09:38:37,N,AAPL,313.74,2.0,313.78,1.0,1.0,-1.0,2020-01-15 09:38:37.508167,313.74,313.79,0,0.03999999999996362,0.14288019965937337,1,-1,0.3333333333333333,0.01745
437,2020-01-15 09:38:38,N,AAPL,313.74,2.0,313.79,2.0,-1.0,1.0,2020-01-15 09:38:38.035985,313.81,313.83,1,0.05000000000001137,0.14291431235426444,1,1,0.0,0.01745
438,2020-01-15 09:38:40,N,AAPL,313.81,1.0,313.83,2.0,0.0,-4.0,2020-01-15 09:38:40.971113,313.8,313.85,0,0.01999999999998181,0.1450990675990056,1,-1,-0.3333333333333333,0.01745
439,2020-01-15 09:38:41,N,AAPL,313.8,2.0,313.85,4.0,-16.0,2.0,2020-01-15 09:38:41.004026,313.8,313.85,0,0.05000000000001137,0.1468546384290903,1,1,-0.3333333333333333,0.01745
440,2020-01-15 09:38:42,N,AAPL,313.8,1.0,313.85,3.0,-17.0,1.0,2020-01-15 09:38:42.017654,313.8,313.84,0,0.05000000000001137,0.14756108907045018,1,1,-0.5,0.01745
441,2020-01-15 09:38:43,N,AAPL,313.8,4.0,313.84,2.0,-11.0,-1.0,2020-01-15 09:38:43.779134,313.8,313.85,0,0.03999999999996362,0.14545082635834206,1,-1,0.3333333333333333,0.01745
442,2020-01-15 09:38:44,N,AAPL,313.8,2.0,313.85,3.0,-2.0,0.0,2020-01-15 09:38:44.053842,313.83,313.86,0,0.05000000000001137,0.14537823811713224,1,1,-0.2,0.01745
443,2020-01-15 09:38:45,N,AAPL,313.83,2.0,313.86,4.0,0.0,1.0,2020-01-15 09:38:45.359888,313.76,313.78,-1,0.03000000000002956,0.14619550719828567,1,-1,-0.3333333333333333,0.01745
444,2020-01-15 09:38:46,N,AAPL,313.76,2.0,313.78,3.0,-1.0,-3.0,2020-01-15 09:38:46.927375,313.76,313.8,0,0.01999999999998181,0.1464594562056618,1,-1,-0.2,0.01745
445,2020-01-15 09:38:47,N,AAPL,313.76,2.0,313.8,6.0,1.0,1.0,2020-01-15 09:38:47.195152,313.73,313.77,0,0.040000000000020464,0.14748773260453163,1,1,-0.5,0.01745
446,2020-01-15 09:38:48,N,AAPL,313.73,2.0,313.77,3.0,0.0,1.0,2020-01-15 09:38:48.368360,313.73,313.76,0,0.03999999999996362,0.1484536969819601,1,-1,-0.2,0.01745
447,2020-01-15 09:38:49,N,AAPL,313.73,2.0,313.76,1.0,1.0,0.0,2020-01-15 09:38:49.331005,313.74,313.79,0,0.029999999999972715,0.14846939025881056,1,-1,0.3333333333333333,0.01745
448,2020-01-15 09:38:50,N,AAPL,313.74,2.0,313.79,1.0,0.0,-1.0,2020-01-15 09:38:50.206674,313.73,313.76,0,0.05000000000001137,0.15251080495568203,1,1,0.3333333333333333,0.01745
449,2020-01-15 09:38:51,N,AAPL,313.73,2.0,313.76,4.0,0.0,3.0,2020-01-15 09:38:51.224885,313.66,313.71,-1,0.029999999999972715,0.15707370517924346,1,-1,-0.3333333333333333,0.01745
450,2020-01-15 09:38:52,N,AAPL,313.66,1.0,313.71,2.0,-1.0,0.0,2020-01-15 09:38:52.339271,313.67,313.72,0,0.049999999999954525,0.1610378137089583,1,1,-0.3333333333333333,0.01771
451,2020-01-15 09:38:53,N,AAPL,313.67,2.0,313.72,2.0,0.0,1.0,2020-01-15 09:38:53.164139,313.67,313.7,0,0.05000000000001137,0.16371199526781766,1,1,0.0,0.01771
452,2020-01-15 09:38:55,N,AAPL,313.67,1.0,313.7,1.0,-1.0,-1.0,2020-01-15 09:38:55.179989,313.7,313.71,0,0.029999999999972715,0.16767398623738927,1,-1,0.0,0.01771
453,2020-01-15 09:38:57,N,AAPL,313.7,1.0,313.71,1.0,0.0,0.0,2020-01-15 09:38:57.263416,313.58,313.63,-1,0.009999999999990905,0.17163744215980614,1,-1,0.0,0.01771
454,2020-01-15 09:38:58,N,AAPL,313.58,2.0,313.63,2.0,0.0,-2.0,2020-01-15 09:38:58.266646,313.63,313.69,0,0.05000000000001137,0.17058720310933495,1,1,0.0,0.01771
455,2020-01-15 09:38:59,N,AAPL,313.63,2.0,313.69,4.0,1.0,2.0,2020-01-15 09:38:59.115873,313.58,313.63,0,0.060000000000002274,0.16969892537866826,1,1,-0.3333333333333333,0.01771
456,2020-01-15 09:39:00,N,AAPL,313.58,2.0,313.63,2.0,0.0,-1.0,2020-01-15 09:39:00.000380,313.64,313.65,1,0.05000000000001137,0.17333441393350313,1,-1,0.0,0.01771
457,2020-01-15 09:39:01,N,AAPL,313.64,1.0,313.65,2.0,0.0,-4.0,2020-01-15 09:39:01.104798,313.67,313.69,1,0.009999999999990905,0.17363258578564,1,-1,-0.3333333333333333,0.01771
458,2020-01-15 09:39:02,N,AAPL,313.67,1.0,313.69,1.0,-3.0,0.0,2020-01-15 09:39:02.721395,313.68,313.7,0,0.01999999999998181,0.018346483761149557,1,1,0.0,0.01771
459,2020-01-15 09:39:03,N,AAPL,313.68,4.0,313.7,2.0,2.0,1.0,2020-01-15 09:39:03.223047,313.7,313.75,0,0.01999999999998181,0.015157407104709364,1,1,0.3333333333333333,0.01771
460,2020-01-15 09:39:04,N,AAPL,313.7,2.0,313.75,2.0,-1.0,1.0,2020-01-15 09:39:04.216335,313.71,313.77,0,0.05000000000001137,0.014072591177693994,1,1,0.0,0.01771
461,2020-01-15 09:39:05,N,AAPL,313.71,2.0,313.77,2.0,1.0,0.0,2020-01-15 09:39:05.583314,313.74,313.79,0,0.060000000000002274,0.011022468510986982,1,1,0.0,0.01771
462,2020-01-15 09:39:06,N,AAPL,313.74,2.0,313.79,2.0,1.0,0.0,2020-01-15 09:39:06.004966,313.76,313.79,0,0.05000000000001137,0.010829180447046838,1,-1,0.0,0.01771
463,2020-01-15 09:39:07,N,AAPL,313.76,3.0,313.79,2.0,1.0,1.0,2020-01-15 09:39:07.403912,313.79,313.81,0,0.03000000000002956,0.010448672026200256,1,-1,0.2,0.01771
464,2020-01-15 09:39:09,N,AAPL,313.79,2.0,313.81,2.0,-1.0,1.0,2020-01-15 09:39:09.498022,313.81,313.86,0,0.01999999999998181,0.011576097300292076,1,-1,0.0,0.01771
465,2020-01-15 09:39:10,N,AAPL,313.81,2.0,313.86,2.0,0.0,0.0,2020-01-15 09:39:10.006106,313.86,313.91,0,0.05000000000001137,0.014456097897152631,1,1,0.0,0.01771
466,2020-01-15 09:39:11,N,AAPL,313.86,1.0,313.91,1.0,-1.0,-3.0,2020-01-15 09:39:11.020160,313.89,313.94,0,0.05000000000001137,0.016840926465363282,1,1,0.0,0.01771
467,2020-01-15 09:39:12,N,AAPL,313.89,2.0,313.94,4.0,1.0,2.0,2020-01-15 09:39:12.424813,313.89,313.94,0,0.05000000000001137,0.015182080470822257,1,1,-0.3333333333333333,0.01771
468,2020-01-15 09:39:13,N,AAPL,313.89,1.0,313.94,2.0,-1.0,0.0,2020-01-15 09:39:13.103543,313.88,313.89,0,0.05000000000001137,0.012891690334981831,1,1,-0.3333333333333333,0.01771
469,2020-01-15 09:39:16,N,AAPL,313.88,1.0,313.89,1.0,0.0,0.0,2020-01-15 09:39:16.085260,313.84,313.85,-1,0.009999999999990905,0.01153410933949317,1,-1,0.0,0.01771
470,2020-01-15 09:39:17,N,AAPL,313.84,1.0,313.85,1.0,-1.0,0.0,2020-01-15 09:39:17.322579,313.86,313.89,1,0.010000000000047748,0.008835912431948145,1,1,0.0,0.01771
471,2020-01-15 09:39:19,N,AAPL,313.86,2.0,313.89,1.0,1.0,-2.0,2020-01-15 09:39:19.569271,313.86,313.91,0,0.029999999999972715,0.009405521279973073,1,1,0.3333333333333333,0.01771
472,2020-01-15 09:39:20,N,AAPL,313.86,2.0,313.91,6.0,0.0,5.0,2020-01-15 09:39:20.002183,313.92,313.95,1,0.05000000000001137,0.011422335017016394,1,1,-0.5,0.01771
473,2020-01-15 09:39:21,N,AAPL,313.92,2.0,313.95,2.0,0.0,0.0,2020-01-15 09:39:21.025743,313.96,314.0,1,0.029999999999972715,0.014172280859384045,1,-1,0.0,0.01771
474,2020-01-15 09:39:22,N,AAPL,313.96,1.0,314.0,6.0,-1.0,5.0,2020-01-15 09:39:22.150368,314.08,314.1,1,0.040000000000020464,0.01691733257229089,1,1,-0.7142857142857143,0.01771
475,2020-01-15 09:39:23,N,AAPL,314.08,5.0,314.1,17.0,3.0,14.0,2020-01-15 09:39:23.579367,314.12,314.15,1,0.020000000000038654,0.020193662755730202,1,-1,-0.5454545454545454,0.01771
476,2020-01-15 09:39:24,N,AAPL,314.12,4.0,314.15,3.0,2.0,1.0,2020-01-15 09:39:24.291981,314.06,314.12,0,0.029999999999972715,0.020144284932712253,1,1,0.14285714285714285,0.01771
477,2020-01-15 09:39:25,N,AAPL,314.06,1.0,314.12,2.0,0.0,0.0,2020-01-15 09:39:25.066212,314.12,314.17,0,0.060000000000002274,0.018047112462113546,1,1,-0.3333333333333333,0.01771
478,2020-01-15 09:39:26,N,AAPL,314.12,2.0,314.17,2.0,-2.0,1.0,2020-01-15 09:39:26.016672,314.11,314.16,0,0.05000000000001137,0.01536844836545015,1,-1,0.0,0.01771
479,2020-01-15 09:39:27,N,AAPL,314.11,2.0,314.16,5.0,0.0,3.0,2020-01-15 09:39:27.023217,314.15,314.18,0,0.05000000000001137,0.0176395012449575,1,1,-0.42857142857142855,0.01771
480,2020-01-15 09:39:28,N,AAPL,314.15,2.0,314.18,2.0,-2.0,-2.0,2020-01-15 09:39:28.282653,314.15,314.19,0,0.03000000000002956,0.017056598828787628,1,-1,0.0,0.01771
481,2020-01-15 09:39:29,N,AAPL,314.15,3.0,314.19,2.0,-1.0,0.0,2020-01-15 09:39:29.913179,314.13,314.17,0,0.040000000000020464,0.016144651588547276,1,1,0.2,0.01771
482,2020-01-15 09:39:30,N,AAPL,314.13,4.0,314.17,2.0,1.0,0.0,2020-01-15 09:39:30.213107,314.01,314.05,-1,0.040000000000020464,0.015012302837305924,1,1,0.3333333333333333,0.01771
483,2020-01-15 09:39:31,N,AAPL,314.01,1.0,314.05,2.0,-5.0,1.0,2020-01-15 09:39:31.001212,313.99,314.05,0,0.040000000000020464,0.01830170799081543,1,1,-0.3333333333333333,0.01771
484,2020-01-15 09:39:32,N,AAPL,313.99,3.0,314.05,2.0,1.0,0.0,2020-01-15 09:39:32.152128,313.98,314.01,0,0.060000000000002274,0.016538845905870403,1,1,0.2,0.01771
485,2020-01-15 09:39:33,N,AAPL,313.98,2.0,314.01,1.0,0.0,-1.0,2020-01-15 09:39:33.259283,314.0,314.01,0,0.029999999999972715,0.008981766207284636,1,-1,0.3333333333333333,0.01771
486,2020-01-15 09:39:34,N,AAPL,314.0,1.0,314.01,1.0,-3.0,0.0,2020-01-15 09:39:34.284985,313.96,313.99,-1,0.009999999999990905,0.009655896478648174,1,-1,0.0,0.01771
487,2020-01-15 09:39:35,N,AAPL,313.96,2.0,313.99,4.0,1.0,3.0,2020-01-15 09:39:35.518868,313.94,313.99,0,0.03000000000002956,0.010945589367111097,1,1,-0.3333333333333333,0.01771
488,2020-01-15 09:39:36,N,AAPL,313.94,2.0,313.99,2.0,-3.0,1.0,2020-01-15 09:39:36.236986,313.88,313.9,-1,0.05000000000001137,0.009648480707937779,1,1,0.0,0.01771
489,2020-01-15 09:39:37,N,AAPL,313.88,2.0,313.9,2.0,-3.0,0.0,2020-01-15 09:39:37.287213,313.87,313.9,0,0.01999999999998181,0.008318347405463555,1,-1,0.0,0.01771
490,2020-01-15 09:39:38,N,AAPL,313.87,2.0,313.9,3.0,0.0,2.0,2020-01-15 09:39:38.081081,313.87,313.93,0,0.029999999999972715,0.009133192002650503,1,1,-0.2,0.01771
491,2020-01-15 09:39:39,N,AAPL,313.87,2.0,313.93,2.0,0.0,-5.0,2020-01-15 09:39:39.039798,313.88,313.91,0,0.060000000000002274,0.003993162936467343,1,1,0.0,0.01771
492,2020-01-15 09:39:40,N,AAPL,313.88,2.0,313.91,1.0,1.0,0.0,2020-01-15 09:39:40.952681,313.85,313.9,0,0.03000000000002956,0.0036289889505383144,1,-1,0.3333333333333333,0.01771
493,2020-01-15 09:39:41,N,AAPL,313.85,1.0,313.9,2.0,-2.0,1.0,2020-01-15 09:39:41.067024,313.85,313.91,0,0.049999999999954525,0.0036775078210666834,1,1,-0.3333333333333333,0.01804
494,2020-01-15 09:39:42,N,AAPL,313.85,5.0,313.91,2.0,3.0,1.0,2020-01-15 09:39:42.804527,313.89,313.94,0,0.060000000000002274,0.0032432410633873587,1,1,0.42857142857142855,0.01804
495,2020-01-15 09:39:43,N,AAPL,313.89,2.0,313.94,2.0,0.0,0.0,2020-01-15 09:39:43.117609,313.89,313.93,0,0.05000000000001137,0.0019194630602328289,1,-1,0.0,0.01804
496,2020-01-15 09:39:44,N,AAPL,313.89,4.0,313.93,4.0,2.0,2.0,2020-01-15 09:39:44.007324,313.88,313.92,0,0.040000000000020464,0.0015953442180034472,1,-1,0.0,0.01804
497,2020-01-15 09:39:45,N,AAPL,313.88,2.0,313.92,2.0,0.0,0.0,2020-01-15 09:39:45.300468,313.97,314.01,1,0.040000000000020464,0.002413606274558333,1,1,0.0,0.01804
498,2020-01-15 09:39:46,N,AAPL,313.97,2.0,314.01,2.0,0.0,-4.0,2020-01-15 09:39:46.193479,314.07,314.1,1,0.03999999999996362,0.004030405141236315,1,-1,0.0,0.01804
499,2020-01-15 09:39:47,N,AAPL,314.07,1.0,314.1,2.0,-1.0,1.0,2020-01-15 09:39:47.839927,314.03,314.08,0,0.03000000000002956,0.005166207956790458,1,-1,-0.3333333333333333,0.01804
500,2020-01-15 09:39:48,N,AAPL,314.03,2.0,314.08,3.0,0.0,1.0,2020-01-15 09:39:48.360110,314.06,314.07,0,0.05000000000001137,0.005242251592449065,1,1,-0.2,0.01804
501,2020-01-15 09:39:49,N,AAPL,314.06,1.0,314.07,2.0,-2.0,0.0,2020-01-15 09:39:49.058459,314.1,314.13,1,0.009999999999990905,0.0052999414552346025,1,-1,-0.3333333333333333,0.01804
502,2020-01-15 09:39:50,N,AAPL,314.1,1.0,314.13,1.0,0.0,-1.0,2020-01-15 09:39:50.194371,314.13,314.18,0,0.029999999999972715,0.00862039178645091,1,1,0.0,0.01804
503,2020-01-15 09:39:51,N,AAPL,314.13,1.0,314.18,2.0,-1.0,0.0,2020-01-15 09:39:51.148850,314.1,314.13,0,0.05000000000001137,0.008948263768445486,1,1,-0.3333333333333333,0.01804
504,2020-01-15 09:39:52,N,AAPL,314.1,1.0,314.13,2.0,-2.0,1.0,2020-01-15 09:39:52.875220,314.09,314.14,0,0.029999999999972715,0.012351689619663375,1,-1,-0.3333333333333333,0.01804
505,2020-01-15 09:39:53,N,AAPL,314.09,2.0,314.14,2.0,0.0,0.0,2020-01-15 09:39:53.014985,314.09,314.13,0,0.05000000000001137,0.012799335283943947,1,1,0.0,0.01804
506,2020-01-15 09:39:54,N,AAPL,314.09,3.0,314.13,2.0,1.0,1.0,2020-01-15 09:39:54.287962,314.09,314.13,0,0.040000000000020464,0.012214545454583003,1,-1,0.2,0.01804
507,2020-01-15 09:39:55,N,AAPL,314.09,1.0,314.13,2.0,-4.0,0.0,2020-01-15 09:39:55.061786,314.09,314.13,0,0.040000000000020464,0.01312424242422594,1,1,-0.3333333333333333,0.01804
508,2020-01-15 09:39:56,N,AAPL,314.09,2.0,314.13,1.0,-4.0,-1.0,2020-01-15 09:39:56.740698,314.07,314.1,0,0.040000000000020464,0.012399057329048446,1,1,0.3333333333333333,0.01804
509,2020-01-15 09:39:57,N,AAPL,314.07,2.0,314.1,2.0,0.0,1.0,2020-01-15 09:39:57.378385,314.09,314.12,0,0.03000000000002956,0.014222133111388757,1,-1,0.0,0.01804
510,2020-01-15 09:39:59,N,AAPL,314.09,5.0,314.12,1.0,3.0,0.0,2020-01-15 09:39:59.772817,314.11,314.15,0,0.03000000000002956,0.012943639258992334,1,1,0.6666666666666666,0.01804
511,2020-01-15 09:40:00,N,AAPL,314.11,1.0,314.15,13.0,0.0,12.0,2020-01-15 09:40:00.354756,314.1,314.13,0,0.03999999999996362,0.01854610105192478,1,1,-0.8571428571428571,0.01804
512,2020-01-15 09:40:01,N,AAPL,314.1,4.0,314.13,1.0,3.0,0.0,2020-01-15 09:40:01.290727,314.1,314.13,0,0.029999999999972715,0.017116216707961485,1,-1,0.6,0.01804
513,2020-01-15 09:40:03,N,AAPL,314.1,4.0,314.13,1.0,3.0,0.0,2020-01-15 09:40:03.532363,314.12,314.13,0,0.029999999999972715,0.017599429965343916,1,1,0.6,0.01804
514,2020-01-15 09:40:05,N,AAPL,314.12,3.0,314.13,1.0,-1.0,0.0,2020-01-15 09:40:05.136737,314.05,314.09,-1,0.009999999999990905,0.016351617340262692,1,-1,0.5,0.01804
515,2020-01-15 09:40:06,N,AAPL,314.05,1.0,314.09,4.0,-1.0,2.0,2020-01-15 09:40:06.180970,314.01,314.06,0,0.03999999999996362,0.0170542927922952,1,1,-0.6,0.01804
516,2020-01-15 09:40:07,N,AAPL,314.01,4.0,314.06,2.0,-7.0,1.0,2020-01-15 09:40:07.004372,314.04,314.06,0,0.05000000000001137,0.017030361389117843,1,1,0.3333333333333333,0.01804
517,2020-01-15 09:40:08,N,AAPL,314.04,1.0,314.06,1.0,0.0,-1.0,2020-01-15 09:40:08.796433,314.03,314.06,0,0.01999999999998181,0.01892693667542744,1,-1,0.0,0.01804
518,2020-01-15 09:40:09,N,AAPL,314.03,1.0,314.06,2.0,0.0,1.0,2020-01-15 09:40:09.148028,314.01,314.05,0,0.03000000000002956,0.01833790148970138,1,1,-0.3333333333333333,0.01804
519,2020-01-15 09:40:10,N,AAPL,314.01,2.0,314.05,6.0,1.0,4.0,2020-01-15 09:40:10.067416,314.06,314.1,1,0.040000000000020464,0.01919236212393116,1,1,-0.5,0.01804
520,2020-01-15 09:40:11,N,AAPL,314.06,5.0,314.1,6.0,4.0,2.0,2020-01-15 09:40:11.734864,314.04,314.08,0,0.040000000000020464,0.02190455061179364,1,1,-0.09090909090909091,0.01804
521,2020-01-15 09:40:13,N,AAPL,314.04,2.0,314.08,1.0,0.0,-5.0,2020-01-15 09:40:13.245405,314.06,314.1,0,0.03999999999996362,0.018782550139121668,1,-1,0.3333333333333333,0.01804
522,2020-01-15 09:40:14,N,AAPL,314.06,3.0,314.1,7.0,2.0,0.0,2020-01-15 09:40:14.412547,314.14,314.18,1,0.040000000000020464,0.021350696547585812,1,1,-0.4,0.01804
523,2020-01-15 09:40:15,N,AAPL,314.14,2.0,314.18,4.0,-1.0,-3.0,2020-01-15 09:40:15.597350,314.22,314.24,1,0.040000000000020464,0.02195831281807159,1,1,-0.3333333333333333,0.01804
524,2020-01-15 09:40:17,N,AAPL,314.22,2.0,314.24,2.0,1.0,0.0,2020-01-15 09:40:17.328214,314.24,314.28,0,0.01999999999998181,0.023744691037848042,1,-1,0.0,0.01804
525,2020-01-15 09:40:18,N,AAPL,314.24,6.0,314.28,2.0,4.0,0.0,2020-01-15 09:40:18.006282,314.22,314.26,0,0.03999999999996362,0.0212100402874853,1,1,0.5,0.01804
526,2020-01-15 09:40:19,N,AAPL,314.22,2.0,314.26,1.0,1.0,0.0,2020-01-15 09:40:19.100220,314.2,314.25,0,0.03999999999996362,0.02025053084253159,1,1,0.3333333333333333,0.01804
527,2020-01-15 09:40:20,N,AAPL,314.2,2.0,314.25,1.0,1.0,0.0,2020-01-15 09:40:20.169534,314.18,314.22,0,0.05000000000001137,0.019440157811231984,1,1,0.3333333333333333,0.01804
528,2020-01-15 09:40:22,N,AAPL,314.18,3.0,314.22,2.0,1.0,1.0,2020-01-15 09:40:22.268614,314.18,314.21,0,0.040000000000020464,0.01856504794096736,1,-1,0.2,0.01804
529,2020-01-15 09:40:23,N,AAPL,314.18,1.0,314.21,1.0,0.0,-1.0,2020-01-15 09:40:23.087698,314.1,314.12,-1,0.029999999999972715,0.019301814246944105,1,-1,0.0,0.01804
530,2020-01-15 09:40:24,N,AAPL,314.1,1.0,314.12,1.0,-1.0,0.0,2020-01-15 09:40:24.046886,314.09,314.12,0,0.01999999999998181,0.020157264602573832,1,-1,0.0,0.01804
531,2020-01-15 09:40:25,N,AAPL,314.09,1.0,314.12,1.0,0.0,0.0,2020-01-15 09:40:25.429706,314.09,314.13,0,0.03000000000002956,0.0231139579379942,1,1,0.0,0.01804
532,2020-01-15 09:40:26,N,AAPL,314.09,2.0,314.13,2.0,0.0,0.0,2020-01-15 09:40:26.185984,314.09,314.13,0,0.040000000000020464,0.022942692555602662,1,1,0.0,0.01804
533,2020-01-15 09:40:27,N,AAPL,314.09,3.0,314.13,1.0,1.0,-1.0,2020-01-15 09:40:27.397359,314.12,314.14,0,0.040000000000020464,0.023176865496850496,1,1,0.5,0.01804
534,2020-01-15 09:40:28,N,AAPL,314.12,1.0,314.14,2.0,-1.0,1.0,2020-01-15 09:40:28.766011,314.17,314.2,1,0.01999999999998181,0.03237449781664736,1,-1,-0.3333333333333333,0.01847
535,2020-01-15 09:40:29,N,AAPL,314.17,4.0,314.2,9.0,2.0,8.0,2020-01-15 09:40:29.612605,314.19,314.22,0,0.029999999999972715,0.0351012386805678,1,1,-0.38461538461538464,0.01847
536,2020-01-15 09:40:30,N,AAPL,314.19,6.0,314.22,1.0,2.0,-8.0,2020-01-15 09:40:30.979615,314.19,314.22,0,0.03000000000002956,0.032517420673059405,1,1,0.7142857142857143,0.01847
537,2020-01-15 09:40:31,N,AAPL,314.19,2.0,314.22,1.0,-4.0,0.0,2020-01-15 09:40:31.059858,314.19,314.22,0,0.03000000000002956,0.03084305384027175,1,1,0.3333333333333333,0.01847
538,2020-01-15 09:40:32,N,AAPL,314.19,1.0,314.22,2.0,-1.0,1.0,2020-01-15 09:40:32.198565,314.14,314.19,0,0.03000000000002956,0.03301230986505743,1,1,-0.3333333333333333,0.01847
539,2020-01-15 09:40:33,N,AAPL,314.14,4.0,314.19,2.0,3.0,0.0,2020-01-15 09:40:33.002932,314.2,314.23,1,0.05000000000001137,0.031949836340118054,1,1,0.3333333333333333,0.01847
540,2020-01-15 09:40:34,N,AAPL,314.2,2.0,314.23,2.0,-3.0,0.0,2020-01-15 09:40:34.325813,314.17,314.21,0,0.03000000000002956,0.03500719265457519,1,-1,0.0,0.01847
541,2020-01-15 09:40:36,N,AAPL,314.17,2.0,314.21,4.0,0.0,2.0,2020-01-15 09:40:36.099184,314.17,314.21,0,0.03999999999996362,0.036664452835850625,1,1,-0.3333333333333333,0.01847
542,2020-01-15 09:40:37,N,AAPL,314.17,1.0,314.21,2.0,0.0,1.0,2020-01-15 09:40:37.149271,314.17,314.21,0,0.03999999999996362,0.0379129585002147,1,1,-0.3333333333333333,0.01847
543,2020-01-15 09:40:38,N,AAPL,314.17,2.0,314.21,2.0,0.0,0.0,2020-01-15 09:40:38.865538,314.16,314.19,0,0.03999999999996362,0.038818330822721236,1,1,0.0,0.01847
544,2020-01-15 09:40:39,N,AAPL,314.16,1.0,314.19,1.0,0.0,-1.0,2020-01-15 09:40:39.217859,314.16,314.2,0,0.029999999999972715,0.03856190099793366,1,-1,0.0,0.01847
545,2020-01-15 09:40:40,N,AAPL,314.16,1.0,314.2,2.0,-1.0,0.0,2020-01-15 09:40:40.085384,314.16,314.22,0,0.03999999999996362,0.039623685497645056,1,1,-0.3333333333333333,0.01847
546,2020-01-15 09:40:41,N,AAPL,314.16,1.0,314.22,2.0,0.0,0.0,2020-01-15 09:40:41.001536,314.18,314.22,0,0.060000000000002274,0.04093635363165049,1,1,-0.3333333333333333,0.01847
547,2020-01-15 09:40:42,N,AAPL,314.18,1.0,314.22,2.0,0.0,0.0,2020-01-15 09:40:42.767101,314.11,314.15,-1,0.040000000000020464,0.033150049480468624,1,-1,-0.3333333333333333,0.01847
548,2020-01-15 09:40:43,N,AAPL,314.11,4.0,314.15,4.0,3.0,0.0,2020-01-15 09:40:43.862674,314.13,314.16,0,0.03999999999996362,0.035942106177230926,1,-1,0.0,0.01847
549,2020-01-15 09:40:44,N,AAPL,314.13,2.0,314.16,1.0,-2.0,0.0,2020-01-15 09:40:44.242957,314.1,314.12,-1,0.03000000000002956,0.03302709289238237,1,-1,0.3333333333333333,0.01847
550,2020-01-15 09:40:45,N,AAPL,314.1,2.0,314.12,6.0,-2.0,4.0,2020-01-15 09:40:45.010784,314.1,314.13,0,0.01999999999998181,0.033743985565308776,1,-1,-0.5,0.01847
551,2020-01-15 09:40:46,N,AAPL,314.1,1.0,314.13,5.0,-3.0,1.0,2020-01-15 09:40:46.148093,314.09,314.12,0,0.029999999999972715,0.03339589742404314,1,1,-0.6666666666666666,0.01847
552,2020-01-15 09:40:47,N,AAPL,314.09,4.0,314.12,4.0,2.0,-3.0,2020-01-15 09:40:47.607816,314.08,314.12,0,0.03000000000002956,0.03206135842185631,1,1,0.0,0.01847
553,2020-01-15 09:40:48,N,AAPL,314.08,3.0,314.12,2.0,0.0,-2.0,2020-01-15 09:40:48.005519,314.08,314.11,0,0.040000000000020464,0.03164219467134899,1,1,0.2,0.01847
554,2020-01-15 09:40:49,N,AAPL,314.08,2.0,314.11,2.0,-1.0,-2.0,2020-01-15 09:40:49.060686,314.05,314.07,-1,0.03000000000002956,0.02953473092316017,1,-1,0.0,0.01847
555,2020-01-15 09:40:50,N,AAPL,314.05,2.0,314.07,4.0,-3.0,1.0,2020-01-15 09:40:50.072884,314.03,314.09,0,0.01999999999998181,0.02795918367348804,1,-1,-0.3333333333333333,0.01847
556,2020-01-15 09:40:51,N,AAPL,314.03,2.0,314.09,3.0,0.0,0.0,2020-01-15 09:40:51.032512,314.03,314.03,0,0.060000000000002274,0.027972425320115235,1,1,-0.2,0.01847
557,2020-01-15 09:40:52,N,AAPL,314.03,4.0,314.03,2.0,-40.0,1.0,2020-01-15 09:40:52.735846,313.94,313.97,-1,0.0,0.027983932248730525,1,-1,0.3333333333333333,0.01847
558,2020-01-15 09:40:53,N,AAPL,313.94,2.0,313.97,5.0,-1.0,3.0,2020-01-15 09:40:53.000812,313.96,313.99,0,0.03000000000002956,0.027882699275380673,1,1,-0.42857142857142855,0.01847
559,2020-01-15 09:40:54,N,AAPL,313.96,1.0,313.99,1.0,-1.0,0.0,2020-01-15 09:40:54.026381,313.9,313.95,-1,0.03000000000002956,0.027757019927548754,1,1,0.0,0.01847
560,2020-01-15 09:40:55,N,AAPL,313.9,2.0,313.95,4.0,-2.0,0.0,2020-01-15 09:40:55.149707,313.84,313.89,-1,0.05000000000001137,0.026317011476862717,1,1,-0.3333333333333333,0.01847
561,2020-01-15 09:40:56,N,AAPL,313.84,1.0,313.89,2.0,0.0,-1.0,2020-01-15 09:40:56.041533,313.87,313.9,0,0.05000000000001137,0.028095930232495903,1,1,-0.3333333333333333,0.01847
562,2020-01-15 09:40:57,N,AAPL,313.87,2.0,313.9,1.0,1.0,0.0,2020-01-15 09:40:57.113174,313.88,313.91,0,0.029999999999972715,0.028116080067718485,1,-1,0.3333333333333333,0.01847
563,2020-01-15 09:40:59,N,AAPL,313.88,1.0,313.91,5.0,-2.0,4.0,2020-01-15 09:40:59.627874,313.88,313.91,0,0.03000000000002956,0.027589867432823212,1,1,-0.6666666666666666,0.01847
564,2020-01-15 09:41:00,N,AAPL,313.88,2.0,313.91,5.0,1.0,0.0,2020-01-15 09:41:00.000491,313.89,313.91,0,0.03000000000002956,0.025622326718689692,1,1,-0.42857142857142855,0.01847
565,2020-01-15 09:41:02,N,AAPL,313.89,1.0,313.91,4.0,-1.0,3.0,2020-01-15 09:41:02.241538,313.88,313.92,0,0.020000000000038654,0.026704241512220506,1,-1,-0.6,0.01847
566,2020-01-15 09:41:03,N,AAPL,313.88,1.0,313.92,2.0,-1.0,-1.0,2020-01-15 09:41:03.161741,313.88,313.91,0,0.040000000000020464,0.0261032056587851,1,1,-0.3333333333333333,0.01847
567,2020-01-15 09:41:04,N,AAPL,313.88,2.0,313.91,2.0,1.0,0.0,2020-01-15 09:41:04.148356,313.88,313.91,0,0.03000000000002956,0.02467943880083112,1,-1,0.0,0.01847
568,2020-01-15 09:41:05,N,AAPL,313.88,2.0,313.91,3.0,0.0,1.0,2020-01-15 09:41:05.265318,313.81,313.84,-1,0.03000000000002956,0.025058931111459515,1,1,-0.2,0.01847
569,2020-01-15 09:41:06,N,AAPL,313.81,4.0,313.84,2.0,3.0,-3.0,2020-01-15 09:41:06.008384,313.84,313.87,0,0.029999999999972715,0.024910437917242234,1,-1,0.3333333333333333,0.01847
570,2020-01-15 09:41:07,N,AAPL,313.84,2.0,313.87,4.0,0.0,3.0,2020-01-15 09:41:07.195851,313.87,313.89,0,0.03000000000002956,0.025759462085886753,1,1,-0.3333333333333333,0.01847
571,2020-01-15 09:41:08,N,AAPL,313.87,4.0,313.89,1.0,3.0,-3.0,2020-01-15 09:41:08.504741,313.88,313.91,0,0.01999999999998181,0.0255399045224749,1,-1,0.6,0.01847
572,2020-01-15 09:41:09,N,AAPL,313.88,4.0,313.91,4.0,0.0,0.0,2020-01-15 09:41:09.028692,313.88,313.91,0,0.03000000000002956,0.02505351170572112,1,1,0.0,0.01847
573,2020-01-15 09:41:10,N,AAPL,313.88,2.0,313.91,2.0,-2.0,1.0,2020-01-15 09:41:10.892817,313.9,313.93,0,0.03000000000002956,0.02401260711121722,1,1,0.0,0.01859
574,2020-01-15 09:41:11,N,AAPL,313.9,2.0,313.93,2.0,0.0,1.0,2020-01-15 09:41:11.076288,313.95,313.95,1,0.03000000000002956,0.023428780359211032,1,1,0.0,0.01859
575,2020-01-15 09:41:16,N,AAPL,313.95,1.0,313.95,1.0,-1.0,-1.0,2020-01-15 09:41:16.019984,314.0,314.03,1,0.0,0.023146755799075436,1,-1,0.0,0.01859
576,2020-01-15 09:41:17,N,AAPL,314.0,2.0,314.03,1.0,1.0,-6.0,2020-01-15 09:41:17.492217,313.96,313.99,-1,0.029999999999972715,0.019855238953368826,1,1,0.3333333333333333,0.01859
577,2020-01-15 09:41:18,N,AAPL,313.96,1.0,313.99,2.0,0.0,1.0,2020-01-15 09:41:18.280092,313.89,313.9,-1,0.03000000000002956,0.02024758794158288,1,1,-0.3333333333333333,0.01859
578,2020-01-15 09:41:20,N,AAPL,313.89,2.0,313.9,4.0,1.0,2.0,2020-01-15 09:41:20.201610,313.87,313.89,0,0.009999999999990905,0.018376401618127147,1,-1,-0.3333333333333333,0.01859
579,2020-01-15 09:41:21,N,AAPL,313.87,5.0,313.89,2.0,0.0,1.0,2020-01-15 09:41:21.040459,313.85,313.88,0,0.01999999999998181,0.018744991062192184,1,1,0.42857142857142855,0.01859
580,2020-01-15 09:41:22,N,AAPL,313.85,2.0,313.88,6.0,-3.0,4.0,2020-01-15 09:41:22.324178,313.87,313.88,0,0.029999999999972715,0.016804650281358136,1,1,-0.5,0.01859
581,2020-01-15 09:41:25,N,AAPL,313.87,1.0,313.88,1.0,-1.0,0.0,2020-01-15 09:41:25.077240,313.85,313.88,0,0.009999999999990905,0.017738943084623315,1,-1,0.0,0.01859
582,2020-01-15 09:41:26,N,AAPL,313.85,6.0,313.88,4.0,3.0,3.0,2020-01-15 09:41:26.049079,313.85,313.88,0,0.029999999999972715,0.01715414490428202,1,1,0.2,0.01859
583,2020-01-15 09:41:27,N,AAPL,313.85,2.0,313.88,2.0,1.0,-3.0,2020-01-15 09:41:27.283747,313.87,313.89,0,0.029999999999972715,0.01792487170308732,1,1,0.0,0.01859
584,2020-01-15 09:41:29,N,AAPL,313.87,4.0,313.89,1.0,3.0,-2.0,2020-01-15 09:41:29.831387,313.87,313.89,0,0.01999999999998181,0.018145951319809228,1,-1,0.6,0.01859
585,2020-01-15 09:41:30,N,AAPL,313.87,2.0,313.89,3.0,-2.0,2.0,2020-01-15 09:41:30.075915,313.91,313.93,1,0.01999999999998181,0.01711063372715671,1,1,-0.2,0.01859
586,2020-01-15 09:41:31,N,AAPL,313.91,3.0,313.93,1.0,0.0,0.0,2020-01-15 09:41:31.203832,313.98,314.01,1,0.01999999999998181,0.01714987275221347,1,1,0.5,0.01859
587,2020-01-15 09:41:32,N,AAPL,313.98,1.0,314.01,2.0,0.0,1.0,2020-01-15 09:41:32.867447,313.96,313.99,0,0.029999999999972715,0.018629653401831092,1,1,-0.3333333333333333,0.01859
588,2020-01-15 09:41:33,N,AAPL,313.96,2.0,313.99,5.0,1.0,2.0,2020-01-15 09:41:33.386913,313.91,313.93,-1,0.03000000000002956,0.018442328113565054,1,1,-0.42857142857142855,0.01859
589,2020-01-15 09:41:35,N,AAPL,313.91,1.0,313.93,3.0,-1.0,2.0,2020-01-15 09:41:35.000934,313.9,313.92,0,0.01999999999998181,0.017861400782862802,1,-1,-0.5,0.01859
590,2020-01-15 09:41:36,N,AAPL,313.9,2.0,313.92,2.0,1.0,1.0,2020-01-15 09:41:36.265251,313.88,313.92,0,0.020000000000038654,0.025436639498991553,1,1,0.0,0.01859
