,last_interval,Exchange,Symbol,Best_Bid_Price,FB0,Best_Offer_Price,FA0,FB2,FA2,p_time,Next_Best_Bid,Next_Best_Offer,outcome,Spread,AWS,Anomaly,Spread Change,Quote IMB,VPIN
0,2020-01-16 09:30:00,N,AAPL,313.51,4.0,313.8,1.0,0.0,0.0,2020-01-16 09:30:00.318530,313.62,313.7,0,0.29000000000002046,0.29000000000002046,0,0,0.6,0.00077
1,2020-01-16 09:30:01,N,AAPL,313.62,1.0,313.7,2.0,-3.0,1.0,2020-01-16 09:30:01.211641,313.81,313.94,1,0.07999999999998408,0.20133333333336623,0,-1,-0.3333333333333333,0.00077
2,2020-01-16 09:30:04,N,AAPL,313.81,16.0,313.94,1.0,15.0,-1.0,2020-01-16 09:30:04.448392,313.99,314.01,1,0.12999999999999545,0.04119047619047933,1,1,0.8823529411764706,0.00077
3,2020-01-16 09:30:06,N,AAPL,313.99,1.0,314.01,1.0,-15.0,0.0,2020-01-16 09:30:06.204188,313.97,314.04,0,0.01999999999998181,0.07500000000004547,0,-1,0.0,0.00077
4,2020-01-16 09:30:07,N,AAPL,313.97,17.0,314.04,1.0,16.0,0.0,2020-01-16 09:30:07.885942,313.97,314.03,0,0.06999999999999318,0.016282051282075827,1,1,0.8888888888888888,0.00077
5,2020-01-16 09:30:08,N,AAPL,313.97,8.0,314.03,1.0,-9.0,0.0,2020-01-16 09:30:08.734371,313.97,314.06,0,0.05999999999994543,0.01920972644381891,1,-1,0.7777777777777778,0.00077
6,2020-01-16 09:30:09,N,AAPL,313.97,13.0,314.06,1.0,0.0,0.0,2020-01-16 09:30:09.161811,314.13,314.2,1,0.08999999999997499,0.01883333333336168,1,1,0.8571428571428571,0.00077
7,2020-01-16 09:30:10,N,AAPL,314.13,1.0,314.2,3.0,-12.0,2.0,2020-01-16 09:30:10.953740,314.13,314.23,0,0.06999999999999318,0.09400894187774611,0,-1,-0.5,0.00077
8,2020-01-16 09:30:12,N,AAPL,314.13,10.0,314.23,1.0,9.0,-2.0,2020-01-16 09:30:12.637086,313.82,313.87,-1,0.10000000000002274,0.0809976525821412,0,1,0.8181818181818182,0.00077
9,2020-01-16 09:30:24,N,AAPL,313.82,2.0,313.87,1.0,-8.0,0.0,2020-01-16 09:30:24.254085,313.91,314.0,1,0.05000000000001137,0.0732560590094522,0,-1,0.3333333333333333,0.00077
10,2020-01-16 09:30:26,N,AAPL,313.91,11.0,314.0,1.0,9.0,0.0,2020-01-16 09:30:26.989917,314.02,314.05,1,0.08999999999997499,0.07535714285705808,0,1,0.8333333333333334,0.00077
11,2020-01-16 09:30:30,N,AAPL,314.02,1.0,314.05,4.0,-10.0,3.0,2020-01-16 09:30:30.274789,314.02,314.08,0,0.03000000000002956,0.08564705882349699,0,-1,-0.6,0.00077
12,2020-01-16 09:30:31,N,AAPL,314.02,2.0,314.08,6.0,1.0,0.0,2020-01-16 09:30:31.144342,313.97,314.03,0,0.060000000000002274,0.10094827586198107,0,1,-0.5,0.00077
13,2020-01-16 09:30:32,N,AAPL,313.97,2.0,314.03,4.0,-7.0,3.0,2020-01-16 09:30:32.409143,314.0,314.06,0,0.05999999999994543,0.10032905296941408,0,-1,-0.3333333333333333,0.00077
14,2020-01-16 09:30:33,N,AAPL,314.0,1.0,314.06,6.0,0.0,2.0,2020-01-16 09:30:33.281694,314.0,314.04,0,0.060000000000002274,0.10519607843133372,0,1,-0.7142857142857143,0.00077
15,2020-01-16 09:30:34,N,AAPL,314.0,1.0,314.04,4.0,-3.0,0.0,2020-01-16 09:30:34.153473,314.03,314.08,0,0.040000000000020464,0.10508964719485903,0,-1,-0.6,0.00077
16,2020-01-16 09:30:35,N,AAPL,314.03,3.0,314.08,7.0,2.0,5.0,2020-01-16 09:30:35.171760,314.02,314.07,0,0.05000000000001137,0.10899290780133697,0,1,-0.4,0.00077
17,2020-01-16 09:30:36,N,AAPL,314.02,1.0,314.07,4.0,0.0,0.0,2020-01-16 09:30:36.466380,313.96,314.01,-1,0.05000000000001137,0.11041031149295577,0,1,-0.6,0.00077
18,2020-01-16 09:30:37,N,AAPL,313.96,1.0,314.01,4.0,-6.0,2.0,2020-01-16 09:30:37.011255,313.94,313.99,0,0.05000000000001137,0.10759040880498105,0,1,-0.6,0.00077
19,2020-01-16 09:30:38,N,AAPL,313.94,3.0,313.99,2.0,-3.0,-2.0,2020-01-16 09:30:38.647750,313.96,314.03,0,0.05000000000001137,0.10553535353528787,0,1,0.2,0.00077
20,2020-01-16 09:30:39,N,AAPL,313.96,4.0,314.03,4.0,3.0,2.0,2020-01-16 09:30:39.088032,313.92,313.97,0,0.06999999999999318,0.10388678624320846,0,1,0.0,0.00077
21,2020-01-16 09:30:40,N,AAPL,313.92,1.0,313.97,4.0,-3.0,-1.0,2020-01-16 09:30:40.207033,313.9,313.98,0,0.05000000000001137,0.09967032967034584,0,-1,-0.6,0.00077
22,2020-01-16 09:30:41,N,AAPL,313.9,2.0,313.98,4.0,1.0,0.0,2020-01-16 09:30:41.243006,313.88,313.93,0,0.08000000000004093,0.0970825119684946,0,1,-0.3333333333333333,0.00077
23,2020-01-16 09:30:43,N,AAPL,313.88,2.0,313.93,4.0,1.0,1.0,2020-01-16 09:30:43.458732,313.87,313.94,0,0.05000000000001137,0.09238914971314216,0,-1,-0.3333333333333333,0.00077
24,2020-01-16 09:30:44,N,AAPL,313.87,1.0,313.94,2.0,-3.0,0.0,2020-01-16 09:30:44.051671,313.91,313.97,0,0.06999999999999318,0.0906283775291854,0,1,-0.3333333333333333,0.00119
25,2020-01-16 09:30:46,N,AAPL,313.91,2.0,313.97,3.0,0.0,-4.0,2020-01-16 09:30:46.097492,313.9,313.94,0,0.060000000000002274,0.08893907064964424,0,-1,-0.2,0.00119
26,2020-01-16 09:30:47,N,AAPL,313.9,3.0,313.94,2.0,2.0,-3.0,2020-01-16 09:30:47.486052,313.86,313.91,0,0.040000000000020464,0.08770580296896924,0,-1,0.2,0.00119
27,2020-01-16 09:30:48,N,AAPL,313.86,3.0,313.91,4.0,2.0,0.0,2020-01-16 09:30:48.493266,313.83,313.9,0,0.05000000000001137,0.08422034604961937,0,1,-0.14285714285714285,0.00119
28,2020-01-16 09:30:49,N,AAPL,313.83,3.0,313.9,2.0,1.0,0.0,2020-01-16 09:30:49.021507,313.84,313.9,0,0.06999999999999318,0.08400000000006003,0,1,0.2,0.00119
29,2020-01-16 09:30:50,N,AAPL,313.84,4.0,313.9,1.0,3.0,-2.0,2020-01-16 09:30:50.531845,313.86,313.91,0,0.060000000000002274,0.08549715370025979,0,-1,0.6,0.00119
30,2020-01-16 09:30:51,N,AAPL,313.86,4.0,313.91,1.0,2.0,0.0,2020-01-16 09:30:51.126341,313.84,313.91,0,0.05000000000001137,0.08634084302326528,0,-1,0.6,0.00119
31,2020-01-16 09:30:52,N,AAPL,313.84,4.0,313.91,5.0,0.0,0.0,2020-01-16 09:30:52.042652,313.72,313.75,-1,0.07000000000005002,0.08342157842156439,0,1,-0.1111111111111111,0.00119
32,2020-01-16 09:30:53,N,AAPL,313.72,1.0,313.75,2.0,-1.0,-2.0,2020-01-16 09:30:53.046162,313.79,313.84,1,0.029999999999972715,0.07948176893842174,0,-1,-0.3333333333333333,0.00119
33,2020-01-16 09:30:54,N,AAPL,313.79,1.0,313.84,4.0,-1.0,2.0,2020-01-16 09:30:54.530215,313.76,313.84,0,0.049999999999954525,0.0739413755962346,1,1,-0.6,0.00119
34,2020-01-16 09:30:55,N,AAPL,313.76,1.0,313.84,2.0,0.0,-2.0,2020-01-16 09:30:55.038325,313.73,313.81,0,0.07999999999998408,0.07205387205385705,1,1,-0.3333333333333333,0.00119
35,2020-01-16 09:30:56,N,AAPL,313.73,2.0,313.81,2.0,1.0,-2.0,2020-01-16 09:30:56.411662,313.71,313.8,0,0.07999999999998408,0.07124376671242771,1,1,0.0,0.00119
36,2020-01-16 09:30:57,N,AAPL,313.71,2.0,313.8,2.0,0.0,0.0,2020-01-16 09:30:57.145675,313.71,313.79,0,0.09000000000003183,0.07058601662350839,1,1,0.0,0.00119
37,2020-01-16 09:30:58,N,AAPL,313.71,4.0,313.79,2.0,3.0,-2.0,2020-01-16 09:30:58.437079,313.7,313.78,0,0.08000000000004093,0.07255278055271219,1,-1,0.3333333333333333,0.00119
38,2020-01-16 09:30:59,N,AAPL,313.7,11.0,313.78,1.0,0.0,-4.0,2020-01-16 09:30:59.079689,313.73,313.8,0,0.07999999999998408,0.08531242342559153,0,-1,0.8333333333333334,0.00119
39,2020-01-16 09:31:00,N,AAPL,313.73,1.0,313.8,3.0,0.0,-1.0,2020-01-16 09:31:00.008638,313.69,313.71,-1,0.06999999999999318,0.08151820065103266,0,-1,-0.5,0.00119
40,2020-01-16 09:31:01,N,AAPL,313.69,2.0,313.71,3.0,-8.0,1.0,2020-01-16 09:31:01.028244,313.6,313.66,-1,0.01999999999998181,0.07707461328476484,0,-1,-0.2,0.00119
41,2020-01-16 09:31:02,N,AAPL,313.6,1.0,313.66,1.0,0.0,-1.0,2020-01-16 09:31:02.018816,313.7,313.74,1,0.060000000000002274,0.07620141144838044,1,1,0.0,0.00119
42,2020-01-16 09:31:03,N,AAPL,313.7,2.0,313.74,2.0,1.0,1.0,2020-01-16 09:31:03.629244,313.72,313.77,0,0.040000000000020464,0.07466847826088951,1,-1,0.0,0.00119
43,2020-01-16 09:31:05,N,AAPL,313.72,1.0,313.77,3.0,0.0,1.0,2020-01-16 09:31:05.095412,313.71,313.77,0,0.049999999999954525,0.07092167596584886,1,1,-0.5,0.00119
44,2020-01-16 09:31:06,N,AAPL,313.71,1.0,313.77,3.0,0.0,0.0,2020-01-16 09:31:06.073556,313.67,313.76,0,0.060000000000002274,0.06745995306602026,1,1,-0.5,0.00119
45,2020-01-16 09:31:07,N,AAPL,313.67,4.0,313.76,2.0,2.0,-2.0,2020-01-16 09:31:07.042848,313.72,313.77,0,0.08999999999997499,0.06947448329901817,1,1,0.3333333333333333,0.00119
46,2020-01-16 09:31:08,N,AAPL,313.72,1.0,313.77,1.0,0.0,-3.0,2020-01-16 09:31:08.308174,313.78,313.82,1,0.049999999999954525,0.068995074367308,1,-1,0.0,0.00119
47,2020-01-16 09:31:09,N,AAPL,313.78,2.0,313.82,1.0,0.0,-6.0,2020-01-16 09:31:09.065480,313.78,313.85,0,0.040000000000020464,0.06912473372779004,1,-1,0.3333333333333333,0.00119
48,2020-01-16 09:31:10,N,AAPL,313.78,6.0,313.85,2.0,4.0,-2.0,2020-01-16 09:31:10.092241,313.88,313.92,1,0.07000000000005002,0.07086614173226735,1,1,0.5,0.00119
49,2020-01-16 09:31:11,N,AAPL,313.88,2.0,313.92,1.0,0.0,-1.0,2020-01-16 09:31:11.073459,313.86,313.95,0,0.040000000000020464,0.07059013064963438,1,-1,0.3333333333333333,0.00119
50,2020-01-16 09:31:12,N,AAPL,313.86,1.0,313.95,4.0,-1.0,2.0,2020-01-16 09:31:12.230962,313.91,313.98,0,0.08999999999997499,0.0709286687095414,1,1,-0.6,0.00119
51,2020-01-16 09:31:13,N,AAPL,313.91,2.0,313.98,2.0,-2.0,0.0,2020-01-16 09:31:13.013285,313.95,314.0,0,0.06999999999999318,0.07106716417905545,1,-1,0.0,0.00119
52,2020-01-16 09:31:14,N,AAPL,313.95,2.0,314.0,3.0,1.0,1.0,2020-01-16 09:31:14.151048,314.03,314.06,1,0.05000000000001137,0.07147308895480364,1,-1,-0.2,0.00119
53,2020-01-16 09:31:15,N,AAPL,314.03,2.0,314.06,1.0,0.0,-8.0,2020-01-16 09:31:15.028697,314.05,314.12,0,0.03000000000002956,0.07059782608695286,1,-1,0.3333333333333333,0.00119
54,2020-01-16 09:31:16,N,AAPL,314.05,17.0,314.12,2.0,13.0,0.0,2020-01-16 09:31:16.279490,314.02,314.08,0,0.06999999999999318,0.058154584221654204,1,1,0.7894736842105263,0.00119
55,2020-01-16 09:31:17,N,AAPL,314.02,2.0,314.08,3.0,1.0,-2.0,2020-01-16 09:31:17.030357,313.91,313.95,-1,0.060000000000002274,0.0596613731095772,1,-1,-0.2,0.00119
56,2020-01-16 09:31:19,N,AAPL,313.91,2.0,313.95,2.0,0.0,1.0,2020-01-16 09:31:19.135646,313.96,314.02,1,0.03999999999996362,0.059473507148823046,1,-1,0.0,0.00119
57,2020-01-16 09:31:20,N,AAPL,313.96,2.0,314.02,1.0,1.0,-3.0,2020-01-16 09:31:20.138519,313.97,314.03,0,0.060000000000002274,0.05927900205142578,1,1,0.3333333333333333,0.00119
58,2020-01-16 09:31:21,N,AAPL,313.97,1.0,314.03,4.0,0.0,0.0,2020-01-16 09:31:21.017192,313.91,313.99,0,0.05999999999994543,0.06104166666665378,1,-1,-0.6,0.00142
59,2020-01-16 09:31:22,N,AAPL,313.91,4.0,313.99,4.0,3.0,0.0,2020-01-16 09:31:22.043676,313.84,313.92,0,0.07999999999998408,0.061671771624503435,1,1,0.0,0.00142
60,2020-01-16 09:31:23,N,AAPL,313.84,2.0,313.92,1.0,1.0,0.0,2020-01-16 09:31:23.011585,313.87,313.93,0,0.08000000000004093,0.06193759421159939,1,1,0.3333333333333333,0.00142
61,2020-01-16 09:31:25,N,AAPL,313.87,2.0,313.93,2.0,-2.0,0.0,2020-01-16 09:31:25.590350,313.85,313.94,0,0.060000000000002274,0.06184153102140044,1,-1,0.0,0.00142
62,2020-01-16 09:31:26,N,AAPL,313.85,2.0,313.94,1.0,0.0,-3.0,2020-01-16 09:31:26.072063,313.87,313.93,0,0.08999999999997499,0.062134479154508426,1,1,0.3333333333333333,0.00142
63,2020-01-16 09:31:27,N,AAPL,313.87,1.0,313.93,3.0,-3.0,1.0,2020-01-16 09:31:27.137853,313.89,313.96,0,0.060000000000002274,0.06181400493494493,1,-1,-0.5,0.00142
64,2020-01-16 09:31:28,N,AAPL,313.89,2.0,313.96,4.0,0.0,2.0,2020-01-16 09:31:28.451817,313.87,313.93,0,0.06999999999999318,0.06201453448511529,1,1,-0.3333333333333333,0.00142
65,2020-01-16 09:31:29,N,AAPL,313.87,1.0,313.93,1.0,0.0,-1.0,2020-01-16 09:31:29.214506,313.95,313.99,1,0.060000000000002274,0.061972213177057256,1,-1,0.0,0.00142
66,2020-01-16 09:31:31,N,AAPL,313.95,2.0,313.99,2.0,0.0,0.0,2020-01-16 09:31:31.012769,313.91,313.95,0,0.040000000000020464,0.06188988095237846,1,-1,0.0,0.00142
67,2020-01-16 09:31:32,N,AAPL,313.91,4.0,313.95,2.0,2.0,0.0,2020-01-16 09:31:32.447967,313.9,313.97,0,0.03999999999996362,0.06151857585143716,1,-1,0.3333333333333333,0.00142
68,2020-01-16 09:31:33,N,AAPL,313.9,7.0,313.97,2.0,6.0,0.0,2020-01-16 09:31:33.044105,313.83,313.88,-1,0.07000000000005002,0.06144755071750296,1,1,0.5555555555555556,0.00142
69,2020-01-16 09:31:34,N,AAPL,313.83,2.0,313.88,1.0,0.0,0.0,2020-01-16 09:31:34.068052,313.81,313.87,0,0.05000000000001137,0.06154337699081225,1,-1,0.3333333333333333,0.00142
70,2020-01-16 09:31:35,N,AAPL,313.81,2.0,313.87,4.0,1.0,2.0,2020-01-16 09:31:35.023733,313.81,313.85,0,0.060000000000002274,0.06036404037547527,1,1,-0.3333333333333333,0.00142
71,2020-01-16 09:31:37,N,AAPL,313.81,4.0,313.85,4.0,2.0,2.0,2020-01-16 09:31:37.776391,313.85,313.92,0,0.040000000000020464,0.05946433849442201,1,-1,0.0,0.00142
72,2020-01-16 09:31:38,N,AAPL,313.85,1.0,313.92,10.0,-1.0,8.0,2020-01-16 09:31:38.229676,313.82,313.9,0,0.06999999999999318,0.05816110205131508,1,1,-0.8181818181818182,0.00142
73,2020-01-16 09:31:39,N,AAPL,313.82,6.0,313.9,1.0,4.0,-9.0,2020-01-16 09:31:39.006700,313.85,313.9,0,0.07999999999998408,0.05955791666667665,1,1,0.7142857142857143,0.00142
74,2020-01-16 09:31:40,N,AAPL,313.85,4.0,313.9,1.0,2.0,-1.0,2020-01-16 09:31:40.224476,313.89,313.95,0,0.049999999999954525,0.05989555709686556,1,-1,0.6,0.00142
75,2020-01-16 09:31:42,N,AAPL,313.89,1.0,313.95,1.0,-1.0,-6.0,2020-01-16 09:31:42.687615,313.9,313.97,0,0.060000000000002274,0.05990095007075524,1,1,0.0,0.00142
76,2020-01-16 09:31:43,N,AAPL,313.9,2.0,313.97,2.0,1.0,1.0,2020-01-16 09:31:43.192759,313.94,313.98,0,0.07000000000005002,0.060037719367926456,1,1,0.0,0.00142
77,2020-01-16 09:31:45,N,AAPL,313.94,1.0,313.98,2.0,0.0,1.0,2020-01-16 09:31:45.675159,313.92,313.96,0,0.040000000000020464,0.06017030772846965,1,-1,-0.3333333333333333,0.00142
78,2020-01-16 09:31:47,N,AAPL,313.92,2.0,313.96,2.0,0.0,-3.0,2020-01-16 09:31:47.853858,313.87,313.93,0,0.03999999999996362,0.06004615384620138,1,-1,0.0,0.00142
79,2020-01-16 09:31:48,N,AAPL,313.87,1.0,313.93,2.0,0.0,-2.0,2020-01-16 09:31:48.058454,313.9,313.95,0,0.060000000000002274,0.0599446151511529,1,1,-0.3333333333333333,0.00142
80,2020-01-16 09:31:49,N,AAPL,313.9,2.0,313.95,2.0,0.0,0.0,2020-01-16 09:31:49.006258,313.87,313.94,0,0.05000000000001137,0.059876612241851035,1,-1,0.0,0.00142
81,2020-01-16 09:31:50,N,AAPL,313.87,1.0,313.94,2.0,-3.0,-2.0,2020-01-16 09:31:50.120280,313.91,313.93,0,0.06999999999999318,0.05987606649017607,1,1,-0.3333333333333333,0.00142
82,2020-01-16 09:31:52,N,AAPL,313.91,2.0,313.93,1.0,-4.0,-1.0,2020-01-16 09:31:52.496268,313.89,313.96,0,0.01999999999998181,0.05962060949474335,1,-1,0.3333333333333333,0.00142
83,2020-01-16 09:31:53,N,AAPL,313.89,2.0,313.96,2.0,0.0,0.0,2020-01-16 09:31:53.344416,313.87,313.96,0,0.06999999999999318,0.05972666571449281,1,1,0.0,0.00142
84,2020-01-16 09:31:54,N,AAPL,313.87,2.0,313.96,1.0,0.0,0.0,2020-01-16 09:31:54.131021,313.92,313.98,0,0.08999999999997499,0.059915343915349695,1,1,0.3333333333333333,0.00142
85,2020-01-16 09:31:55,N,AAPL,313.92,1.0,313.98,1.0,0.0,-1.0,2020-01-16 09:31:55.568098,313.91,313.96,0,0.060000000000002274,0.0599506829191796,1,-1,0.0,0.00142
86,2020-01-16 09:31:56,N,AAPL,313.91,3.0,313.96,1.0,2.0,0.0,2020-01-16 09:31:56.696643,313.92,313.96,0,0.049999999999954525,0.059759330670772215,1,-1,0.5,0.00142
87,2020-01-16 09:31:57,N,AAPL,313.92,5.0,313.96,1.0,0.0,0.0,2020-01-16 09:31:57.453903,313.98,314.0,1,0.03999999999996362,0.05923115755473418,1,-1,0.6666666666666666,0.00142
88,2020-01-16 09:31:58,N,AAPL,313.98,1.0,314.0,6.0,0.0,2.0,2020-01-16 09:31:58.024572,313.87,313.93,-1,0.01999999999998181,0.06035616438367697,1,-1,-0.7142857142857143,0.00142
89,2020-01-16 09:31:59,N,AAPL,313.87,6.0,313.93,1.0,-2.0,0.0,2020-01-16 09:31:59.050622,313.89,313.95,0,0.060000000000002274,0.0606503496503592,1,1,0.7142857142857143,0.00142
90,2020-01-16 09:32:00,N,AAPL,313.89,2.0,313.95,2.0,-4.0,1.0,2020-01-16 09:32:00.838871,313.88,313.94,0,0.060000000000002274,0.0606493993994377,1,1,0.0,0.00142
91,2020-01-16 09:32:01,N,AAPL,313.88,4.0,313.94,1.0,0.0,-3.0,2020-01-16 09:32:01.011937,313.75,313.81,-1,0.060000000000002274,0.06071687450094032,1,1,0.6,0.00142
92,2020-01-16 09:32:02,N,AAPL,313.75,6.0,313.81,10.0,0.0,9.0,2020-01-16 09:32:02.071855,313.82,313.85,1,0.060000000000002274,0.057552495895436095,1,1,-0.25,0.00142
93,2020-01-16 09:32:03,N,AAPL,313.82,1.0,313.85,2.0,-5.0,-9.0,2020-01-16 09:32:03.736276,313.82,313.89,0,0.03000000000002956,0.05698341991029565,1,-1,-0.3333333333333333,0.00161
94,2020-01-16 09:32:04,N,AAPL,313.82,2.0,313.89,1.0,1.0,-1.0,2020-01-16 09:32:04.204581,313.83,313.88,0,0.06999999999999318,0.05719395799309268,1,1,0.3333333333333333,0.00161
95,2020-01-16 09:32:05,N,AAPL,313.83,2.0,313.88,1.0,0.0,0.0,2020-01-16 09:32:05.112791,313.89,313.91,1,0.05000000000001137,0.057292476083091515,1,-1,0.3333333333333333,0.00161
96,2020-01-16 09:32:08,N,AAPL,313.89,1.0,313.91,2.0,0.0,0.0,2020-01-16 09:32:08.883582,313.95,313.99,1,0.020000000000038654,0.057012084342659364,1,-1,-0.3333333333333333,0.00161
97,2020-01-16 09:32:09,N,AAPL,313.95,2.0,313.99,1.0,1.0,-1.0,2020-01-16 09:32:09.173608,313.89,313.96,0,0.040000000000020464,0.0567843137255295,1,1,0.3333333333333333,0.00161
98,2020-01-16 09:32:10,N,AAPL,313.89,11.0,313.96,2.0,9.0,0.0,2020-01-16 09:32:10.038098,313.97,314.0,1,0.06999999999999318,0.05674062100797528,1,1,0.6923076923076923,0.00161
99,2020-01-16 09:32:11,N,AAPL,313.97,2.0,314.0,4.0,-2.0,3.0,2020-01-16 09:32:11.399903,313.95,314.0,0,0.029999999999972715,0.05716084308187419,1,-1,-0.3333333333333333,0.00161
100,2020-01-16 09:32:12,N,AAPL,313.95,1.0,314.0,3.0,-3.0,2.0,2020-01-16 09:32:12.001636,313.95,314.0,0,0.05000000000001137,0.057654994979998264,1,1,-0.5,0.00161
101,2020-01-16 09:32:13,N,AAPL,313.95,2.0,314.0,4.0,1.0,1.0,2020-01-16 09:32:13.296216,314.06,314.12,1,0.05000000000001137,0.05815640880871342,1,1,-0.3333333333333333,0.00161
102,2020-01-16 09:32:14,N,AAPL,314.06,2.0,314.12,1.0,1.0,-1.0,2020-01-16 09:32:14.002861,314.09,314.16,0,0.060000000000002274,0.057773646349858154,1,1,0.3333333333333333,0.00161
103,2020-01-16 09:32:15,N,AAPL,314.09,6.0,314.16,1.0,0.0,0.0,2020-01-16 09:32:15.243600,314.13,314.18,0,0.07000000000005002,0.054921568627605666,1,1,0.7142857142857143,0.00161
104,2020-01-16 09:32:16,N,AAPL,314.13,2.0,314.18,1.0,1.0,0.0,2020-01-16 09:32:16.829245,314.16,314.2,0,0.05000000000001137,0.054394766566360886,1,-1,0.3333333333333333,0.00161
105,2020-01-16 09:32:17,N,AAPL,314.16,1.0,314.2,1.0,-3.0,-11.0,2020-01-16 09:32:17.019073,314.22,314.24,1,0.03999999999996362,0.05457695049148015,1,-1,0.0,0.00161
106,2020-01-16 09:32:19,N,AAPL,314.22,4.0,314.24,1.0,3.0,0.0,2020-01-16 09:32:19.006804,314.14,314.19,-1,0.01999999999998181,0.05182573091354925,1,-1,0.6,0.00161
107,2020-01-16 09:32:20,N,AAPL,314.14,2.0,314.19,5.0,0.0,0.0,2020-01-16 09:32:20.018430,314.17,314.2,0,0.05000000000001137,0.05498412912066897,1,1,-0.42857142857142855,0.00161
108,2020-01-16 09:32:21,N,AAPL,314.17,4.0,314.2,4.0,2.0,-1.0,2020-01-16 09:32:21.280029,314.19,314.24,0,0.029999999999972715,0.05551304309858551,1,-1,0.0,0.00161
109,2020-01-16 09:32:22,N,AAPL,314.19,2.0,314.24,2.0,0.0,-2.0,2020-01-16 09:32:22.154469,314.26,314.28,1,0.05000000000001137,0.0559452615700593,1,1,0.0,0.00161
110,2020-01-16 09:32:24,N,AAPL,314.26,2.0,314.28,4.0,-2.0,2.0,2020-01-16 09:32:24.180321,314.23,314.29,0,0.01999999999998181,0.05859391329136088,1,-1,-0.3333333333333333,0.00161
111,2020-01-16 09:32:25,N,AAPL,314.23,4.0,314.29,6.0,3.0,2.0,2020-01-16 09:32:25.572738,314.18,314.21,-1,0.060000000000002274,0.06191158900833216,1,1,-0.2,0.00161
112,2020-01-16 09:32:26,N,AAPL,314.18,1.0,314.21,2.0,-1.0,-4.0,2020-01-16 09:32:26.464161,314.21,314.25,0,0.029999999999972715,0.06284545858943602,1,-1,-0.3333333333333333,0.00161
113,2020-01-16 09:32:27,N,AAPL,314.21,4.0,314.25,5.0,2.0,0.0,2020-01-16 09:32:27.009430,314.21,314.24,0,0.040000000000020464,0.06432446766712019,1,1,-0.1111111111111111,0.00161
114,2020-01-16 09:32:28,N,AAPL,314.21,4.0,314.24,2.0,2.0,0.0,2020-01-16 09:32:28.114266,314.23,314.27,0,0.03000000000002956,0.06284722222221717,1,-1,0.3333333333333333,0.00161
115,2020-01-16 09:32:29,N,AAPL,314.23,2.0,314.27,1.0,-2.0,0.0,2020-01-16 09:32:29.003689,314.22,314.29,0,0.03999999999996362,0.0621198072989273,1,1,0.3333333333333333,0.00161
116,2020-01-16 09:32:30,N,AAPL,314.22,2.0,314.29,10.0,1.0,0.0,2020-01-16 09:32:30.225270,314.29,314.33,0,0.06999999999999318,0.07083253702813863,0,1,-0.6666666666666666,0.00161
117,2020-01-16 09:32:32,N,AAPL,314.29,1.0,314.33,6.0,-2.0,5.0,2020-01-16 09:32:32.081854,314.43,314.5,1,0.03999999999996362,0.07650168425772108,0,-1,-0.7142857142857143,0.00161
118,2020-01-16 09:32:33,N,AAPL,314.43,1.0,314.5,2.0,-1.0,0.0,2020-01-16 09:32:33.081936,314.42,314.45,0,0.06999999999999318,0.07838691016536359,1,1,-0.3333333333333333,0.00161
119,2020-01-16 09:32:34,N,AAPL,314.42,1.0,314.45,1.0,-4.0,-2.0,2020-01-16 09:32:34.022782,314.38,314.44,0,0.029999999999972715,0.07848986163696736,1,-1,0.0,0.00161
120,2020-01-16 09:32:35,N,AAPL,314.38,2.0,314.44,1.0,-1.0,0.0,2020-01-16 09:32:35.553588,314.32,314.35,-1,0.060000000000002274,0.07743231509988391,1,1,0.3333333333333333,0.00161
121,2020-01-16 09:32:36,N,AAPL,314.32,2.0,314.35,1.0,1.0,-1.0,2020-01-16 09:32:36.307496,314.35,314.4,0,0.03000000000002956,0.0764254412659966,0,-1,0.3333333333333333,0.00161
122,2020-01-16 09:32:37,N,AAPL,314.35,4.0,314.4,1.0,2.0,-1.0,2020-01-16 09:32:37.415492,314.34,314.4,0,0.049999999999954525,0.07319408360126545,0,1,0.6,0.00161
123,2020-01-16 09:32:38,N,AAPL,314.34,1.0,314.4,3.0,-1.0,2.0,2020-01-16 09:32:38.378659,314.3,314.39,0,0.060000000000002274,0.07587935357094011,0,1,-0.5,0.00161
124,2020-01-16 09:32:39,N,AAPL,314.3,4.0,314.39,2.0,-1.0,0.0,2020-01-16 09:32:39.106697,314.31,314.37,0,0.08999999999997499,0.07442971352435279,0,1,0.3333333333333333,0.00161
125,2020-01-16 09:32:40,N,AAPL,314.31,1.0,314.37,3.0,0.0,1.0,2020-01-16 09:32:40.059393,314.22,314.29,-1,0.060000000000002274,0.07682159636004826,1,-1,-0.5,0.00161
126,2020-01-16 09:32:41,N,AAPL,314.22,1.0,314.29,1.0,0.0,-2.0,2020-01-16 09:32:41.234234,314.29,314.36,0,0.06999999999999318,0.07694322643976648,1,1,0.0,0.00161
127,2020-01-16 09:32:42,N,AAPL,314.29,2.0,314.36,3.0,1.0,2.0,2020-01-16 09:32:42.080109,314.26,314.35,0,0.06999999999999318,0.07831108101129303,1,1,-0.2,0.00161
128,2020-01-16 09:32:43,N,AAPL,314.26,3.0,314.35,1.0,2.0,0.0,2020-01-16 09:32:43.055058,314.21,314.27,0,0.09000000000003183,0.0768575940280698,1,1,0.5,0.00172
129,2020-01-16 09:32:44,N,AAPL,314.21,1.0,314.27,1.0,-1.0,0.0,2020-01-16 09:32:44.503388,314.2,314.27,0,0.060000000000002274,0.07693901665339808,1,-1,0.0,0.00172
130,2020-01-16 09:32:45,N,AAPL,314.2,6.0,314.27,3.0,5.0,2.0,2020-01-16 09:32:45.124867,314.27,314.34,0,0.06999999999999318,0.07531787792487421,0,1,0.3333333333333333,0.00172
131,2020-01-16 09:32:46,N,AAPL,314.27,4.0,314.34,2.0,2.0,-1.0,2020-01-16 09:32:46.033758,314.27,314.36,0,0.06999999999999318,0.07400015227648282,0,1,0.3333333333333333,0.00172
132,2020-01-16 09:32:47,N,AAPL,314.27,4.0,314.36,2.0,-1.0,0.0,2020-01-16 09:32:47.305604,314.36,314.37,0,0.09000000000003183,0.0728442126714981,0,1,0.3333333333333333,0.00172
133,2020-01-16 09:32:49,N,AAPL,314.36,1.0,314.37,1.0,-3.0,-1.0,2020-01-16 09:32:49.401777,314.32,314.4,0,0.009999999999990905,0.07286715996383464,0,-1,0.0,0.00172
134,2020-01-16 09:32:50,N,AAPL,314.32,4.0,314.4,3.0,3.0,0.0,2020-01-16 09:32:50.086556,314.29,314.38,0,0.07999999999998408,0.07260274072763195,0,1,0.14285714285714285,0.00172
135,2020-01-16 09:32:51,N,AAPL,314.29,7.0,314.38,1.0,-24.0,-2.0,2020-01-16 09:32:51.264926,314.31,314.38,0,0.08999999999997499,0.06803709915556055,0,1,0.75,0.00172
136,2020-01-16 09:32:52,N,AAPL,314.31,1.0,314.38,1.0,0.0,0.0,2020-01-16 09:32:52.710923,314.31,314.37,0,0.06999999999999318,0.06823262279885967,0,-1,0.0,0.00172
137,2020-01-16 09:32:54,N,AAPL,314.31,2.0,314.37,4.0,1.0,3.0,2020-01-16 09:32:54.413335,314.32,314.36,0,0.060000000000002274,0.07051516681383418,0,-1,-0.3333333333333333,0.00172
138,2020-01-16 09:32:55,N,AAPL,314.32,2.0,314.36,1.0,0.0,-1.0,2020-01-16 09:32:55.029767,314.41,314.47,1,0.040000000000020464,0.06977017332667401,0,-1,0.3333333333333333,0.00172
139,2020-01-16 09:32:56,N,AAPL,314.41,2.0,314.47,2.0,0.0,0.0,2020-01-16 09:32:56.042382,314.39,314.46,0,0.060000000000002274,0.07017549657467725,0,1,0.0,0.00172
140,2020-01-16 09:32:57,N,AAPL,314.39,4.0,314.46,1.0,0.0,0.0,2020-01-16 09:32:57.017752,314.43,314.47,0,0.06999999999999318,0.06744025841550183,1,1,0.6,0.00172
141,2020-01-16 09:33:00,N,AAPL,314.43,5.0,314.47,1.0,1.0,0.0,2020-01-16 09:33:00.074900,314.5,314.51,1,0.040000000000020464,0.06337832584944181,1,-1,0.6666666666666666,0.00172
142,2020-01-16 09:33:02,N,AAPL,314.5,2.0,314.51,1.0,1.0,-3.0,2020-01-16 09:33:02.645289,314.45,314.5,0,0.009999999999990905,0.062311621966728126,1,-1,0.3333333333333333,0.00172
143,2020-01-16 09:33:03,N,AAPL,314.45,2.0,314.5,1.0,1.0,-1.0,2020-01-16 09:33:03.165451,314.49,314.5,0,0.05000000000001137,0.061461186008727964,1,1,0.3333333333333333,0.00172
144,2020-01-16 09:33:05,N,AAPL,314.49,4.0,314.5,1.0,3.0,0.0,2020-01-16 09:33:05.269136,314.46,314.5,0,0.009999999999990905,0.058141813437657675,1,-1,0.6,0.00172
145,2020-01-16 09:33:06,N,AAPL,314.46,8.0,314.5,1.0,0.0,0.0,2020-01-16 09:33:06.053854,314.48,314.51,0,0.040000000000020464,0.05098488623150388,1,1,0.7777777777777778,0.00172
146,2020-01-16 09:33:07,N,AAPL,314.48,4.0,314.51,1.0,3.0,0.0,2020-01-16 09:33:07.153763,314.5,314.54,0,0.029999999999972715,0.04800732323229795,1,-1,0.6,0.00172
147,2020-01-16 09:33:08,N,AAPL,314.5,4.0,314.54,4.0,0.0,0.0,2020-01-16 09:33:08.206896,314.63,314.68,1,0.040000000000020464,0.049125624907162546,1,1,0.0,0.00172
148,2020-01-16 09:33:09,N,AAPL,314.63,4.0,314.68,3.0,2.0,-1.0,2020-01-16 09:33:09.013018,314.67,314.7,0,0.05000000000001137,0.04889771441770563,1,1,0.14285714285714285,0.00172
149,2020-01-16 09:33:10,N,AAPL,314.67,1.0,314.7,2.0,-2.0,1.0,2020-01-16 09:33:10.397813,314.68,314.73,0,0.029999999999972715,0.05100604107445861,1,-1,-0.3333333333333333,0.00172
150,2020-01-16 09:33:11,N,AAPL,314.68,1.0,314.73,3.0,-1.0,2.0,2020-01-16 09:33:11.304964,314.75,314.78,1,0.05000000000001137,0.055044433826992645,1,1,-0.5,0.00172
151,2020-01-16 09:33:12,N,AAPL,314.75,2.0,314.78,2.0,1.0,-5.0,2020-01-16 09:33:12.735973,314.77,314.82,0,0.029999999999972715,0.05574267262790045,1,-1,0.0,0.00172
152,2020-01-16 09:33:13,N,AAPL,314.77,2.0,314.82,62.0,1.0,58.0,2020-01-16 09:33:13.780351,314.79,314.83,0,0.05000000000001137,0.16064232194645456,1,1,-0.9375,0.00172
153,2020-01-16 09:33:14,N,AAPL,314.79,2.0,314.83,1.0,0.0,-61.0,2020-01-16 09:33:14.235633,314.8,314.85,0,0.03999999999996362,0.15885315685738988,1,-1,0.3333333333333333,0.00183
154,2020-01-16 09:33:15,N,AAPL,314.8,2.0,314.85,7.0,0.0,1.0,2020-01-16 09:33:15.118356,314.83,314.89,0,0.05000000000001137,0.16624480514383322,1,1,-0.5555555555555556,0.00183
155,2020-01-16 09:33:16,N,AAPL,314.83,4.0,314.89,2.0,3.0,0.0,2020-01-16 09:33:16.183273,314.81,314.85,0,0.060000000000002274,0.16262353919967154,1,1,0.3333333333333333,0.00183
156,2020-01-16 09:33:17,N,AAPL,314.81,2.0,314.85,2.0,-8.0,0.0,2020-01-16 09:33:17.559700,314.78,314.84,0,0.040000000000020464,0.16231904487915472,1,-1,0.0,0.00183
157,2020-01-16 09:33:18,N,AAPL,314.78,3.0,314.84,1.0,2.0,0.0,2020-01-16 09:33:18.039428,314.82,314.88,0,0.060000000000002274,0.15910152740337935,1,1,0.5,0.00183
158,2020-01-16 09:33:19,N,AAPL,314.82,5.0,314.88,4.0,4.0,3.0,2020-01-16 09:33:19.228389,314.87,314.9,0,0.060000000000002274,0.15713389901623032,1,1,0.1111111111111111,0.00183
159,2020-01-16 09:33:20,N,AAPL,314.87,2.0,314.9,2.0,-3.0,0.0,2020-01-16 09:33:20.328265,314.87,314.92,0,0.029999999999972715,0.15684540647481526,1,-1,0.0,0.00183
160,2020-01-16 09:33:21,N,AAPL,314.87,1.0,314.92,1.0,-1.0,0.0,2020-01-16 09:33:21.484034,314.91,314.95,0,0.05000000000001137,0.15674590390290177,1,1,0.0,0.00183
161,2020-01-16 09:33:22,N,AAPL,314.91,2.0,314.95,4.0,1.0,1.0,2020-01-16 09:33:22.565823,314.85,314.89,-1,0.03999999999996362,0.1597656320982992,1,-1,-0.3333333333333333,0.00183
162,2020-01-16 09:33:23,N,AAPL,314.85,2.0,314.89,2.0,-5.0,1.0,2020-01-16 09:33:23.834964,314.84,314.9,0,0.03999999999996362,0.15948744628525446,1,1,0.0,0.00183
163,2020-01-16 09:33:24,N,AAPL,314.84,4.0,314.9,1.0,3.0,-1.0,2020-01-16 09:33:24.014159,314.74,314.79,-1,0.060000000000002274,0.15466754340997113,1,1,0.6,0.00183
164,2020-01-16 09:33:25,N,AAPL,314.74,1.0,314.79,1.0,0.0,-1.0,2020-01-16 09:33:25.048154,314.84,314.88,1,0.05000000000001137,0.15455128205138635,1,-1,0.0,0.00183
165,2020-01-16 09:33:26,N,AAPL,314.84,1.0,314.88,1.0,-1.0,0.0,2020-01-16 09:33:26.986306,314.8,314.87,0,0.040000000000020464,0.15442998916972783,1,-1,0.0,0.00183
166,2020-01-16 09:33:27,N,AAPL,314.8,2.0,314.87,1.0,1.0,0.0,2020-01-16 09:33:27.262072,314.8,314.87,0,0.06999999999999318,0.1529045451750335,1,1,0.3333333333333333,0.00183
167,2020-01-16 09:33:28,N,AAPL,314.8,4.0,314.87,1.0,2.0,0.0,2020-01-16 09:33:28.004726,314.79,314.87,0,0.06999999999999318,0.14851134332644733,1,1,0.6,0.00183
168,2020-01-16 09:33:29,N,AAPL,314.79,2.0,314.87,1.0,0.0,-1.0,2020-01-16 09:33:29.050928,314.83,314.87,0,0.07999999999998408,0.14708311003545305,1,1,0.3333333333333333,0.00183
169,2020-01-16 09:33:30,N,AAPL,314.83,2.0,314.87,2.0,0.0,0.0,2020-01-16 09:33:30.184882,314.86,314.91,0,0.040000000000020464,0.14689490377617176,1,-1,0.0,0.00183
170,2020-01-16 09:33:31,N,AAPL,314.86,3.0,314.91,2.0,1.0,1.0,2020-01-16 09:33:31.075310,314.82,314.86,0,0.05000000000001137,0.1452424993212844,1,1,0.2,0.00183
171,2020-01-16 09:33:32,N,AAPL,314.82,1.0,314.86,2.0,-1.0,-2.0,2020-01-16 09:33:32.145306,314.68,314.74,-1,0.040000000000020464,0.14648848621811794,1,-1,-0.3333333333333333,0.00183
172,2020-01-16 09:33:33,N,AAPL,314.68,2.0,314.74,1.0,1.0,0.0,2020-01-16 09:33:33.010389,314.74,314.81,0,0.060000000000002274,0.14526091930429175,1,1,0.3333333333333333,0.00183
173,2020-01-16 09:33:34,N,AAPL,314.74,3.0,314.81,2.0,-1.0,0.0,2020-01-16 09:33:34.143389,314.83,314.9,1,0.06999999999999318,0.14392473430518749,1,1,0.2,0.00183
174,2020-01-16 09:33:35,N,AAPL,314.83,3.0,314.9,2.0,-1.0,1.0,2020-01-16 09:33:35.046014,314.78,314.85,0,0.06999999999999318,0.14247155112587961,1,1,0.2,0.00183
175,2020-01-16 09:33:36,N,AAPL,314.78,1.0,314.85,1.0,-1.0,0.0,2020-01-16 09:33:36.335282,314.81,314.85,0,0.07000000000005002,0.1424455205810773,1,1,0.0,0.00183
176,2020-01-16 09:33:37,N,AAPL,314.81,2.0,314.85,1.0,1.0,0.0,2020-01-16 09:33:37.274803,314.82,314.85,0,0.040000000000020464,0.14100540738326117,1,-1,0.3333333333333333,0.00183
177,2020-01-16 09:33:38,N,AAPL,314.82,1.0,314.85,1.0,-3.0,0.0,2020-01-16 09:33:38.235562,314.83,314.9,0,0.03000000000002956,0.14090705151562588,1,-1,0.0,0.00183
178,2020-01-16 09:33:39,N,AAPL,314.83,1.0,314.9,4.0,0.0,2.0,2020-01-16 09:33:39.099284,314.81,314.85,0,0.06999999999999318,0.14497459080780573,1,1,-0.6,0.00183
179,2020-01-16 09:33:40,N,AAPL,314.81,1.0,314.85,1.0,-2.0,-1.0,2020-01-16 09:33:40.075260,314.78,314.84,0,0.040000000000020464,0.14487855115623915,1,-1,0.0,0.00183
180,2020-01-16 09:33:41,N,AAPL,314.78,4.0,314.84,4.0,-2.0,3.0,2020-01-16 09:33:41.470190,314.75,314.81,0,0.060000000000002274,0.14463862403306393,1,1,0.0,0.00183
181,2020-01-16 09:33:42,N,AAPL,314.75,8.0,314.81,4.0,6.0,2.0,2020-01-16 09:33:42.108308,314.77,314.81,0,0.060000000000002274,0.13966685217519625,1,1,0.3333333333333333,0.00183
182,2020-01-16 09:33:43,N,AAPL,314.77,4.0,314.81,1.0,2.0,-1.0,2020-01-16 09:33:43.164282,314.69,314.73,-1,0.040000000000020464,0.135997445177793,1,-1,0.6,0.00183
183,2020-01-16 09:33:45,N,AAPL,314.69,2.0,314.73,2.0,0.0,-3.0,2020-01-16 09:33:45.535625,314.64,314.69,0,0.040000000000020464,0.13582119280238203,1,1,0.0,0.00183
184,2020-01-16 09:33:46,N,AAPL,314.64,2.0,314.69,4.0,0.0,3.0,2020-01-16 09:33:46.160382,314.68,314.74,0,0.05000000000001137,0.13736939032662576,1,1,-0.3333333333333333,0.00183
185,2020-01-16 09:33:47,N,AAPL,314.68,4.0,314.74,2.0,0.0,0.0,2020-01-16 09:33:47.064771,314.66,314.73,0,0.060000000000002274,0.1352653034145419,1,1,0.3333333333333333,0.00183
186,2020-01-16 09:33:49,N,AAPL,314.66,1.0,314.73,2.0,0.0,0.0,2020-01-16 09:33:49.097257,314.66,314.73,0,0.06999999999999318,0.13614772960454502,1,1,-0.3333333333333333,0.00183
187,2020-01-16 09:33:50,N,AAPL,314.66,3.0,314.73,1.0,1.0,0.0,2020-01-16 09:33:50.380691,314.66,314.73,0,0.06999999999999318,0.13422132831908584,1,1,0.5,0.00183
188,2020-01-16 09:33:51,N,AAPL,314.66,5.0,314.73,1.0,0.0,-1.0,2020-01-16 09:33:51.009451,314.67,314.72,0,0.06999999999999318,0.13046690647485093,1,1,0.6666666666666666,0.00183
189,2020-01-16 09:33:52,N,AAPL,314.67,2.0,314.72,2.0,-3.0,-2.0,2020-01-16 09:33:52.305472,314.74,314.77,1,0.05000000000001137,0.13035578117643354,1,-1,0.0,0.00183
190,2020-01-16 09:33:53,N,AAPL,314.74,1.0,314.77,1.0,0.0,0.0,2020-01-16 09:33:53.915209,314.76,314.8,0,0.029999999999972715,0.1302741689398772,1,-1,0.0,0.00183
191,2020-01-16 09:33:54,N,AAPL,314.76,4.0,314.8,3.0,2.0,2.0,2020-01-16 09:33:54.033091,314.8,314.83,0,0.040000000000020464,0.12902052808567532,1,1,0.14285714285714285,0.00183
192,2020-01-16 09:33:55,N,AAPL,314.8,2.0,314.83,1.0,-1.0,0.0,2020-01-16 09:33:55.219073,314.79,314.83,0,0.029999999999972715,0.12781173308195548,1,-1,0.3333333333333333,0.00267
193,2020-01-16 09:33:56,N,AAPL,314.79,1.0,314.83,1.0,-3.0,-1.0,2020-01-16 09:33:56.741796,314.71,314.78,-1,0.03999999999996362,0.12776682618721225,1,1,0.0,0.00267
194,2020-01-16 09:33:57,N,AAPL,314.71,2.0,314.78,2.0,1.0,0.0,2020-01-16 09:33:57.195788,314.73,314.79,0,0.06999999999999318,0.1277618061307635,1,1,0.0,0.00267
195,2020-01-16 09:33:58,N,AAPL,314.73,2.0,314.79,2.0,1.0,1.0,2020-01-16 09:33:58.324594,314.7,314.79,0,0.060000000000002274,0.1277241639252793,1,-1,0.0,0.00267
196,2020-01-16 09:33:59,N,AAPL,314.7,3.0,314.79,2.0,1.0,0.0,2020-01-16 09:33:59.205806,314.73,314.79,0,0.09000000000003183,0.1268523573788798,1,1,0.2,0.00267
197,2020-01-16 09:34:00,N,AAPL,314.73,1.0,314.79,2.0,-3.0,0.0,2020-01-16 09:34:00.212451,314.77,314.82,0,0.060000000000002274,0.12780183939690914,1,-1,-0.3333333333333333,0.00267
198,2020-01-16 09:34:01,N,AAPL,314.77,4.0,314.82,1.0,0.0,0.0,2020-01-16 09:34:01.565583,314.79,314.85,0,0.05000000000001137,0.1246326290213915,1,-1,0.6,0.00267
199,2020-01-16 09:34:02,N,AAPL,314.79,4.0,314.85,3.0,2.0,2.0,2020-01-16 09:34:02.393693,314.82,314.87,0,0.060000000000002274,0.12357414750175622,1,1,0.14285714285714285,0.00267
200,2020-01-16 09:34:03,N,AAPL,314.82,4.0,314.87,2.0,2.0,-1.0,2020-01-16 09:34:03.034492,314.77,314.83,0,0.05000000000001137,0.12135492265218772,1,-1,0.3333333333333333,0.00267
201,2020-01-16 09:34:04,N,AAPL,314.77,4.0,314.83,1.0,-2.0,-1.0,2020-01-16 09:34:04.245726,314.81,314.87,0,0.060000000000002274,0.11835333959857053,1,1,0.6,0.00267
202,2020-01-16 09:34:05,N,AAPL,314.81,1.0,314.87,1.0,-3.0,-1.0,2020-01-16 09:34:05.927404,314.81,314.87,0,0.060000000000002274,0.11837795946809138,1,1,0.0,0.00267
203,2020-01-16 09:34:06,N,AAPL,314.81,3.0,314.87,1.0,2.0,0.0,2020-01-16 09:34:06.269886,314.84,314.88,0,0.060000000000002274,0.11629292929268331,1,1,0.5,0.00267
204,2020-01-16 09:34:07,N,AAPL,314.84,2.0,314.88,1.0,0.0,0.0,2020-01-16 09:34:07.279712,314.81,314.86,0,0.040000000000020464,0.11519617475158839,1,-1,0.3333333333333333,0.00267
205,2020-01-16 09:34:09,N,AAPL,314.81,2.0,314.86,1.0,0.0,0.0,2020-01-16 09:34:09.156836,314.77,314.81,0,0.05000000000001137,0.11417232013070588,1,1,0.3333333333333333,0.00267
206,2020-01-16 09:34:10,N,AAPL,314.77,1.0,314.81,2.0,-3.0,-2.0,2020-01-16 09:34:10.022774,314.75,314.82,0,0.040000000000020464,0.11511646695322497,1,-1,-0.3333333333333333,0.00267
207,2020-01-16 09:34:11,N,AAPL,314.75,2.0,314.82,10.0,0.0,9.0,2020-01-16 09:34:11.011531,314.73,314.8,0,0.06999999999999318,0.12279098842685698,1,1,-0.6666666666666666,0.00267
208,2020-01-16 09:34:12,N,AAPL,314.73,2.0,314.8,31.0,-2.0,0.0,2020-01-16 09:34:12.009430,314.73,314.76,0,0.06999999999999318,0.14735367024530888,1,1,-0.8787878787878788,0.00267
209,2020-01-16 09:34:13,N,AAPL,314.73,1.0,314.76,2.0,0.0,0.0,2020-01-16 09:34:13.059911,314.73,314.8,0,0.029999999999972715,0.14792895845869225,1,-1,-0.3333333333333333,0.00267
210,2020-01-16 09:34:14,N,AAPL,314.73,2.0,314.8,30.0,-2.0,0.0,2020-01-16 09:34:14.473982,314.78,314.82,0,0.06999999999999318,0.16891856627523794,1,1,-0.875,0.00267
211,2020-01-16 09:34:16,N,AAPL,314.78,4.0,314.82,2.0,3.0,1.0,2020-01-16 09:34:16.252907,314.75,314.81,0,0.040000000000020464,0.16659998914343532,1,-1,0.3333333333333333,0.00267
212,2020-01-16 09:34:17,N,AAPL,314.75,2.0,314.81,1.0,1.0,-3.0,2020-01-16 09:34:17.350491,314.73,314.77,0,0.060000000000002274,0.16553721709072988,1,1,0.3333333333333333,0.00267
213,2020-01-16 09:34:18,N,AAPL,314.73,2.0,314.77,2.0,-5.0,1.0,2020-01-16 09:34:18.530955,314.73,314.77,0,0.03999999999996362,0.16514338687090913,1,-1,0.0,0.00267
214,2020-01-16 09:34:20,N,AAPL,314.73,2.0,314.77,1.0,0.0,-1.0,2020-01-16 09:34:20.031888,314.75,314.82,0,0.03999999999996362,0.1640958219412596,1,1,0.3333333333333333,0.00267
215,2020-01-16 09:34:21,N,AAPL,314.75,2.0,314.82,2.0,-1.0,1.0,2020-01-16 09:34:21.097495,314.75,314.82,0,0.06999999999999318,0.16381038781901225,1,1,0.0,0.00267
216,2020-01-16 09:34:22,N,AAPL,314.75,2.0,314.82,4.0,-2.0,-1.0,2020-01-16 09:34:22.093504,314.71,314.74,-1,0.06999999999999318,0.16498166439009765,1,1,-0.3333333333333333,0.00267
217,2020-01-16 09:34:24,N,AAPL,314.71,2.0,314.74,3.0,-2.0,2.0,2020-01-16 09:34:24.034757,314.57,314.63,-1,0.03000000000002956,0.16514909816720547,1,-1,-0.2,0.00267
218,2020-01-16 09:34:25,N,AAPL,314.57,2.0,314.63,4.0,1.0,3.0,2020-01-16 09:34:25.255697,314.62,314.67,0,0.060000000000002274,0.1656322773442298,1,1,-0.3333333333333333,0.00267
219,2020-01-16 09:34:26,N,AAPL,314.62,4.0,314.67,1.0,2.0,-1.0,2020-01-16 09:34:26.025687,314.62,314.68,0,0.05000000000001137,0.16350620558296214,1,-1,0.6,0.00336
220,2020-01-16 09:34:27,N,AAPL,314.62,4.0,314.68,1.0,2.0,-1.0,2020-01-16 09:34:27.154464,314.67,314.71,0,0.060000000000002274,0.16142753012167077,1,1,0.6,0.00336
221,2020-01-16 09:34:28,N,AAPL,314.67,4.0,314.71,2.0,2.0,1.0,2020-01-16 09:34:28.678837,314.65,314.71,0,0.03999999999996362,0.15964168553460922,1,-1,0.3333333333333333,0.00336
222,2020-01-16 09:34:29,N,AAPL,314.65,2.0,314.71,1.0,1.0,0.0,2020-01-16 09:34:29.550003,314.65,314.71,0,0.060000000000002274,0.1588222981160925,1,1,0.3333333333333333,0.00336
223,2020-01-16 09:34:30,N,AAPL,314.65,2.0,314.71,1.0,1.0,0.0,2020-01-16 09:34:30.747405,314.64,314.7,0,0.060000000000002274,0.15800964413870133,1,1,0.3333333333333333,0.00336
224,2020-01-16 09:34:31,N,AAPL,314.64,2.0,314.7,2.0,1.0,1.0,2020-01-16 09:34:31.192998,314.66,314.71,0,0.060000000000002274,0.1577248413889265,1,1,0.0,0.00336
225,2020-01-16 09:34:32,N,AAPL,314.66,4.0,314.71,1.0,2.0,0.0,2020-01-16 09:34:32.924170,314.65,314.71,0,0.049999999999954525,0.15554867561053243,1,-1,0.6,0.00336
226,2020-01-16 09:34:33,N,AAPL,314.65,2.0,314.71,1.0,-2.0,0.0,2020-01-16 09:34:33.133251,314.61,314.65,0,0.060000000000002274,0.15476240437470778,1,1,0.3333333333333333,0.00336
227,2020-01-16 09:34:34,N,AAPL,314.61,1.0,314.65,2.0,-1.0,1.0,2020-01-16 09:34:34.516927,314.59,314.65,0,0.03999999999996362,0.15501729480513404,1,-1,-0.3333333333333333,0.00336
228,2020-01-16 09:34:35,N,AAPL,314.59,5.0,314.65,2.0,4.0,1.0,2020-01-16 09:34:35.014837,314.59,314.66,0,0.060000000000002274,0.15309564400769204,1,1,0.42857142857142855,0.00336
229,2020-01-16 09:34:36,N,AAPL,314.59,3.0,314.66,4.0,2.0,0.0,2020-01-16 09:34:36.318864,314.59,314.66,0,0.07000000000005002,0.15318198383596382,1,1,-0.14285714285714285,0.00336
230,2020-01-16 09:34:37,N,AAPL,314.59,6.0,314.66,2.0,5.0,-2.0,2020-01-16 09:34:37.135909,314.57,314.62,0,0.07000000000005002,0.15080862058005096,1,1,0.5,0.00336
231,2020-01-16 09:34:38,N,AAPL,314.57,2.0,314.62,2.0,0.0,1.0,2020-01-16 09:34:38.260952,314.59,314.65,0,0.05000000000001137,0.1505293560494465,1,-1,0.0,0.00336
232,2020-01-16 09:34:39,N,AAPL,314.59,2.0,314.65,3.0,0.0,1.0,2020-01-16 09:34:39.677291,314.58,314.64,0,0.060000000000002274,0.1506885643864848,1,1,-0.2,0.00336
233,2020-01-16 09:34:40,N,AAPL,314.58,2.0,314.64,1.0,0.0,0.0,2020-01-16 09:34:40.181647,314.59,314.62,0,0.060000000000002274,0.15005572459290306,1,1,0.3333333333333333,0.00336
234,2020-01-16 09:34:41,N,AAPL,314.59,1.0,314.62,3.0,-1.0,1.0,2020-01-16 09:34:41.685557,314.59,314.63,0,0.03000000000002956,0.15059517795629063,1,-1,-0.5,0.00336
235,2020-01-16 09:34:43,N,AAPL,314.59,1.0,314.63,1.0,-3.0,0.0,2020-01-16 09:34:43.082929,314.57,314.63,0,0.040000000000020464,0.15044130204358908,1,1,0.0,0.00336
236,2020-01-16 09:34:45,N,AAPL,314.57,4.0,314.63,2.0,2.0,1.0,2020-01-16 09:34:45.816245,314.64,314.65,1,0.060000000000002274,0.14922193863083066,1,1,0.3333333333333333,0.00336
237,2020-01-16 09:34:46,N,AAPL,314.64,4.0,314.65,1.0,0.0,-1.0,2020-01-16 09:34:46.307335,314.65,314.65,0,0.009999999999990905,0.1472765534852556,1,-1,0.6,0.00336
238,2020-01-16 09:34:47,N,AAPL,314.65,4.0,314.65,1.0,0.0,0.0,2020-01-16 09:34:47.417821,314.64,314.65,0,0.0,0.14529880522610483,1,-1,0.6,0.00336
239,2020-01-16 09:34:48,N,AAPL,314.64,4.0,314.65,1.0,2.0,0.0,2020-01-16 09:34:48.050634,314.55,314.62,-1,0.009999999999990905,0.14340569194445152,1,1,0.6,0.00336
240,2020-01-16 09:34:49,N,AAPL,314.55,5.0,314.62,1.0,2.0,-1.0,2020-01-16 09:34:49.162290,314.59,314.64,0,0.06999999999999318,0.14158187504949638,1,1,0.6666666666666666,0.00336
241,2020-01-16 09:34:50,N,AAPL,314.59,4.0,314.64,1.0,0.0,0.0,2020-01-16 09:34:50.083293,314.62,314.64,0,0.05000000000001137,0.14001375641964842,1,-1,0.6,0.00336
242,2020-01-16 09:34:53,N,AAPL,314.62,4.0,314.64,3.0,2.0,1.0,2020-01-16 09:34:53.483028,314.63,314.68,0,0.01999999999998181,0.13903866436135104,1,-1,0.14285714285714285,0.00336
243,2020-01-16 09:34:54,N,AAPL,314.63,2.0,314.68,2.0,-2.0,-1.0,2020-01-16 09:34:54.972600,314.65,314.69,0,0.05000000000001137,0.13883274677391455,1,1,0.0,0.00336
244,2020-01-16 09:34:55,N,AAPL,314.65,1.0,314.69,2.0,-3.0,0.0,2020-01-16 09:34:55.027232,314.69,314.71,0,0.040000000000020464,0.13915830115831795,1,-1,-0.3333333333333333,0.00336
245,2020-01-16 09:34:56,N,AAPL,314.69,4.0,314.71,2.0,3.0,1.0,2020-01-16 09:34:56.249825,314.72,314.78,1,0.01999999999998181,0.13765126630460145,1,-1,0.3333333333333333,0.00336
246,2020-01-16 09:34:57,N,AAPL,314.72,4.0,314.78,2.0,2.0,1.0,2020-01-16 09:34:57.029801,314.72,314.76,0,0.05999999999994543,0.13620663122105725,1,1,0.3333333333333333,0.00336
247,2020-01-16 09:34:58,N,AAPL,314.72,2.0,314.76,2.0,0.0,0.0,2020-01-16 09:34:58.549938,314.7,314.76,0,0.03999999999996362,0.1360001713964607,1,-1,0.0,0.00336
248,2020-01-16 09:34:59,N,AAPL,314.7,4.0,314.76,2.0,2.0,0.0,2020-01-16 09:34:59.120910,314.75,314.77,0,0.060000000000002274,0.13463753339095774,1,1,0.3333333333333333,0.00336
249,2020-01-16 09:35:00,N,AAPL,314.75,1.0,314.77,7.0,0.0,-2.0,2020-01-16 09:35:00.988840,314.76,314.79,0,0.01999999999998181,0.13776224807475046,1,-1,-0.75,0.00336
250,2020-01-16 09:35:01,N,AAPL,314.76,2.0,314.79,1.0,1.0,-6.0,2020-01-16 09:35:01.003192,314.79,314.82,0,0.03000000000002956,0.1369585780714715,1,1,0.3333333333333333,0.00336
251,2020-01-16 09:35:03,N,AAPL,314.79,4.0,314.82,3.0,-1.0,1.0,2020-01-16 09:35:03.192132,314.79,314.84,0,0.029999999999972715,0.13589544764300854,1,-1,0.14285714285714285,0.00336
252,2020-01-16 09:35:04,N,AAPL,314.79,4.0,314.84,5.0,1.0,0.0,2020-01-16 09:35:04.293242,314.75,314.79,0,0.049999999999954525,0.1361862430022711,1,1,-0.1111111111111111,0.00336
253,2020-01-16 09:35:05,N,AAPL,314.75,2.0,314.79,1.0,-2.0,-4.0,2020-01-16 09:35:05.892682,314.75,314.82,0,0.040000000000020464,0.13543279729998403,1,-1,0.3333333333333333,0.00336
254,2020-01-16 09:35:06,N,AAPL,314.75,4.0,314.82,3.0,2.0,2.0,2020-01-16 09:35:06.263195,314.75,314.82,0,0.06999999999999318,0.13461778155243564,1,1,0.14285714285714285,0.00374
255,2020-01-16 09:35:07,N,AAPL,314.75,5.0,314.82,2.0,3.0,-2.0,2020-01-16 09:35:07.003407,314.66,314.72,-1,0.06999999999999318,0.132596801043519,1,1,0.42857142857142855,0.00374
256,2020-01-16 09:35:08,N,AAPL,314.66,4.0,314.72,1.0,0.0,-1.0,2020-01-16 09:35:08.027961,314.66,314.72,0,0.060000000000002274,0.13099762534608317,1,-1,0.6,0.00374
257,2020-01-16 09:35:09,N,AAPL,314.66,3.0,314.72,1.0,2.0,-1.0,2020-01-16 09:35:09.027347,314.66,314.71,0,0.060000000000002274,0.12992130194123774,1,1,0.5,0.00374
258,2020-01-16 09:35:10,N,AAPL,314.66,3.0,314.71,4.0,0.0,2.0,2020-01-16 09:35:10.012799,314.61,314.68,0,0.049999999999954525,0.13010339987306452,1,-1,-0.14285714285714285,0.00374
259,2020-01-16 09:35:11,N,AAPL,314.61,5.0,314.68,1.0,1.0,0.0,2020-01-16 09:35:11.024121,314.61,314.68,0,0.06999999999999318,0.12833235091846973,1,1,0.6666666666666666,0.00374
260,2020-01-16 09:35:12,N,AAPL,314.61,8.0,314.68,2.0,7.0,0.0,2020-01-16 09:35:12.000463,314.62,314.67,0,0.06999999999999318,0.1257042621091955,1,1,0.6,0.00374
261,2020-01-16 09:35:13,N,AAPL,314.62,1.0,314.67,1.0,0.0,0.0,2020-01-16 09:35:13.850921,314.63,314.67,0,0.05000000000001137,0.12563226532063254,1,-1,0.0,0.00374
262,2020-01-16 09:35:14,N,AAPL,314.63,1.0,314.67,1.0,0.0,0.0,2020-01-16 09:35:14.067929,314.63,314.67,0,0.040000000000020464,0.12554729098371809,1,-1,0.0,0.00374
263,2020-01-16 09:35:15,N,AAPL,314.63,2.0,314.67,1.0,1.0,0.0,2020-01-16 09:35:15.459215,314.64,314.68,0,0.040000000000020464,0.12502269361584695,1,1,0.3333333333333333,0.00374
264,2020-01-16 09:35:17,N,AAPL,314.64,2.0,314.68,1.0,0.0,0.0,2020-01-16 09:35:17.290029,314.64,314.68,0,0.040000000000020464,0.12448975988695565,1,1,0.3333333333333333,0.00374
265,2020-01-16 09:35:18,N,AAPL,314.64,4.0,314.68,1.0,2.0,0.0,2020-01-16 09:35:18.242516,314.65,314.68,0,0.040000000000020464,0.12306766444737605,1,1,0.6,0.00374
266,2020-01-16 09:35:19,N,AAPL,314.65,4.0,314.68,2.0,0.0,1.0,2020-01-16 09:35:19.625122,314.65,314.7,0,0.03000000000002956,0.12197753998276539,1,-1,0.3333333333333333,0.00374
267,2020-01-16 09:35:21,N,AAPL,314.65,4.0,314.7,2.0,2.0,1.0,2020-01-16 09:35:21.797248,314.65,314.7,0,0.05000000000001137,0.12095810407436147,1,1,0.3333333333333333,0.00374
268,2020-01-16 09:35:22,N,AAPL,314.65,2.0,314.7,2.0,-2.0,0.0,2020-01-16 09:35:22.401985,314.66,314.73,0,0.05000000000001137,0.12084352476153981,1,1,0.0,0.00374
269,2020-01-16 09:35:23,N,AAPL,314.66,2.0,314.73,1.0,-2.0,-3.0,2020-01-16 09:35:23.225368,314.66,314.72,0,0.06999999999999318,0.12035785543258726,1,1,0.3333333333333333,0.00374
270,2020-01-16 09:35:24,N,AAPL,314.66,3.0,314.72,2.0,0.0,0.0,2020-01-16 09:35:24.097314,314.66,314.69,0,0.060000000000002274,0.11982196769923803,1,-1,0.2,0.00374
271,2020-01-16 09:35:25,N,AAPL,314.66,2.0,314.69,2.0,0.0,1.0,2020-01-16 09:35:25.575244,314.71,314.74,1,0.029999999999972715,0.1196591677228298,1,-1,0.0,0.00374
272,2020-01-16 09:35:27,N,AAPL,314.71,4.0,314.74,2.0,1.0,1.0,2020-01-16 09:35:27.056025,314.71,314.76,0,0.03000000000002956,0.11848749270797043,1,1,0.3333333333333333,0.00374
273,2020-01-16 09:35:28,N,AAPL,314.71,1.0,314.76,2.0,0.0,0.0,2020-01-16 09:35:28.081455,314.74,314.78,0,0.05000000000001137,0.1189054650207595,1,1,-0.3333333333333333,0.00374
274,2020-01-16 09:35:30,N,AAPL,314.74,2.0,314.78,2.0,1.0,1.0,2020-01-16 09:35:30.874863,314.75,314.78,0,0.03999999999996362,0.11879310464161108,1,-1,0.0,0.00374
275,2020-01-16 09:35:31,N,AAPL,314.75,6.0,314.78,1.0,4.0,-3.0,2020-01-16 09:35:31.012944,314.74,314.79,0,0.029999999999972715,0.11596992731375622,1,-1,0.7142857142857143,0.00374
276,2020-01-16 09:35:32,N,AAPL,314.74,4.0,314.79,4.0,2.0,3.0,2020-01-16 09:35:32.225728,314.75,314.8,0,0.05000000000001137,0.1158274127355412,1,1,0.0,0.00374
277,2020-01-16 09:35:33,N,AAPL,314.75,2.0,314.8,12.0,0.0,5.0,2020-01-16 09:35:33.248149,314.78,314.82,0,0.05000000000001137,0.12073955931930413,1,1,-0.7142857142857143,0.00374
278,2020-01-16 09:35:35,N,AAPL,314.78,2.0,314.82,4.0,0.0,-8.0,2020-01-16 09:35:35.060057,314.76,314.82,0,0.040000000000020464,0.12165149486833116,1,-1,-0.3333333333333333,0.00374
279,2020-01-16 09:35:36,N,AAPL,314.76,1.0,314.82,2.0,0.0,0.0,2020-01-16 09:35:36.080083,314.75,314.78,0,0.060000000000002274,0.12212599125177803,1,1,-0.3333333333333333,0.00374
280,2020-01-16 09:35:40,N,AAPL,314.75,2.0,314.78,1.0,-4.0,-16.0,2020-01-16 09:35:40.870649,314.75,314.78,0,0.029999999999972715,0.12151399753992109,1,-1,0.3333333333333333,0.00374
281,2020-01-16 09:35:41,N,AAPL,314.75,2.0,314.78,1.0,0.0,0.0,2020-01-16 09:35:41.041890,314.77,314.79,0,0.029999999999972715,0.12090603122214816,1,1,0.3333333333333333,0.00374
282,2020-01-16 09:35:42,N,AAPL,314.77,4.0,314.79,1.0,2.0,0.0,2020-01-16 09:35:42.172084,314.76,314.77,0,0.020000000000038654,0.11916525407218614,1,-1,0.6,0.00374
283,2020-01-16 09:35:45,N,AAPL,314.76,2.0,314.77,4.0,0.0,3.0,2020-01-16 09:35:45.243195,314.71,314.76,0,0.009999999999990905,0.11984331599740017,1,-1,-0.3333333333333333,0.00374
284,2020-01-16 09:35:46,N,AAPL,314.71,5.0,314.76,4.0,3.0,3.0,2020-01-16 09:35:46.017529,314.65,314.72,0,0.05000000000001137,0.11916856760547034,1,1,0.1111111111111111,0.00374
285,2020-01-16 09:35:47,N,AAPL,314.65,9.0,314.72,1.0,8.0,-3.0,2020-01-16 09:35:47.363062,314.66,314.72,0,0.07000000000005002,0.11601485596486327,1,1,0.8,0.00374
286,2020-01-16 09:35:48,N,AAPL,314.66,1.0,314.72,1.0,0.0,-1.0,2020-01-16 09:35:48.363939,314.65,314.67,0,0.060000000000002274,0.11598001356298937,1,-1,0.0,0.00378
287,2020-01-16 09:35:49,N,AAPL,314.65,1.0,314.67,4.0,0.0,3.0,2020-01-16 09:35:49.783924,314.61,314.64,-1,0.020000000000038654,0.1167774845509939,1,-1,-0.6,0.00378
288,2020-01-16 09:35:50,N,AAPL,314.61,2.0,314.64,3.0,1.0,-1.0,2020-01-16 09:35:50.003972,314.52,314.56,-1,0.029999999999972715,0.11686698977513288,1,1,-0.2,0.00378
289,2020-01-16 09:35:52,N,AAPL,314.52,2.0,314.56,1.0,-2.0,0.0,2020-01-16 09:35:52.046505,314.52,314.57,0,0.040000000000020464,0.11656054171754704,1,1,0.3333333333333333,0.00378
290,2020-01-16 09:35:53,N,AAPL,314.52,2.0,314.57,1.0,0.0,0.0,2020-01-16 09:35:53.035765,314.55,314.58,0,0.05000000000001137,0.11626883790069087,1,1,0.3333333333333333,0.00378
291,2020-01-16 09:35:54,N,AAPL,314.55,4.0,314.58,2.0,2.0,1.0,2020-01-16 09:35:54.994056,314.56,314.59,0,0.029999999999972715,0.11557479331213472,1,-1,0.3333333333333333,0.00378
292,2020-01-16 09:35:55,N,AAPL,314.56,1.0,314.59,1.0,0.0,-1.0,2020-01-16 09:35:55.014722,314.56,314.6,0,0.029999999999972715,0.11549010287171768,1,1,0.0,0.00378
293,2020-01-16 09:35:56,N,AAPL,314.56,2.0,314.6,1.0,1.0,0.0,2020-01-16 09:35:56.638911,314.58,314.62,0,0.040000000000020464,0.11514914611018412,1,1,0.3333333333333333,0.00378
294,2020-01-16 09:35:57,N,AAPL,314.58,2.0,314.62,1.0,0.0,0.0,2020-01-16 09:35:57.217924,314.61,314.63,0,0.040000000000020464,0.1147890348967735,1,1,0.3333333333333333,0.00378
295,2020-01-16 09:36:00,N,AAPL,314.61,2.0,314.63,2.0,-2.0,1.0,2020-01-16 09:36:00.272680,314.59,314.64,0,0.01999999999998181,0.11460897756222721,1,-1,0.0,0.00378
296,2020-01-16 09:36:01,N,AAPL,314.59,4.0,314.64,2.0,2.0,1.0,2020-01-16 09:36:01.108911,314.54,314.58,-1,0.05000000000001137,0.11390326340341517,1,1,0.3333333333333333,0.00378
297,2020-01-16 09:36:02,N,AAPL,314.54,2.0,314.58,4.0,-1.0,2.0,2020-01-16 09:36:02.043504,314.55,314.6,0,0.03999999999996362,0.11409877788338463,1,-1,-0.3333333333333333,0.00378
298,2020-01-16 09:36:03,N,AAPL,314.55,1.0,314.6,2.0,-3.0,0.0,2020-01-16 09:36:03.112993,314.53,314.58,0,0.05000000000001137,0.11423407009442599,1,1,-0.3333333333333333,0.00378
299,2020-01-16 09:36:04,N,AAPL,314.53,2.0,314.58,4.0,0.0,3.0,2020-01-16 09:36:04.266441,314.58,314.62,0,0.05000000000001137,0.11444561949065246,1,1,-0.3333333333333333,0.00378
300,2020-01-16 09:36:05,N,AAPL,314.58,4.0,314.62,1.0,3.0,-3.0,2020-01-16 09:36:05.321007,314.61,314.66,0,0.040000000000020464,0.11353076785127314,1,-1,0.6,0.00378
301,2020-01-16 09:36:06,N,AAPL,314.61,4.0,314.66,2.0,2.0,1.0,2020-01-16 09:36:06.538870,314.65,314.68,0,0.05000000000001137,0.10980728565948539,1,1,0.3333333333333333,0.00378
302,2020-01-16 09:36:07,N,AAPL,314.65,2.0,314.68,4.0,-2.0,2.0,2020-01-16 09:36:07.006430,314.68,314.72,0,0.03000000000002956,0.11131025897009295,1,-1,-0.3333333333333333,0.00378
303,2020-01-16 09:36:08,N,AAPL,314.68,4.0,314.72,2.0,2.0,-1.0,2020-01-16 09:36:08.621946,314.67,314.72,0,0.040000000000020464,0.10109267912781661,0,1,0.3333333333333333,0.00378
304,2020-01-16 09:36:09,N,AAPL,314.67,1.0,314.72,9.0,-2.0,6.0,2020-01-16 09:36:09.151342,314.66,314.69,0,0.05000000000001137,0.10381924965969347,0,1,-0.8,0.00378
305,2020-01-16 09:36:10,N,AAPL,314.66,2.0,314.69,4.0,1.0,3.0,2020-01-16 09:36:10.068123,314.57,314.63,-1,0.029999999999972715,0.09697769109811816,1,-1,-0.3333333333333333,0.00378
306,2020-01-16 09:36:11,N,AAPL,314.57,4.0,314.63,2.0,0.0,0.0,2020-01-16 09:36:11.173762,314.57,314.63,0,0.060000000000002274,0.09318307995016539,1,1,0.3333333333333333,0.00378
307,2020-01-16 09:36:12,N,AAPL,314.57,2.0,314.63,2.0,0.0,1.0,2020-01-16 09:36:12.246411,314.57,314.61,0,0.060000000000002274,0.08734018771139063,1,1,0.0,0.00378
308,2020-01-16 09:36:13,N,AAPL,314.57,1.0,314.61,3.0,0.0,-1.0,2020-01-16 09:36:13.001431,314.59,314.64,0,0.040000000000020464,0.0883297772876972,1,-1,-0.5,0.00378
309,2020-01-16 09:36:14,N,AAPL,314.59,2.0,314.64,2.0,-3.0,0.0,2020-01-16 09:36:14.072168,314.59,314.65,0,0.05000000000001137,0.08552777282477564,1,1,0.0,0.00378
310,2020-01-16 09:36:15,N,AAPL,314.59,2.0,314.65,3.0,0.0,0.0,2020-01-16 09:36:15.050408,314.59,314.61,0,0.060000000000002274,0.08506403395858797,1,1,-0.2,0.00378
311,2020-01-16 09:36:16,N,AAPL,314.59,1.0,314.61,2.0,-1.0,-1.0,2020-01-16 09:36:16.038969,314.55,314.61,0,0.020000000000038654,0.07932186753157566,1,-1,-0.3333333333333333,0.00378
312,2020-01-16 09:36:17,N,AAPL,314.55,2.0,314.61,1.0,-2.0,0.0,2020-01-16 09:36:17.772883,314.55,314.61,0,0.060000000000002274,0.080704573547564,1,1,0.3333333333333333,0.00378
313,2020-01-16 09:36:18,N,AAPL,314.55,2.0,314.61,2.0,1.0,1.0,2020-01-16 09:36:18.444295,314.54,314.59,0,0.060000000000002274,0.08264510284146809,1,1,0.0,0.00378
314,2020-01-16 09:36:20,N,AAPL,314.54,1.0,314.59,2.0,0.0,-2.0,2020-01-16 09:36:20.314951,314.56,314.61,0,0.049999999999954525,0.08391688655160578,1,-1,-0.3333333333333333,0.00378
315,2020-01-16 09:36:21,N,AAPL,314.56,1.0,314.61,1.0,0.0,-1.0,2020-01-16 09:36:21.273468,314.55,314.61,0,0.05000000000001137,0.08651309585837907,1,1,0.0,0.00378
316,2020-01-16 09:36:22,N,AAPL,314.55,2.0,314.61,1.0,0.0,0.0,2020-01-16 09:36:22.077494,314.54,314.6,0,0.060000000000002274,0.0880084116581088,1,1,0.3333333333333333,0.00378
317,2020-01-16 09:36:23,N,AAPL,314.54,2.0,314.6,4.0,-2.0,2.0,2020-01-16 09:36:23.042959,314.52,314.56,0,0.060000000000002274,0.09044104410435239,1,1,-0.3333333333333333,0.00378
318,2020-01-16 09:36:24,N,AAPL,314.52,2.0,314.56,1.0,-2.0,0.0,2020-01-16 09:36:24.035493,314.49,314.51,-1,0.040000000000020464,0.09186578119096112,1,-1,0.3333333333333333,0.00378
319,2020-01-16 09:36:25,N,AAPL,314.49,1.0,314.51,2.0,-7.0,1.0,2020-01-16 09:36:25.107784,314.44,314.49,0,0.01999999999998181,0.09369342357177857,1,-1,-0.3333333333333333,0.00378
320,2020-01-16 09:36:26,N,AAPL,314.44,30.0,314.49,1.0,20.0,-3.0,2020-01-16 09:36:26.015923,314.46,314.5,0,0.05000000000001137,0.09174193725107216,1,1,0.9354838709677419,0.00378
321,2020-01-16 09:36:27,N,AAPL,314.46,6.0,314.5,2.0,-24.0,0.0,2020-01-16 09:36:27.739458,314.44,314.48,0,0.040000000000020464,0.09158397666936935,1,-1,0.5,0.00508
322,2020-01-16 09:36:28,N,AAPL,314.44,30.0,314.48,4.0,24.0,2.0,2020-01-16 09:36:28.003703,314.36,314.43,-1,0.040000000000020464,0.09229899312657608,1,1,0.7647058823529411,0.00508
323,2020-01-16 09:36:29,N,AAPL,314.36,2.0,314.43,2.0,0.0,0.0,2020-01-16 09:36:29.070735,314.41,314.46,0,0.06999999999999318,0.09370768767860227,1,1,0.0,0.00508
324,2020-01-16 09:36:30,N,AAPL,314.41,2.0,314.46,2.0,0.0,0.0,2020-01-16 09:36:30.957750,314.41,314.47,0,0.049999999999954525,0.09530090497725041,1,-1,0.0,0.00508
325,2020-01-16 09:36:31,N,AAPL,314.41,4.0,314.47,1.0,2.0,0.0,2020-01-16 09:36:31.000461,314.39,314.43,0,0.060000000000002274,0.09606583742782959,1,1,0.6,0.00508
326,2020-01-16 09:36:32,N,AAPL,314.39,2.0,314.43,2.0,1.0,-2.0,2020-01-16 09:36:32.478413,314.43,314.5,0,0.040000000000020464,0.09682921135828337,1,-1,0.0,0.00508
327,2020-01-16 09:36:33,N,AAPL,314.43,2.0,314.5,2.0,-3.0,-3.0,2020-01-16 09:36:33.086639,314.4,314.44,0,0.06999999999999318,0.09646508855428237,1,1,0.0,0.00508
328,2020-01-16 09:36:34,N,AAPL,314.4,2.0,314.44,4.0,-2.0,3.0,2020-01-16 09:36:34.510437,314.38,314.41,0,0.040000000000020464,0.09731303235275846,1,-1,-0.3333333333333333,0.00508
329,2020-01-16 09:36:36,N,AAPL,314.38,1.0,314.41,2.0,0.0,-1.0,2020-01-16 09:36:36.252608,314.37,314.4,0,0.03000000000002956,0.09664693624318943,1,-1,-0.3333333333333333,0.00508
330,2020-01-16 09:36:37,N,AAPL,314.37,1.0,314.4,1.0,-7.0,0.0,2020-01-16 09:36:37.274252,314.34,314.36,-1,0.029999999999972715,0.09468329525446961,1,-1,0.0,0.00508
331,2020-01-16 09:36:38,N,AAPL,314.34,4.0,314.36,1.0,-1.0,-3.0,2020-01-16 09:36:38.045204,314.36,314.41,0,0.020000000000038654,0.09303690420512112,1,-1,0.6,0.00508
332,2020-01-16 09:36:39,N,AAPL,314.36,1.0,314.41,2.0,-1.0,-8.0,2020-01-16 09:36:39.662455,314.41,314.44,0,0.05000000000001137,0.0940328582145753,1,1,-0.3333333333333333,0.00508
333,2020-01-16 09:36:40,N,AAPL,314.41,2.0,314.44,2.0,0.0,1.0,2020-01-16 09:36:40.126306,314.41,314.46,0,0.029999999999972715,0.09502434528496906,1,-1,0.0,0.00508
334,2020-01-16 09:36:41,N,AAPL,314.41,2.0,314.46,2.0,1.0,1.0,2020-01-16 09:36:41.003357,314.4,314.43,0,0.049999999999954525,0.09767229554307733,1,1,0.0,0.00508
335,2020-01-16 09:36:43,N,AAPL,314.4,1.0,314.43,1.0,0.0,-1.0,2020-01-16 09:36:43.987048,314.4,314.43,0,0.03000000000002956,0.09857452844937598,0,-1,0.0,0.00508
336,2020-01-16 09:36:44,N,AAPL,314.4,1.0,314.43,1.0,-1.0,0.0,2020-01-16 09:36:44.004160,314.41,314.43,0,0.03000000000002956,0.09871852926414704,0,1,0.0,0.00508
337,2020-01-16 09:36:45,N,AAPL,314.41,1.0,314.43,1.0,0.0,0.0,2020-01-16 09:36:45.359067,314.42,314.46,0,0.01999999999998181,0.09883116883111143,0,-1,0.0,0.00508
338,2020-01-16 09:36:47,N,AAPL,314.42,4.0,314.46,2.0,3.0,1.0,2020-01-16 09:36:47.083285,314.51,314.55,1,0.03999999999996362,0.09726910298996927,1,1,0.3333333333333333,0.00508
339,2020-01-16 09:36:48,N,AAPL,314.51,4.0,314.55,1.0,2.0,-2.0,2020-01-16 09:36:48.118644,314.54,314.58,0,0.040000000000020464,0.08848584826671413,1,1,0.6,0.00508
340,2020-01-16 09:36:50,N,AAPL,314.54,4.0,314.58,2.0,3.0,1.0,2020-01-16 09:36:50.292694,314.52,314.56,0,0.03999999999996362,0.09016064983052274,1,-1,0.3333333333333333,0.00508
341,2020-01-16 09:36:51,N,AAPL,314.52,3.0,314.56,2.0,-1.0,0.0,2020-01-16 09:36:51.073962,314.53,314.58,0,0.040000000000020464,0.09141272243289222,1,1,0.2,0.00508
342,2020-01-16 09:36:52,N,AAPL,314.53,2.0,314.58,1.0,-1.0,-1.0,2020-01-16 09:36:52.030536,314.59,314.64,1,0.05000000000001137,0.09142464306535203,1,1,0.3333333333333333,0.00508
343,2020-01-16 09:36:53,N,AAPL,314.59,1.0,314.64,7.0,-1.0,4.0,2020-01-16 09:36:53.317911,314.6,314.61,0,0.05000000000001137,0.09252605059015195,1,1,-0.75,0.00508
344,2020-01-16 09:36:55,N,AAPL,314.6,4.0,314.61,2.0,3.0,-5.0,2020-01-16 09:36:55.012063,314.59,314.62,0,0.009999999999990905,0.09413489577059408,1,-1,0.3333333333333333,0.00508
345,2020-01-16 09:36:57,N,AAPL,314.59,3.0,314.62,2.0,0.0,0.0,2020-01-16 09:36:57.309157,314.46,314.52,-1,0.03000000000002956,0.09598758354616166,1,1,0.2,0.00508
346,2020-01-16 09:36:58,N,AAPL,314.46,3.0,314.52,2.0,-1.0,0.0,2020-01-16 09:36:58.064942,314.46,314.51,0,0.060000000000002274,0.0943023450245164,1,1,0.2,0.00508
347,2020-01-16 09:36:59,N,AAPL,314.46,1.0,314.51,4.0,-3.0,0.0,2020-01-16 09:36:59.001437,314.52,314.57,1,0.05000000000001137,0.09425793875874433,1,-1,-0.6,0.00508
348,2020-01-16 09:37:00,N,AAPL,314.52,4.0,314.57,1.0,2.0,0.0,2020-01-16 09:37:00.001393,314.53,314.58,0,0.05000000000001137,0.09335656818797133,1,1,0.6,0.00508
349,2020-01-16 09:37:02,N,AAPL,314.53,1.0,314.58,1.0,-3.0,0.0,2020-01-16 09:37:02.297416,314.52,314.57,0,0.05000000000001137,0.09039755199501087,1,1,0.0,0.00508
350,2020-01-16 09:37:03,N,AAPL,314.52,3.0,314.57,4.0,2.0,3.0,2020-01-16 09:37:03.904204,314.53,314.57,0,0.05000000000001137,0.08975204925394564,1,1,-0.14285714285714285,0.00508
351,2020-01-16 09:37:04,N,AAPL,314.53,2.0,314.57,1.0,-1.0,-1.0,2020-01-16 09:37:04.868590,314.5,314.54,0,0.040000000000020464,0.09202721200978203,1,-1,0.3333333333333333,0.00508
352,2020-01-16 09:37:05,N,AAPL,314.5,3.0,314.54,4.0,1.0,3.0,2020-01-16 09:37:05.104963,314.47,314.51,0,0.040000000000020464,0.09202149038986818,1,1,-0.14285714285714285,0.00508
353,2020-01-16 09:37:06,N,AAPL,314.47,1.0,314.51,2.0,0.0,0.0,2020-01-16 09:37:06.722827,314.47,314.51,0,0.03999999999996362,0.09285529715742769,1,-1,-0.3333333333333333,0.00531
354,2020-01-16 09:37:07,N,AAPL,314.47,1.0,314.51,1.0,0.0,-1.0,2020-01-16 09:37:07.535707,314.49,314.56,0,0.03999999999996362,0.0924184722936161,1,1,0.0,0.00531
355,2020-01-16 09:37:08,N,AAPL,314.49,3.0,314.56,2.0,2.0,0.0,2020-01-16 09:37:08.590151,314.51,314.56,0,0.06999999999999318,0.08510646300641156,1,1,0.2,0.00531
356,2020-01-16 09:37:09,N,AAPL,314.51,2.0,314.56,2.0,-3.0,0.0,2020-01-16 09:37:09.002569,314.5,314.54,0,0.05000000000001137,0.0858085687822836,1,-1,0.0,0.00531
357,2020-01-16 09:37:10,N,AAPL,314.5,3.0,314.54,2.0,0.0,0.0,2020-01-16 09:37:10.251649,314.53,314.58,0,0.040000000000020464,0.08591106768329837,1,-1,0.2,0.00531
358,2020-01-16 09:37:11,N,AAPL,314.53,2.0,314.58,4.0,0.0,3.0,2020-01-16 09:37:11.047217,314.53,314.58,0,0.05000000000001137,0.08535241646575287,1,1,-0.3333333333333333,0.00531
359,2020-01-16 09:37:12,N,AAPL,314.53,2.0,314.58,1.0,0.0,-1.0,2020-01-16 09:37:12.414248,314.55,314.58,0,0.05000000000001137,0.08741156291671359,1,1,0.3333333333333333,0.00531
360,2020-01-16 09:37:13,N,AAPL,314.55,4.0,314.58,2.0,3.0,1.0,2020-01-16 09:37:13.457210,314.55,314.59,0,0.029999999999972715,0.08741425064732766,1,-1,0.3333333333333333,0.00531
361,2020-01-16 09:37:14,N,AAPL,314.55,3.0,314.59,2.0,1.0,0.0,2020-01-16 09:37:14.116039,314.53,314.57,0,0.03999999999996362,0.08655409864104513,1,1,0.2,0.00531
362,2020-01-16 09:37:15,N,AAPL,314.53,3.0,314.57,1.0,1.0,0.0,2020-01-16 09:37:15.083845,314.54,314.58,0,0.040000000000020464,0.08660493233048783,1,1,0.5,0.00531
363,2020-01-16 09:37:16,N,AAPL,314.54,3.0,314.58,1.0,2.0,-1.0,2020-01-16 09:37:16.254150,314.55,314.59,0,0.03999999999996362,0.08574697489871141,1,-1,0.5,0.00531
364,2020-01-16 09:37:17,N,AAPL,314.55,1.0,314.59,4.0,-2.0,3.0,2020-01-16 09:37:17.241199,314.55,314.59,0,0.03999999999996362,0.08753428832653753,1,1,-0.6,0.00531
365,2020-01-16 09:37:18,N,AAPL,314.55,3.0,314.59,1.0,2.0,-1.0,2020-01-16 09:37:18.447659,314.54,314.58,0,0.03999999999996362,0.08912907479748355,1,1,0.5,0.00531
366,2020-01-16 09:37:19,N,AAPL,314.54,3.0,314.58,1.0,1.0,0.0,2020-01-16 09:37:19.438121,314.59,314.63,1,0.03999999999996362,0.08906992379064604,1,1,0.5,0.00531
367,2020-01-16 09:37:21,N,AAPL,314.59,4.0,314.63,12.0,1.0,11.0,2020-01-16 09:37:21.386608,314.55,314.58,-1,0.040000000000020464,0.08963400370834052,1,1,-0.5,0.00531
368,2020-01-16 09:37:22,N,AAPL,314.55,2.0,314.58,4.0,1.0,2.0,2020-01-16 09:37:22.179405,314.6,314.62,1,0.029999999999972715,0.08837841286231196,1,-1,-0.3333333333333333,0.00531
369,2020-01-16 09:37:23,N,AAPL,314.6,8.0,314.62,2.0,6.0,0.0,2020-01-16 09:37:23.411183,314.6,314.62,0,0.01999999999998181,0.08418202208775938,1,-1,0.6,0.00531
370,2020-01-16 09:37:24,N,AAPL,314.6,1.0,314.62,2.0,-3.0,0.0,2020-01-16 09:37:24.579535,314.6,314.64,0,0.01999999999998181,0.08348440737222518,1,1,-0.3333333333333333,0.00531
371,2020-01-16 09:37:25,N,AAPL,314.6,1.0,314.64,7.0,0.0,5.0,2020-01-16 09:37:25.283595,314.6,314.62,0,0.03999999999996362,0.0858752728686909,1,1,-0.75,0.00531
372,2020-01-16 09:37:26,N,AAPL,314.6,1.0,314.62,1.0,-1.0,-4.0,2020-01-16 09:37:26.012185,314.58,314.6,0,0.01999999999998181,0.08631553896719879,1,-1,0.0,0.00531
373,2020-01-16 09:37:29,N,AAPL,314.58,2.0,314.6,2.0,1.0,1.0,2020-01-16 09:37:29.939234,314.5,314.54,-1,0.020000000000038654,0.09409238486102822,1,1,0.0,0.00531
374,2020-01-16 09:37:30,N,AAPL,314.5,2.0,314.54,4.0,0.0,3.0,2020-01-16 09:37:30.019633,314.55,314.61,1,0.040000000000020464,0.08981247204667397,1,1,-0.3333333333333333,0.00531
375,2020-01-16 09:37:31,N,AAPL,314.55,2.0,314.61,1.0,1.0,-1.0,2020-01-16 09:37:31.012719,314.57,314.62,0,0.060000000000002274,0.08749579132302188,1,1,0.3333333333333333,0.00531
376,2020-01-16 09:37:32,N,AAPL,314.57,2.0,314.62,2.0,0.0,1.0,2020-01-16 09:37:32.357039,314.59,314.62,0,0.05000000000001137,0.08750949939928887,1,-1,0.0,0.00531
377,2020-01-16 09:37:33,N,AAPL,314.59,1.0,314.62,2.0,-1.0,0.0,2020-01-16 09:37:33.338517,314.59,314.61,0,0.03000000000002956,0.08763145871660072,1,-1,-0.3333333333333333,0.00531
378,2020-01-16 09:37:35,N,AAPL,314.59,1.0,314.61,4.0,0.0,3.0,2020-01-16 09:37:35.341657,314.55,314.58,-1,0.020000000000038654,0.08848559970834913,1,-1,-0.6,0.00531
379,2020-01-16 09:37:36,N,AAPL,314.55,2.0,314.58,4.0,0.0,-1.0,2020-01-16 09:37:36.005563,314.56,314.58,0,0.029999999999972715,0.08850638174084224,1,1,-0.3333333333333333,0.00531
380,2020-01-16 09:37:37,N,AAPL,314.56,1.0,314.58,1.0,-1.0,-2.0,2020-01-16 09:37:37.818967,314.53,314.56,0,0.01999999999998181,0.0893913654264793,1,-1,0.0,0.00531
381,2020-01-16 09:37:38,N,AAPL,314.53,1.0,314.56,5.0,0.0,4.0,2020-01-16 09:37:38.007084,314.45,314.49,-1,0.03000000000002956,0.08926577214509734,1,1,-0.6666666666666666,0.00531
382,2020-01-16 09:37:39,N,AAPL,314.45,1.0,314.49,4.0,-1.0,2.0,2020-01-16 09:37:39.656950,314.46,314.5,0,0.040000000000020464,0.08966495522162177,1,1,-0.6,0.00531
383,2020-01-16 09:37:40,N,AAPL,314.46,1.0,314.5,4.0,0.0,0.0,2020-01-16 09:37:40.266898,314.45,314.49,0,0.040000000000020464,0.08857202207292403,1,1,-0.6,0.00531
384,2020-01-16 09:37:42,N,AAPL,314.45,2.0,314.49,1.0,1.0,0.0,2020-01-16 09:37:42.067901,314.45,314.48,0,0.040000000000020464,0.08874452897970286,1,1,0.3333333333333333,0.00531
385,2020-01-16 09:37:43,N,AAPL,314.45,1.0,314.48,4.0,-1.0,3.0,2020-01-16 09:37:43.291391,314.43,314.46,0,0.03000000000002956,0.08741689728816482,1,-1,-0.6,0.00531
386,2020-01-16 09:37:44,N,AAPL,314.43,2.0,314.46,5.0,1.0,3.0,2020-01-16 09:37:44.093441,314.39,314.41,-1,0.029999999999972715,0.08674809901532399,1,-1,-0.42857142857142855,0.00531
387,2020-01-16 09:37:46,N,AAPL,314.39,8.0,314.41,4.0,6.0,3.0,2020-01-16 09:37:46.702584,314.38,314.41,0,0.020000000000038654,0.08565856790721682,1,-1,0.3333333333333333,0.00531
388,2020-01-16 09:37:47,N,AAPL,314.38,1.0,314.41,2.0,-7.0,-2.0,2020-01-16 09:37:47.285032,314.39,314.41,0,0.03000000000002956,0.08252605198970286,1,1,-0.3333333333333333,0.00546
389,2020-01-16 09:37:48,N,AAPL,314.39,1.0,314.41,1.0,0.0,-1.0,2020-01-16 09:37:48.423239,314.43,314.45,1,0.020000000000038654,0.08643307905373376,1,-1,0.0,0.00546
390,2020-01-16 09:37:49,N,AAPL,314.43,1.0,314.45,1.0,-1.0,-1.0,2020-01-16 09:37:49.132038,314.47,314.51,1,0.01999999999998181,0.0824601275676855,1,-1,0.0,0.00546
391,2020-01-16 09:37:51,N,AAPL,314.47,2.0,314.51,1.0,1.0,-1.0,2020-01-16 09:37:51.048109,314.41,314.46,-1,0.03999999999996362,0.08262785651305649,1,1,0.3333333333333333,0.00546
392,2020-01-16 09:37:53,N,AAPL,314.41,2.0,314.46,4.0,0.0,2.0,2020-01-16 09:37:53.210163,314.45,314.47,0,0.049999999999954525,0.07982351951147848,1,1,-0.3333333333333333,0.00546
393,2020-01-16 09:37:54,N,AAPL,314.45,1.0,314.47,1.0,-1.0,-1.0,2020-01-16 09:37:54.107760,314.41,314.45,0,0.020000000000038654,0.08434096792490209,1,-1,0.0,0.00546
394,2020-01-16 09:37:55,N,AAPL,314.41,1.0,314.45,4.0,0.0,3.0,2020-01-16 09:37:55.468136,314.37,314.42,0,0.03999999999996362,0.08468943459934053,1,1,-0.6,0.00546
395,2020-01-16 09:37:56,N,AAPL,314.37,2.0,314.42,1.0,0.0,0.0,2020-01-16 09:37:56.616299,314.39,314.42,0,0.05000000000001137,0.08403746459669037,1,1,0.3333333333333333,0.00546
396,2020-01-16 09:37:57,N,AAPL,314.39,2.0,314.42,4.0,0.0,3.0,2020-01-16 09:37:57.851835,314.41,314.45,0,0.03000000000002956,0.08256025963612501,1,-1,-0.3333333333333333,0.00546
397,2020-01-16 09:37:58,N,AAPL,314.41,4.0,314.45,2.0,2.0,1.0,2020-01-16 09:37:58.854353,314.46,314.5,1,0.03999999999996362,0.08380931618341947,1,1,0.3333333333333333,0.00546
398,2020-01-16 09:38:00,N,AAPL,314.46,2.0,314.5,2.0,-2.0,1.0,2020-01-16 09:38:00.059701,314.55,314.58,1,0.040000000000020464,0.08305867285997692,1,1,0.0,0.00546
399,2020-01-16 09:38:01,N,AAPL,314.55,2.0,314.58,1.0,0.0,-1.0,2020-01-16 09:38:01.077156,314.57,314.59,0,0.029999999999972715,0.07586414141411524,1,-1,0.3333333333333333,0.00546
400,2020-01-16 09:38:02,N,AAPL,314.57,1.0,314.59,1.0,-1.0,-1.0,2020-01-16 09:38:02.413965,314.59,314.61,0,0.01999999999998181,0.07758975045214811,1,-1,0.0,0.00546
401,2020-01-16 09:38:03,N,AAPL,314.59,4.0,314.61,2.0,3.0,1.0,2020-01-16 09:38:03.696663,314.58,314.59,0,0.020000000000038654,0.07907954259468397,1,1,0.3333333333333333,0.00546
402,2020-01-16 09:38:04,N,AAPL,314.58,1.0,314.59,1.0,0.0,0.0,2020-01-16 09:38:04.498163,314.57,314.6,0,0.009999999999990905,0.08078262210636922,1,-1,0.0,0.00546
403,2020-01-16 09:38:05,N,AAPL,314.57,3.0,314.6,1.0,1.0,0.0,2020-01-16 09:38:05.075240,314.63,314.66,1,0.03000000000002956,0.08015523841061167,1,1,0.5,0.00546
404,2020-01-16 09:38:06,N,AAPL,314.63,4.0,314.66,2.0,3.0,-2.0,2020-01-16 09:38:06.012343,314.69,314.72,1,0.03000000000002956,0.07703423548457522,1,1,0.3333333333333333,0.00546
405,2020-01-16 09:38:07,N,AAPL,314.69,2.0,314.72,2.0,0.0,0.0,2020-01-16 09:38:07.213049,314.71,314.74,0,0.03000000000002956,0.07645490739679417,1,1,0.0,0.00546
406,2020-01-16 09:38:08,N,AAPL,314.71,5.0,314.74,2.0,3.0,0.0,2020-01-16 09:38:08.345788,314.73,314.76,0,0.03000000000002956,0.07592648778734201,1,1,0.42857142857142855,0.00546
407,2020-01-16 09:38:11,N,AAPL,314.73,1.0,314.76,1.0,0.0,-21.0,2020-01-16 09:38:11.318015,314.73,314.76,0,0.029999999999972715,0.07468624402361002,1,-1,0.0,0.00546
408,2020-01-16 09:38:12,N,AAPL,314.73,2.0,314.76,1.0,-2.0,0.0,2020-01-16 09:38:12.094363,314.75,314.76,0,0.029999999999972715,0.076330421999387,1,1,0.3333333333333333,0.00546
409,2020-01-16 09:38:13,N,AAPL,314.75,1.0,314.76,1.0,-4.0,-1.0,2020-01-16 09:38:13.234399,314.75,314.78,0,0.009999999999990905,0.07660036436453765,1,-1,0.0,0.00546
410,2020-01-16 09:38:15,N,AAPL,314.75,2.0,314.78,2.0,1.0,1.0,2020-01-16 09:38:15.525116,314.77,314.78,0,0.029999999999972715,0.07662233202603375,1,1,0.0,0.00546
411,2020-01-16 09:38:16,N,AAPL,314.77,1.0,314.78,6.0,-1.0,5.0,2020-01-16 09:38:16.947299,314.75,314.78,0,0.009999999999990905,0.07848183572463086,1,-1,-0.7142857142857143,0.00546
412,2020-01-16 09:38:17,N,AAPL,314.75,5.0,314.78,1.0,4.0,0.0,2020-01-16 09:38:17.059017,314.67,314.7,-1,0.029999999999972715,0.0787539786410889,1,1,0.6666666666666666,0.00546
413,2020-01-16 09:38:18,N,AAPL,314.67,1.0,314.7,2.0,-1.0,0.0,2020-01-16 09:38:18.306882,314.63,314.68,0,0.029999999999972715,0.07941823599799136,1,1,-0.3333333333333333,0.00546
414,2020-01-16 09:38:19,N,AAPL,314.63,2.0,314.68,2.0,0.0,0.0,2020-01-16 09:38:19.475316,314.61,314.66,0,0.05000000000001137,0.08019456995805285,1,1,0.0,0.00546
415,2020-01-16 09:38:20,N,AAPL,314.61,1.0,314.66,2.0,0.0,0.0,2020-01-16 09:38:20.458013,314.63,314.69,0,0.05000000000001137,0.07940929095360616,1,1,-0.3333333333333333,0.00546
416,2020-01-16 09:38:23,N,AAPL,314.63,5.0,314.69,2.0,4.0,0.0,2020-01-16 09:38:23.833659,314.7,314.73,1,0.060000000000002274,0.078852198099014,1,1,0.42857142857142855,0.00546
417,2020-01-16 09:38:24,N,AAPL,314.7,3.0,314.73,5.0,1.0,3.0,2020-01-16 09:38:24.094998,314.69,314.74,0,0.03000000000002956,0.08285556723188847,1,-1,-0.25,0.00546
418,2020-01-16 09:38:25,N,AAPL,314.69,2.0,314.74,5.0,-1.0,-5.0,2020-01-16 09:38:25.131417,314.74,314.79,0,0.05000000000001137,0.08535719808753583,1,1,-0.42857142857142855,0.00546
419,2020-01-16 09:38:26,N,AAPL,314.74,2.0,314.79,3.0,0.0,1.0,2020-01-16 09:38:26.242958,314.73,314.78,0,0.05000000000001137,0.08569980670677069,1,1,-0.2,0.00546
420,2020-01-16 09:38:27,N,AAPL,314.73,1.0,314.78,2.0,0.0,1.0,2020-01-16 09:38:27.067154,314.75,314.78,0,0.049999999999954525,0.08588384727596576,1,-1,-0.3333333333333333,0.00546
421,2020-01-16 09:38:29,N,AAPL,314.75,4.0,314.78,3.0,2.0,2.0,2020-01-16 09:38:29.114151,314.63,314.68,-1,0.029999999999972715,0.08530851336718115,1,-1,0.14285714285714285,0.00546
422,2020-01-16 09:38:30,N,AAPL,314.63,1.0,314.68,2.0,-3.0,0.0,2020-01-16 09:38:30.662887,314.67,314.74,0,0.05000000000001137,0.08502873900283703,1,1,-0.3333333333333333,0.00546
423,2020-01-16 09:38:31,N,AAPL,314.67,1.0,314.74,2.0,0.0,0.0,2020-01-16 09:38:31.668698,314.66,314.7,0,0.06999999999999318,0.08426493089518772,1,1,-0.3333333333333333,0.00546
424,2020-01-16 09:38:32,N,AAPL,314.66,1.0,314.7,5.0,0.0,4.0,2020-01-16 09:38:32.221269,314.66,314.71,0,0.03999999999996362,0.08508465777237006,1,-1,-0.6666666666666666,0.00546
425,2020-01-16 09:38:35,N,AAPL,314.66,3.0,314.71,5.0,2.0,1.0,2020-01-16 09:38:35.178662,314.67,314.71,0,0.049999999999954525,0.08434012111626998,1,1,-0.25,0.00546
426,2020-01-16 09:38:36,N,AAPL,314.67,3.0,314.71,1.0,0.0,-2.0,2020-01-16 09:38:36.145130,314.7,314.74,0,0.03999999999996362,0.08496354019609953,1,-1,0.5,0.00546
427,2020-01-16 09:38:39,N,AAPL,314.7,2.0,314.74,2.0,0.0,1.0,2020-01-16 09:38:39.660442,314.68,314.7,0,0.040000000000020464,0.0849072691062247,1,1,0.0,0.00546
428,2020-01-16 09:38:40,N,AAPL,314.68,4.0,314.7,1.0,2.0,-1.0,2020-01-16 09:38:40.681893,314.68,314.72,0,0.01999999999998181,0.08503557267965789,1,-1,0.6,0.00615
429,2020-01-16 09:38:42,N,AAPL,314.68,4.0,314.72,2.0,0.0,0.0,2020-01-16 09:38:42.278828,314.73,314.77,1,0.040000000000020464,0.08393511353801841,1,1,0.3333333333333333,0.00615
430,2020-01-16 09:38:43,N,AAPL,314.73,2.0,314.77,2.0,0.0,-17.0,2020-01-16 09:38:43.487230,314.75,314.77,0,0.03999999999996362,0.08390133779261078,1,-1,0.0,0.00615
431,2020-01-16 09:38:44,N,AAPL,314.75,1.0,314.77,4.0,0.0,3.0,2020-01-16 09:38:44.479219,314.75,314.79,0,0.01999999999998181,0.08281645023123474,1,-1,-0.6,0.00615
432,2020-01-16 09:38:45,N,AAPL,314.75,1.0,314.79,4.0,0.0,-1.0,2020-01-16 09:38:45.031414,314.79,314.8,0,0.040000000000020464,0.08241299878511654,1,1,-0.6,0.00615
433,2020-01-16 09:38:46,N,AAPL,314.79,1.0,314.8,15.0,0.0,-1.0,2020-01-16 09:38:46.112673,314.78,314.82,0,0.009999999999990905,0.08344505575615813,1,-1,-0.875,0.00615
434,2020-01-16 09:38:47,N,AAPL,314.78,2.0,314.82,2.0,-2.0,0.0,2020-01-16 09:38:47.166416,314.82,314.85,0,0.040000000000020464,0.08344721802114918,1,1,0.0,0.00615
435,2020-01-16 09:38:52,N,AAPL,314.82,2.0,314.85,7.0,1.0,5.0,2020-01-16 09:38:52.195676,314.84,314.88,0,0.03000000000002956,0.08397903356092229,1,-1,-0.5555555555555556,0.00615
436,2020-01-16 09:38:53,N,AAPL,314.84,4.0,314.88,13.0,2.0,11.0,2020-01-16 09:38:53.156743,314.82,314.85,0,0.040000000000020464,0.08341943419429754,1,1,-0.5294117647058824,0.00615
437,2020-01-16 09:38:54,N,AAPL,314.82,1.0,314.85,2.0,0.0,0.0,2020-01-16 09:38:54.210452,314.72,314.75,-1,0.03000000000002956,0.0835548715438108,1,-1,-0.3333333333333333,0.00615
438,2020-01-16 09:38:55,N,AAPL,314.72,1.0,314.75,1.0,0.0,-1.0,2020-01-16 09:38:55.115317,314.72,314.76,0,0.029999999999972715,0.08436154962868159,1,-1,0.0,0.00615
439,2020-01-16 09:38:56,N,AAPL,314.72,1.0,314.76,3.0,0.0,2.0,2020-01-16 09:38:56.458764,314.73,314.78,0,0.03999999999996362,0.0841375733117502,1,1,-0.5,0.00615
440,2020-01-16 09:38:57,N,AAPL,314.73,4.0,314.78,1.0,3.0,0.0,2020-01-16 09:38:57.279735,314.76,314.82,0,0.049999999999954525,0.08374278200915342,1,1,0.6,0.00615
441,2020-01-16 09:38:58,N,AAPL,314.76,9.0,314.82,2.0,8.0,1.0,2020-01-16 09:38:58.069581,314.73,314.77,0,0.060000000000002274,0.08165934373289474,1,1,0.6363636363636364,0.00615
442,2020-01-16 09:38:59,N,AAPL,314.73,2.0,314.77,4.0,0.0,1.0,2020-01-16 09:38:59.913347,314.7,314.73,0,0.03999999999996362,0.08082934861073454,1,-1,-0.3333333333333333,0.00615
443,2020-01-16 09:39:00,N,AAPL,314.7,2.0,314.73,1.0,1.0,-1.0,2020-01-16 09:39:00.020210,314.71,314.76,0,0.03000000000002956,0.08060815890780759,1,-1,0.3333333333333333,0.00615
444,2020-01-16 09:39:01,N,AAPL,314.71,2.0,314.76,2.0,1.0,0.0,2020-01-16 09:39:01.146359,314.71,314.74,0,0.05000000000001137,0.08035647400708967,1,1,0.0,0.00615
445,2020-01-16 09:39:02,N,AAPL,314.71,1.0,314.74,4.0,-1.0,0.0,2020-01-16 09:39:02.217374,314.71,314.75,0,0.03000000000002956,0.08001075333419294,1,-1,-0.6,0.00615
446,2020-01-16 09:39:03,N,AAPL,314.71,2.0,314.75,1.0,1.0,0.0,2020-01-16 09:39:03.439427,314.68,314.71,0,0.040000000000020464,0.07846589602377207,1,1,0.3333333333333333,0.00615
447,2020-01-16 09:39:05,N,AAPL,314.68,1.0,314.71,4.0,-1.0,3.0,2020-01-16 09:39:05.607601,314.68,314.71,0,0.029999999999972715,0.07792719888510646,1,-1,-0.6,0.00615
448,2020-01-16 09:39:06,N,AAPL,314.68,1.0,314.71,2.0,-2.0,0.0,2020-01-16 09:39:06.483992,314.69,314.7,0,0.029999999999972715,0.07804080389769297,1,1,-0.3333333333333333,0.00615
449,2020-01-16 09:39:07,N,AAPL,314.69,1.0,314.7,1.0,0.0,-1.0,2020-01-16 09:39:07.156567,314.67,314.72,0,0.009999999999990905,0.07806040049450758,1,-1,0.0,0.00615
450,2020-01-16 09:39:08,N,AAPL,314.67,2.0,314.72,3.0,1.0,-49.0,2020-01-16 09:39:08.041771,314.69,314.73,0,0.05000000000001137,0.07807356806654298,1,1,-0.2,0.00615
451,2020-01-16 09:39:09,N,AAPL,314.69,2.0,314.73,53.0,1.0,52.0,2020-01-16 09:39:09.088897,314.66,314.72,0,0.040000000000020464,0.07932359414780876,1,-1,-0.9272727272727272,0.00615
452,2020-01-16 09:39:10,N,AAPL,314.66,2.0,314.72,4.0,1.0,3.0,2020-01-16 09:39:10.057084,314.7,314.72,0,0.060000000000002274,0.079438704917834,1,1,-0.3333333333333333,0.00818
453,2020-01-16 09:39:11,N,AAPL,314.7,1.0,314.72,4.0,-3.0,-47.0,2020-01-16 09:39:11.440892,314.67,314.71,0,0.020000000000038654,0.07122662306875327,1,-1,-0.6,0.00818
454,2020-01-16 09:39:12,N,AAPL,314.67,2.0,314.71,4.0,0.0,2.0,2020-01-16 09:39:12.415214,314.69,314.72,0,0.03999999999996362,0.07141924578888847,1,1,-0.3333333333333333,0.00818
455,2020-01-16 09:39:13,N,AAPL,314.69,1.0,314.72,4.0,-1.0,3.0,2020-01-16 09:39:13.691004,314.7,314.73,0,0.03000000000002956,0.0705790911248414,1,-1,-0.6,0.00818
456,2020-01-16 09:39:14,N,AAPL,314.7,4.0,314.73,44.0,3.0,-2.0,2020-01-16 09:39:14.934308,314.73,314.74,0,0.03000000000002956,0.07242068680449165,1,1,-0.8333333333333334,0.00818
457,2020-01-16 09:39:15,N,AAPL,314.73,7.0,314.74,2.0,5.0,-42.0,2020-01-16 09:39:15.936105,314.76,314.8,1,0.009999999999990905,0.07172049432494987,1,-1,0.5555555555555556,0.00818
458,2020-01-16 09:39:16,N,AAPL,314.76,1.0,314.8,5.0,-3.0,4.0,2020-01-16 09:39:16.574011,314.79,314.82,0,0.040000000000020464,0.07254999999997835,1,1,-0.6666666666666666,0.00818
459,2020-01-16 09:39:18,N,AAPL,314.79,2.0,314.82,5.0,0.0,3.0,2020-01-16 09:39:18.453906,314.76,314.78,-1,0.029999999999972715,0.07321315269086881,1,-1,-0.42857142857142855,0.00818
460,2020-01-16 09:39:19,N,AAPL,314.76,1.0,314.78,5.0,-1.0,4.0,2020-01-16 09:39:19.000157,314.7,314.75,-1,0.01999999999998181,0.07365990833807246,1,-1,-0.6666666666666666,0.00818
461,2020-01-16 09:39:20,N,AAPL,314.7,2.0,314.75,1.0,0.0,0.0,2020-01-16 09:39:20.045593,314.72,314.74,0,0.05000000000001137,0.07358322877468026,1,1,0.3333333333333333,0.00818
462,2020-01-16 09:39:21,N,AAPL,314.72,1.0,314.74,1.0,0.0,0.0,2020-01-16 09:39:21.070829,314.71,314.75,0,0.01999999999998181,0.07306134330195846,1,-1,0.0,0.00818
463,2020-01-16 09:39:22,N,AAPL,314.71,2.0,314.75,1.0,1.0,0.0,2020-01-16 09:39:22.054524,314.72,314.75,0,0.040000000000020464,0.07302711230568093,1,1,0.3333333333333333,0.00818
464,2020-01-16 09:39:24,N,AAPL,314.72,4.0,314.75,1.0,2.0,0.0,2020-01-16 09:39:24.194217,314.71,314.74,0,0.029999999999972715,0.07345570877640739,1,-1,0.6,0.00818
465,2020-01-16 09:39:25,N,AAPL,314.71,1.0,314.74,4.0,-2.0,3.0,2020-01-16 09:39:25.464061,314.67,314.71,0,0.03000000000002956,0.0735832406528516,1,1,-0.6,0.00818
466,2020-01-16 09:39:26,N,AAPL,314.67,2.0,314.71,4.0,1.0,3.0,2020-01-16 09:39:26.339502,314.66,314.71,0,0.03999999999996362,0.07358554452179078,1,1,-0.3333333333333333,0.00818
467,2020-01-16 09:39:27,N,AAPL,314.66,1.0,314.71,1.0,-1.0,0.0,2020-01-16 09:39:27.220066,314.68,314.74,0,0.049999999999954525,0.0737979737022556,1,1,0.0,0.00818
468,2020-01-16 09:39:28,N,AAPL,314.68,3.0,314.74,3.0,0.0,1.0,2020-01-16 09:39:28.142705,314.74,314.79,0,0.060000000000002274,0.07442164449469146,1,1,0.0,0.00818
469,2020-01-16 09:39:29,N,AAPL,314.74,2.0,314.79,2.0,0.0,1.0,2020-01-16 09:39:29.218035,314.71,314.76,0,0.05000000000001137,0.07456217295958822,1,-1,0.0,0.00818
470,2020-01-16 09:39:30,N,AAPL,314.71,2.0,314.76,1.0,0.0,-3.0,2020-01-16 09:39:30.004990,314.74,314.77,0,0.05000000000001137,0.07453825754276977,1,1,0.3333333333333333,0.00818
471,2020-01-16 09:39:31,N,AAPL,314.74,4.0,314.77,2.0,2.0,0.0,2020-01-16 09:39:31.498309,314.74,314.79,0,0.029999999999972715,0.07452012365979499,1,-1,0.3333333333333333,0.00818
472,2020-01-16 09:39:32,N,AAPL,314.74,4.0,314.79,2.0,2.0,0.0,2020-01-16 09:39:32.068048,314.77,314.81,0,0.05000000000001137,0.07401603675106116,1,1,0.3333333333333333,0.00818
473,2020-01-16 09:39:33,N,AAPL,314.77,2.0,314.81,2.0,-3.0,0.0,2020-01-16 09:39:33.103427,314.77,314.8,0,0.040000000000020464,0.07400203937322658,1,-1,0.0,0.00818
474,2020-01-16 09:39:35,N,AAPL,314.77,4.0,314.8,1.0,1.0,-1.0,2020-01-16 09:39:35.711141,314.74,314.78,0,0.03000000000002956,0.07356313364050493,1,-1,0.6,0.00818
475,2020-01-16 09:39:36,N,AAPL,314.74,2.0,314.78,3.0,-2.0,1.0,2020-01-16 09:39:36.180562,314.75,314.77,0,0.03999999999996362,0.07386756460533661,1,1,-0.2,0.00818
476,2020-01-16 09:39:38,N,AAPL,314.75,1.0,314.77,2.0,-2.0,0.0,2020-01-16 09:39:38.080852,314.78,314.8,1,0.01999999999998181,0.07389788960341548,1,-1,-0.3333333333333333,0.00818
477,2020-01-16 09:39:39,N,AAPL,314.78,1.0,314.8,11.0,0.0,-11.0,2020-01-16 09:39:39.125203,314.79,314.81,0,0.020000000000038654,0.07529246411485246,1,1,-0.8333333333333334,0.00818
478,2020-01-16 09:39:41,N,AAPL,314.79,2.0,314.81,1.0,1.0,-10.0,2020-01-16 09:39:41.602943,314.8,314.82,0,0.01999999999998181,0.07507442541816545,1,-1,0.3333333333333333,0.00837
479,2020-01-16 09:39:42,N,AAPL,314.8,5.0,314.82,1.0,3.0,0.0,2020-01-16 09:39:42.393103,314.79,314.82,0,0.01999999999998181,0.07344206659456631,1,1,0.6666666666666666,0.00837
480,2020-01-16 09:39:43,N,AAPL,314.79,4.0,314.82,4.0,1.0,-1.0,2020-01-16 09:39:43.294803,314.79,314.83,0,0.029999999999972715,0.07323246108728654,1,1,0.0,0.00837
481,2020-01-16 09:39:44,N,AAPL,314.79,2.0,314.83,5.0,0.0,3.0,2020-01-16 09:39:44.317727,314.8,314.83,0,0.03999999999996362,0.07370194995519341,1,1,-0.42857142857142855,0.00837
482,2020-01-16 09:39:45,N,AAPL,314.8,3.0,314.83,2.0,1.0,1.0,2020-01-16 09:39:45.124922,314.81,314.84,0,0.029999999999972715,0.07409524989293459,1,-1,0.2,0.00837
483,2020-01-16 09:39:47,N,AAPL,314.81,4.0,314.84,5.0,-2.0,2.0,2020-01-16 09:39:47.774020,314.81,314.83,0,0.029999999999972715,0.07457745171279839,1,1,-0.1111111111111111,0.00837
484,2020-01-16 09:39:49,N,AAPL,314.81,4.0,314.83,5.0,0.0,3.0,2020-01-16 09:39:49.115934,314.8,314.83,0,0.01999999999998181,0.07448506804428234,1,-1,-0.1111111111111111,0.00837
485,2020-01-16 09:39:51,N,AAPL,314.8,3.0,314.83,5.0,2.0,3.0,2020-01-16 09:39:51.271079,314.74,314.78,-1,0.029999999999972715,0.07464619173617848,1,1,-0.25,0.00837
486,2020-01-16 09:39:52,N,AAPL,314.74,1.0,314.78,2.0,-1.0,0.0,2020-01-16 09:39:52.091312,314.75,314.79,0,0.03999999999996362,0.07487027894239873,1,1,-0.3333333333333333,0.00837
487,2020-01-16 09:39:53,N,AAPL,314.75,2.0,314.79,1.0,-2.0,0.0,2020-01-16 09:39:53.263235,314.74,314.79,0,0.040000000000020464,0.07463335214458766,1,1,0.3333333333333333,0.00837
488,2020-01-16 09:39:54,N,AAPL,314.74,3.0,314.79,4.0,0.0,2.0,2020-01-16 09:39:54.833962,314.75,314.78,0,0.05000000000001137,0.07470756467949968,1,1,-0.14285714285714285,0.00837
489,2020-01-16 09:39:55,N,AAPL,314.75,1.0,314.78,2.0,-2.0,-2.0,2020-01-16 09:39:55.575041,314.75,314.78,0,0.029999999999972715,0.07491815820691272,1,-1,-0.3333333333333333,0.00837
490,2020-01-16 09:39:56,N,AAPL,314.75,1.0,314.78,2.0,0.0,0.0,2020-01-16 09:39:56.896719,314.75,314.79,0,0.029999999999972715,0.07500932796284587,1,1,-0.3333333333333333,0.00837
491,2020-01-16 09:39:58,N,AAPL,314.75,5.0,314.79,3.0,4.0,1.0,2020-01-16 09:39:58.337841,314.77,314.81,0,0.040000000000020464,0.07459454643424124,1,1,0.25,0.00837
492,2020-01-16 09:39:59,N,AAPL,314.77,4.0,314.81,1.0,-1.0,-2.0,2020-01-16 09:39:59.824202,314.78,314.82,0,0.040000000000020464,0.07433097551728451,1,1,0.6,0.00837
493,2020-01-16 09:40:00,N,AAPL,314.78,2.0,314.82,1.0,-2.0,0.0,2020-01-16 09:40:00.048270,314.84,314.86,1,0.040000000000020464,0.07436980214038158,1,1,0.3333333333333333,0.00837
494,2020-01-16 09:40:01,N,AAPL,314.84,2.0,314.86,3.0,0.0,2.0,2020-01-16 09:40:01.169073,314.83,314.86,0,0.020000000000038654,0.0744319506727038,1,-1,-0.2,0.00837
495,2020-01-16 09:40:02,N,AAPL,314.83,2.0,314.86,3.0,0.0,0.0,2020-01-16 09:40:02.942232,314.86,314.88,0,0.03000000000002956,0.07449011758131974,1,1,-0.2,0.00837
496,2020-01-16 09:40:03,N,AAPL,314.86,5.0,314.88,9.0,3.0,6.0,2020-01-16 09:40:03.999985,314.87,314.88,0,0.01999999999998181,0.07488819703900162,1,-1,-0.2857142857142857,0.00837
497,2020-01-16 09:40:04,N,AAPL,314.87,4.0,314.88,9.0,-1.0,0.0,2020-01-16 09:40:04.000198,314.92,314.94,1,0.009999999999990905,0.0755232657002125,1,-1,-0.38461538461538464,0.00837
498,2020-01-16 09:40:05,N,AAPL,314.92,4.0,314.94,2.0,0.0,1.0,2020-01-16 09:40:05.290587,314.92,314.96,0,0.01999999999998181,0.07453367652664156,1,1,0.3333333333333333,0.00837
499,2020-01-16 09:40:06,N,AAPL,314.92,2.0,314.96,3.0,0.0,1.0,2020-01-16 09:40:06.322073,314.92,314.95,0,0.03999999999996362,0.07522736745727343,1,1,-0.2,0.00837
500,2020-01-16 09:40:07,N,AAPL,314.92,1.0,314.95,4.0,-3.0,-2.0,2020-01-16 09:40:07.075787,314.98,314.99,1,0.029999999999972715,0.07626483242449922,1,-1,-0.6,0.00837
501,2020-01-16 09:40:08,N,AAPL,314.98,4.0,314.99,1.0,2.0,-1.0,2020-01-16 09:40:08.861491,314.96,314.98,0,0.009999999999990905,0.07541768516000502,1,-1,0.6,0.00837
502,2020-01-16 09:40:09,N,AAPL,314.96,4.0,314.98,3.0,0.0,-59.0,2020-01-16 09:40:09.717041,314.9,314.95,-1,0.020000000000038654,0.07523782475760754,1,1,0.14285714285714285,0.00837
503,2020-01-16 09:40:10,N,AAPL,314.9,3.0,314.95,2.0,-2.0,-1.0,2020-01-16 09:40:10.015058,314.93,314.99,0,0.05000000000001137,0.07481146897094959,1,1,0.2,0.00837
504,2020-01-16 09:40:11,N,AAPL,314.93,4.0,314.99,5.0,2.0,1.0,2020-01-16 09:40:11.008161,314.93,314.99,0,0.060000000000002274,0.07536298787596252,1,1,-0.1111111111111111,0.00837
505,2020-01-16 09:40:12,N,AAPL,314.93,4.0,314.99,2.0,2.0,0.0,2020-01-16 09:40:12.184606,314.94,314.97,0,0.060000000000002274,0.07483014625302076,1,1,0.3333333333333333,0.00837
506,2020-01-16 09:40:13,N,AAPL,314.94,1.0,314.97,2.0,-4.0,-2.0,2020-01-16 09:40:13.421416,314.96,315.0,0,0.03000000000002956,0.07529300940115036,1,-1,-0.3333333333333333,0.01032
507,2020-01-16 09:40:14,N,AAPL,314.96,2.0,315.0,51.0,-2.0,-3.0,2020-01-16 09:40:14.540781,314.97,315.0,0,0.040000000000020464,0.08981130721485897,1,1,-0.9245283018867925,0.01032
508,2020-01-16 09:40:15,N,AAPL,314.97,2.0,315.0,53.0,1.0,2.0,2020-01-16 09:40:15.448014,314.99,315.01,0,0.029999999999972715,0.10280878942910476,1,-1,-0.9272727272727272,0.01032
509,2020-01-16 09:40:16,N,AAPL,314.99,6.0,315.01,2.0,4.0,-51.0,2020-01-16 09:40:16.369949,314.99,315.0,0,0.01999999999998181,0.09898902828206246,1,-1,0.5,0.01032
510,2020-01-16 09:40:17,N,AAPL,314.99,1.0,315.0,6.0,-1.0,-25.0,2020-01-16 09:40:17.007113,314.96,314.98,-1,0.009999999999990905,0.10022830747271883,1,-1,-0.7142857142857143,0.01032
511,2020-01-16 09:40:18,N,AAPL,314.96,2.0,314.98,4.0,0.0,-2.0,2020-01-16 09:40:18.746227,314.97,314.99,0,0.020000000000038654,0.09871583248576599,1,1,-0.3333333333333333,0.01032
512,2020-01-16 09:40:19,N,AAPL,314.97,1.0,314.99,1.0,0.0,-3.0,2020-01-16 09:40:19.285154,314.95,314.98,0,0.01999999999998181,0.09909901506841834,1,-1,0.0,0.01032
513,2020-01-16 09:40:20,N,AAPL,314.95,1.0,314.98,4.0,-1.0,2.0,2020-01-16 09:40:20.018980,315.06,315.08,1,0.03000000000002956,0.09992737841480448,1,1,-0.6,0.01032
514,2020-01-16 09:40:23,N,AAPL,315.06,2.0,315.08,1.0,0.0,-1.0,2020-01-16 09:40:23.742462,315.03,315.06,0,0.01999999999998181,0.0993986214373308,1,-1,0.3333333333333333,0.01032
515,2020-01-16 09:40:24,N,AAPL,315.03,2.0,315.06,4.0,0.0,3.0,2020-01-16 09:40:24.230081,315.04,315.08,0,0.03000000000002956,0.09995996865427514,1,1,-0.3333333333333333,0.01032
516,2020-01-16 09:40:26,N,AAPL,315.04,1.0,315.08,4.0,-5.0,1.0,2020-01-16 09:40:26.266291,315.04,315.09,0,0.03999999999996362,0.1009830416950308,1,1,-0.6,0.01032
517,2020-01-16 09:40:27,N,AAPL,315.04,2.0,315.09,4.0,1.0,2.0,2020-01-16 09:40:27.529347,315.03,315.06,0,0.049999999999954525,0.10138260970182955,1,1,-0.3333333333333333,0.01032
518,2020-01-16 09:40:28,N,AAPL,315.03,1.0,315.06,2.0,-1.0,-2.0,2020-01-16 09:40:28.323522,315.02,315.06,0,0.03000000000002956,0.10173736501621988,1,-1,-0.3333333333333333,0.01032
519,2020-01-16 09:40:29,N,AAPL,315.02,1.0,315.06,2.0,0.0,1.0,2020-01-16 09:40:29.257367,315.05,315.07,0,0.040000000000020464,0.10221721434402298,1,1,-0.3333333333333333,0.01032
520,2020-01-16 09:40:32,N,AAPL,315.05,3.0,315.07,1.0,2.0,0.0,2020-01-16 09:40:32.264127,315.04,315.08,0,0.01999999999998181,0.10100031586335945,1,-1,0.5,0.01032
521,2020-01-16 09:40:33,N,AAPL,315.04,2.0,315.08,1.0,-2.0,-1.0,2020-01-16 09:40:33.105470,315.01,315.06,0,0.03999999999996362,0.10031077317597692,1,1,0.3333333333333333,0.01032
522,2020-01-16 09:40:34,N,AAPL,315.01,5.0,315.06,2.0,3.0,0.0,2020-01-16 09:40:34.765207,315.03,315.09,0,0.05000000000001137,0.09888604891102659,1,1,0.42857142857142855,0.01032
523,2020-01-16 09:40:35,N,AAPL,315.03,4.0,315.09,2.0,-1.0,0.0,2020-01-16 09:40:35.183708,315.04,315.08,0,0.060000000000002274,0.0977384494970579,0,1,0.3333333333333333,0.01051
524,2020-01-16 09:40:36,N,AAPL,315.04,2.0,315.08,2.0,0.0,0.0,2020-01-16 09:40:36.443973,315.07,315.09,0,0.03999999999996362,0.09749901942575434,0,-1,0.0,0.01051
525,2020-01-16 09:40:37,N,AAPL,315.07,2.0,315.09,1.0,0.0,-1.0,2020-01-16 09:40:37.180036,315.05,315.06,-1,0.01999999999998181,0.0968824491251894,0,-1,0.3333333333333333,0.01051
526,2020-01-16 09:40:38,N,AAPL,315.05,2.0,315.06,1.0,0.0,0.0,2020-01-16 09:40:38.775663,315.03,315.06,0,0.009999999999990905,0.09629854491504375,0,-1,0.3333333333333333,0.01051
527,2020-01-16 09:40:39,N,AAPL,315.03,1.0,315.06,2.0,-3.0,0.0,2020-01-16 09:40:39.706522,315.03,315.08,0,0.03000000000002956,0.09651071534028688,0,1,-0.3333333333333333,0.01051
528,2020-01-16 09:40:40,N,AAPL,315.03,2.0,315.08,2.0,1.0,0.0,2020-01-16 09:40:40.002335,315.0,315.04,0,0.05000000000001137,0.09640695977901714,0,1,0.0,0.01051
529,2020-01-16 09:40:41,N,AAPL,315.0,4.0,315.04,3.0,0.0,1.0,2020-01-16 09:40:41.241089,314.93,314.98,-1,0.040000000000020464,0.0953918741470261,0,-1,0.14285714285714285,0.01051
530,2020-01-16 09:40:42,N,AAPL,314.93,2.0,314.98,2.0,1.0,0.0,2020-01-16 09:40:42.963423,314.94,314.98,0,0.05000000000001137,0.09531247403958787,0,1,0.0,0.01051
531,2020-01-16 09:40:43,N,AAPL,314.94,1.0,314.98,1.0,0.0,-1.0,2020-01-16 09:40:43.010228,314.9,314.94,0,0.040000000000020464,0.0948880346239207,0,-1,0.0,0.01051
532,2020-01-16 09:40:44,N,AAPL,314.9,2.0,314.94,2.0,-7.0,0.0,2020-01-16 09:40:44.159494,314.86,314.9,0,0.040000000000020464,0.0947231266099493,0,1,0.0,0.01051
533,2020-01-16 09:40:45,N,AAPL,314.86,1.0,314.9,2.0,0.0,0.0,2020-01-16 09:40:45.012170,314.86,314.9,0,0.03999999999996362,0.09492482641667266,0,-1,-0.3333333333333333,0.01051
534,2020-01-16 09:40:46,N,AAPL,314.86,2.0,314.9,5.0,-2.0,4.0,2020-01-16 09:40:46.106795,314.85,314.89,0,0.03999999999996362,0.09510080787254083,0,1,-0.42857142857142855,0.01051
535,2020-01-16 09:40:48,N,AAPL,314.85,4.0,314.89,1.0,1.0,-1.0,2020-01-16 09:40:48.088054,314.92,314.95,1,0.03999999999996362,0.09460969289040122,0,1,0.6,0.01051
536,2020-01-16 09:40:49,N,AAPL,314.92,4.0,314.95,3.0,-4.0,1.0,2020-01-16 09:40:49.073593,314.94,314.99,0,0.029999999999972715,0.09395744818652929,0,-1,0.14285714285714285,0.01051
537,2020-01-16 09:40:50,N,AAPL,314.94,4.0,314.99,3.0,2.0,0.0,2020-01-16 09:40:50.093814,314.94,314.98,0,0.05000000000001137,0.09309650621111132,0,1,0.14285714285714285,0.01051
538,2020-01-16 09:40:51,N,AAPL,314.94,4.0,314.98,1.0,0.0,0.0,2020-01-16 09:40:51.116629,314.95,314.99,0,0.040000000000020464,0.09193812111794841,1,-1,0.6,0.01051
539,2020-01-16 09:40:52,N,AAPL,314.95,4.0,314.99,1.0,3.0,-1.0,2020-01-16 09:40:52.486573,314.95,314.99,0,0.040000000000020464,0.09079008799164967,1,1,0.6,0.01051
540,2020-01-16 09:40:53,N,AAPL,314.95,2.0,314.99,2.0,0.0,0.0,2020-01-16 09:40:53.294933,314.96,315.0,0,0.040000000000020464,0.09054265705634634,1,1,0.0,0.01051
541,2020-01-16 09:40:54,N,AAPL,314.96,2.0,315.0,1.0,-2.0,0.0,2020-01-16 09:40:54.020632,314.97,315.0,0,0.040000000000020464,0.08946529823805349,1,1,0.3333333333333333,0.01051
542,2020-01-16 09:40:55,N,AAPL,314.97,3.0,315.0,1.0,-1.0,0.0,2020-01-16 09:40:55.430281,314.98,315.01,0,0.029999999999972715,0.0883038637766731,1,-1,0.5,0.01051
543,2020-01-16 09:40:56,N,AAPL,314.98,4.0,315.01,1.0,2.0,0.0,2020-01-16 09:40:56.169993,315.0,315.04,0,0.029999999999972715,0.08711743516784054,1,1,0.6,0.01051
544,2020-01-16 09:40:57,N,AAPL,315.0,2.0,315.04,2.0,1.0,1.0,2020-01-16 09:40:57.454839,315.0,315.04,0,0.040000000000020464,0.08693155923305085,1,1,0.0,0.01051
545,2020-01-16 09:40:58,N,AAPL,315.0,3.0,315.04,2.0,1.0,0.0,2020-01-16 09:40:58.469920,314.99,315.01,0,0.040000000000020464,0.08639326164490058,1,1,0.2,0.01051
546,2020-01-16 09:40:59,N,AAPL,314.99,2.0,315.01,4.0,-1.0,2.0,2020-01-16 09:40:59.279112,315.0,315.04,0,0.01999999999998181,0.08681775675364634,1,-1,-0.3333333333333333,0.01051
547,2020-01-16 09:41:00,N,AAPL,315.0,2.0,315.04,2.0,0.0,0.0,2020-01-16 09:41:00.000561,315.03,315.07,0,0.040000000000020464,0.08676451693764875,1,1,0.0,0.01051
548,2020-01-16 09:41:01,N,AAPL,315.03,4.0,315.07,2.0,3.0,0.0,2020-01-16 09:41:01.016472,315.02,315.05,0,0.040000000000020464,0.08572965806104094,1,1,0.3333333333333333,0.01051
549,2020-01-16 09:41:02,N,AAPL,315.02,4.0,315.05,1.0,2.0,-2.0,2020-01-16 09:41:02.148203,315.03,315.06,0,0.03000000000002956,0.08441987264728823,1,-1,0.6,0.01051
550,2020-01-16 09:41:04,N,AAPL,315.03,2.0,315.06,1.0,-2.0,0.0,2020-01-16 09:41:04.090251,315.04,315.06,0,0.03000000000002956,0.08387893081760467,1,1,0.3333333333333333,0.01051
551,2020-01-16 09:41:05,N,AAPL,315.04,2.0,315.06,1.0,1.0,0.0,2020-01-16 09:41:05.143379,315.04,315.09,0,0.01999999999998181,0.08345577830198181,1,-1,0.3333333333333333,0.01051
552,2020-01-16 09:41:06,N,AAPL,315.04,1.0,315.09,3.0,-2.0,0.0,2020-01-16 09:41:06.484477,315.06,315.09,0,0.049999999999954525,0.08440277777776828,1,1,-0.5,0.01051
553,2020-01-16 09:41:07,N,AAPL,315.06,1.0,315.09,2.0,-1.0,1.0,2020-01-16 09:41:07.076315,315.04,315.08,0,0.029999999999972715,0.08476477108837344,1,-1,-0.3333333333333333,0.01051
554,2020-01-16 09:41:08,N,AAPL,315.04,4.0,315.08,1.0,-1.0,0.0,2020-01-16 09:41:08.340734,315.05,315.09,0,0.03999999999996362,0.0834223573192503,1,1,0.6,0.01051
555,2020-01-16 09:41:09,N,AAPL,315.05,3.0,315.09,2.0,-1.0,1.0,2020-01-16 09:41:09.356816,315.05,315.1,0,0.03999999999996362,0.08287720459725278,1,1,0.2,0.01051
556,2020-01-16 09:41:10,N,AAPL,315.05,2.0,315.1,2.0,1.0,-1.0,2020-01-16 09:41:10.005116,315.05,315.08,0,0.05000000000001137,0.08296009155048978,1,1,0.0,0.01051
557,2020-01-16 09:41:11,N,AAPL,315.05,1.0,315.08,2.0,0.0,1.0,2020-01-16 09:41:11.315165,315.07,315.1,0,0.029999999999972715,0.08308174994141382,1,-1,-0.3333333333333333,0.01051
558,2020-01-16 09:41:12,N,AAPL,315.07,4.0,315.1,4.0,1.0,-8.0,2020-01-16 09:41:12.320871,315.05,315.07,0,0.03000000000002956,0.08246118630574983,1,1,0.0,0.01051
559,2020-01-16 09:41:13,N,AAPL,315.05,4.0,315.07,4.0,-2.0,0.0,2020-01-16 09:41:13.126302,315.08,315.1,1,0.01999999999998181,0.08200834923673028,1,-1,0.0,0.01051
560,2020-01-16 09:41:14,N,AAPL,315.08,1.0,315.1,1.0,0.0,-1.0,2020-01-16 09:41:14.261140,315.05,315.07,-1,0.020000000000038654,0.08145084718677253,1,1,0.0,0.01051
561,2020-01-16 09:41:15,N,AAPL,315.05,2.0,315.07,2.0,1.0,-8.0,2020-01-16 09:41:15.123371,315.05,315.09,0,0.01999999999998181,0.08052609536088084,1,-1,0.0,0.01051
562,2020-01-16 09:41:16,N,AAPL,315.05,4.0,315.09,1.0,0.0,-3.0,2020-01-16 09:41:16.312331,315.05,315.09,0,0.03999999999996362,0.07902426989738842,1,1,0.6,0.01108
563,2020-01-16 09:41:17,N,AAPL,315.05,4.0,315.09,1.0,-1.0,0.0,2020-01-16 09:41:17.001771,315.06,315.1,0,0.03999999999996362,0.0775501118926627,1,1,0.6,0.01108
564,2020-01-16 09:41:18,N,AAPL,315.06,5.0,315.1,1.0,1.0,-2.0,2020-01-16 09:41:18.045731,315.07,315.1,0,0.040000000000020464,0.07550225583872816,1,1,0.6666666666666666,0.01108
565,2020-01-16 09:41:19,N,AAPL,315.07,5.0,315.1,1.0,4.0,-1.0,2020-01-16 09:41:19.186276,315.11,315.13,1,0.03000000000002956,0.0734249153977089,1,-1,0.6666666666666666,0.01108
566,2020-01-16 09:41:22,N,AAPL,315.11,2.0,315.13,4.0,-2.0,3.0,2020-01-16 09:41:22.015281,315.09,315.12,0,0.01999999999998181,0.07366225932008774,1,-1,-0.3333333333333333,0.01108
567,2020-01-16 09:41:24,N,AAPL,315.09,6.0,315.12,1.0,5.0,0.0,2020-01-16 09:41:24.000816,315.09,315.13,0,0.03000000000002956,0.07099351499101658,1,1,0.7142857142857143,0.01108
568,2020-01-16 09:41:25,N,AAPL,315.09,8.0,315.13,1.0,2.0,-1.0,2020-01-16 09:41:25.456151,315.08,315.11,0,0.040000000000020464,0.06734232281189634,1,1,0.7777777777777778,0.01108
569,2020-01-16 09:41:26,N,AAPL,315.08,2.0,315.11,2.0,-1.0,-1.0,2020-01-16 09:41:26.592773,315.05,315.07,-1,0.03000000000002956,0.06710974206157516,1,-1,0.0,0.01108
570,2020-01-16 09:41:27,N,AAPL,315.05,3.0,315.07,2.0,0.0,0.0,2020-01-16 09:41:27.004306,314.97,315.01,-1,0.01999999999998181,0.06635492996144876,1,-1,0.2,0.01108
571,2020-01-16 09:41:28,N,AAPL,314.97,1.0,315.01,1.0,-2.0,-4.0,2020-01-16 09:41:28.157155,315.05,315.09,1,0.03999999999996362,0.06619721607944484,1,1,0.0,0.01108
572,2020-01-16 09:41:29,N,AAPL,315.05,3.0,315.09,1.0,1.0,0.0,2020-01-16 09:41:29.236069,315.07,315.1,0,0.03999999999996362,0.06529040404046782,1,1,0.5,0.01108
573,2020-01-16 09:41:30,N,AAPL,315.07,3.0,315.1,1.0,0.0,-1.0,2020-01-16 09:41:30.676126,315.08,315.11,0,0.03000000000002956,0.06433683685992264,1,-1,0.5,0.01108
574,2020-01-16 09:41:31,N,AAPL,315.08,1.0,315.11,2.0,-4.0,0.0,2020-01-16 09:41:31.157570,315.08,315.11,0,0.03000000000002956,0.06459900154112574,1,1,-0.3333333333333333,0.01108
575,2020-01-16 09:41:32,N,AAPL,315.08,1.0,315.11,1.0,-2.0,-3.0,2020-01-16 09:41:32.392525,315.08,315.11,0,0.03000000000002956,0.06454462091386404,1,1,0.0,0.01108
576,2020-01-16 09:41:33,N,AAPL,315.08,2.0,315.11,4.0,1.0,3.0,2020-01-16 09:41:33.123025,315.06,315.09,0,0.03000000000002956,0.06526603702144484,1,1,-0.3333333333333333,0.01108
577,2020-01-16 09:41:34,N,AAPL,315.06,1.0,315.09,4.0,-1.0,3.0,2020-01-16 09:41:34.224010,315.07,315.09,0,0.029999999999972715,0.06620305583135178,1,-1,-0.6,0.01108
578,2020-01-16 09:41:35,N,AAPL,315.07,2.0,315.09,1.0,1.0,-1.0,2020-01-16 09:41:35.266377,315.05,315.08,0,0.01999999999998181,0.06547322712918913,1,-1,0.3333333333333333,0.01108
579,2020-01-16 09:41:37,N,AAPL,315.05,3.0,315.08,4.0,2.0,3.0,2020-01-16 09:41:37.107460,314.98,315.0,-1,0.029999999999972715,0.06545292696029037,1,1,-0.14285714285714285,0.01108
580,2020-01-16 09:41:38,N,AAPL,314.98,1.0,315.0,1.0,0.0,0.0,2020-01-16 09:41:38.342493,314.91,314.95,-1,0.01999999999998181,0.06532234521841929,1,-1,0.0,0.01108
581,2020-01-16 09:41:39,N,AAPL,314.91,2.0,314.95,1.0,1.0,-1.0,2020-01-16 09:41:39.306233,314.91,314.95,0,0.03999999999996362,0.06509331788566897,1,1,0.3333333333333333,0.01108
582,2020-01-16 09:41:40,N,AAPL,314.91,4.0,314.95,1.0,3.0,0.0,2020-01-16 09:41:40.853572,314.92,314.95,0,0.03999999999996362,0.06437579935493432,1,1,0.6,0.01108
583,2020-01-16 09:41:41,N,AAPL,314.92,1.0,314.95,3.0,-1.0,1.0,2020-01-16 09:41:41.243494,314.94,314.98,0,0.029999999999972715,0.06490119293670205,1,-1,-0.5,0.01108
584,2020-01-16 09:41:42,N,AAPL,314.94,1.0,314.98,1.0,0.0,0.0,2020-01-16 09:41:42.601402,314.95,314.98,0,0.040000000000020464,0.06498802162570883,1,1,0.0,0.01108
585,2020-01-16 09:41:43,N,AAPL,314.95,3.0,314.98,1.0,2.0,0.0,2020-01-16 09:41:43.266071,314.97,315.01,0,0.03000000000002956,0.06435063085058346,1,-1,0.5,0.01108
586,2020-01-16 09:41:44,N,AAPL,314.97,2.0,315.01,2.0,-1.0,1.0,2020-01-16 09:41:44.809772,314.97,315.01,0,0.03999999999996362,0.06343763760531829,1,1,0.0,0.01108
587,2020-01-16 09:41:45,N,AAPL,314.97,2.0,315.01,1.0,0.0,0.0,2020-01-16 09:41:45.170000,314.96,314.97,0,0.03999999999996362,0.06302208127783615,1,1,0.3333333333333333,0.01108
588,2020-01-16 09:41:46,N,AAPL,314.96,1.0,314.97,4.0,0.0,3.0,2020-01-16 09:41:46.242765,314.88,314.91,-1,0.010000000000047748,0.06389006342487846,1,-1,-0.6,0.01108
589,2020-01-16 09:41:47,N,AAPL,314.88,2.0,314.91,2.0,1.0,1.0,2020-01-16 09:41:47.055392,314.88,314.9,0,0.03000000000002956,0.06391842008116555,1,1,0.0,0.01108
590,2020-01-16 09:41:48,N,AAPL,314.88,4.0,314.9,1.0,3.0,-3.0,2020-01-16 09:41:48.460347,314.85,314.87,-1,0.01999999999998181,0.06294549446357678,1,-1,0.6,0.01108
