,last_interval,Exchange,Symbol,Best_Bid_Price,FB0,Best_Offer_Price,FA0,FB2,FA2,p_time,Next_Best_Bid,Next_Best_Offer,outcome,Spread,AWS,Anomaly,Spread Change,Quote IMB,VPIN
0,2020-01-07 09:30:00,N,AAPL,299.67,1.0,299.78,9.0,0.0,0.0,2020-01-07 09:30:00.965151,300.08,300.21,1,0.1099999999999568,0.1099999999999568,0,0,-0.8,0.00064
1,2020-01-07 09:30:12,N,AAPL,300.08,6.0,300.21,11.0,5.0,2.0,2020-01-07 09:30:12.119965,299.91,299.99,-1,0.12999999999999545,-0.004928571428592932,0,1,-0.29411764705882354,0.00064
2,2020-01-07 09:30:18,N,AAPL,299.91,3.0,299.99,10.0,-3.0,-1.0,2020-01-07 09:30:18.391086,299.92,299.97,0,0.07999999999998408,0.01966666666663741,0,-1,-0.5384615384615384,0.00064
3,2020-01-07 09:30:21,N,AAPL,299.92,1.0,299.97,2.0,-2.0,-5.0,2020-01-07 09:30:21.086379,299.97,300.03,0,0.05000000000001137,0.02349431818180392,0,-1,-0.3333333333333333,0.00064
4,2020-01-07 09:30:22,N,AAPL,299.97,3.0,300.03,3.0,2.0,2.0,2020-01-07 09:30:22.280609,299.91,300.0,0,0.05999999999994543,0.028142857142881894,0,1,0.0,0.00064
5,2020-01-07 09:30:23,N,AAPL,299.91,4.0,300.0,2.0,0.0,0.0,2020-01-07 09:30:23.125002,299.9,299.92,0,0.08999999999997499,0.04313813813814704,0,1,0.3333333333333333,0.00064
6,2020-01-07 09:30:24,N,AAPL,299.9,5.0,299.92,12.0,2.0,10.0,2020-01-07 09:30:24.325216,299.9,299.96,0,0.020000000000038654,0.035714285714277594,0,-1,-0.4117647058823529,0.00064
7,2020-01-07 09:30:25,N,AAPL,299.9,3.0,299.96,4.0,0.0,2.0,2020-01-07 09:30:25.004144,299.84,299.87,-1,0.060000000000002274,0.03954281567484941,0,1,-0.14285714285714285,0.00064
8,2020-01-07 09:30:26,N,AAPL,299.84,2.0,299.87,1.0,0.0,-1.0,2020-01-07 09:30:26.000283,299.81,299.87,0,0.03000000000002956,0.04488095238099277,0,-1,0.3333333333333333,0.00064
9,2020-01-07 09:30:27,N,AAPL,299.81,4.0,299.87,1.0,-16.0,-1.0,2020-01-07 09:30:27.013977,299.74,299.78,-1,0.060000000000002274,0.05869886363637988,1,1,0.6,0.00064
10,2020-01-07 09:30:28,N,AAPL,299.74,2.0,299.78,1.0,1.0,-2.0,2020-01-07 09:30:28.007263,299.73,299.77,0,0.03999999999996362,0.06577731092437489,1,-1,0.3333333333333333,0.00064
11,2020-01-07 09:30:29,N,AAPL,299.73,2.0,299.77,3.0,-2.0,-2.0,2020-01-07 09:30:29.126352,299.72,299.8,0,0.03999999999996362,0.06531544256125699,1,1,-0.2,0.00064
12,2020-01-07 09:30:30,N,AAPL,299.72,2.0,299.8,8.0,0.0,6.0,2020-01-07 09:30:30.033479,299.54,299.6,-1,0.07999999999998408,0.05503142183823684,0,1,-0.6,0.00064
13,2020-01-07 09:30:31,N,AAPL,299.54,2.0,299.6,2.0,-2.0,0.0,2020-01-07 09:30:31.139252,299.52,299.58,0,0.060000000000002274,0.06254710144935416,1,-1,0.0,0.00064
14,2020-01-07 09:30:32,N,AAPL,299.52,2.0,299.58,1.0,0.0,-1.0,2020-01-07 09:30:32.664229,299.56,299.63,0,0.060000000000002274,0.07428571428579289,1,1,0.3333333333333333,0.00064
15,2020-01-07 09:30:33,N,AAPL,299.56,2.0,299.63,2.0,0.0,-1.0,2020-01-07 09:30:33.560250,299.56,299.63,0,0.06999999999999318,0.0794065656565408,1,1,0.0,0.00064
16,2020-01-07 09:30:34,N,AAPL,299.56,2.0,299.63,3.0,0.0,-1.0,2020-01-07 09:30:34.019218,299.63,299.71,0,0.06999999999999318,0.08001449275360528,1,1,-0.2,0.00064
17,2020-01-07 09:30:35,N,AAPL,299.63,1.0,299.71,6.0,0.0,0.0,2020-01-07 09:30:35.217438,299.64,299.73,0,0.07999999999998408,0.06941949041237194,1,1,-0.7142857142857143,0.00064
18,2020-01-07 09:30:36,N,AAPL,299.64,1.0,299.73,1.0,-4.0,-1.0,2020-01-07 09:30:36.153405,299.63,299.73,0,0.09000000000003183,0.07128048780487006,1,1,0.0,0.00064
19,2020-01-07 09:30:37,N,AAPL,299.63,6.0,299.73,5.0,0.0,-3.0,2020-01-07 09:30:37.160681,299.63,299.73,0,0.10000000000002274,0.08325670498078352,1,1,0.09090909090909091,0.00064
20,2020-01-07 09:30:38,N,AAPL,299.63,6.0,299.73,9.0,0.0,8.0,2020-01-07 09:30:38.231164,299.67,299.72,0,0.10000000000002274,0.08589583333332484,1,1,-0.2,0.00064
21,2020-01-07 09:30:39,N,AAPL,299.67,1.0,299.72,4.0,0.0,3.0,2020-01-07 09:30:39.388549,299.71,299.75,0,0.05000000000001137,0.08176885245904941,1,-1,-0.6,0.00064
22,2020-01-07 09:30:40,N,AAPL,299.71,2.0,299.75,3.0,1.0,2.0,2020-01-07 09:30:40.003458,299.72,299.78,0,0.040000000000020464,0.08074125443056346,1,-1,-0.2,0.00064
23,2020-01-07 09:30:41,N,AAPL,299.72,2.0,299.78,2.0,0.0,0.0,2020-01-07 09:30:41.573617,299.67,299.72,0,0.05999999999994543,0.08104761904763791,1,1,0.0,0.00064
24,2020-01-07 09:30:42,N,AAPL,299.67,1.0,299.72,2.0,-1.0,0.0,2020-01-07 09:30:42.029577,299.64,299.71,0,0.05000000000001137,0.08008496176728386,1,-1,-0.3333333333333333,0.00064
25,2020-01-07 09:30:43,N,AAPL,299.64,12.0,299.71,2.0,9.0,1.0,2020-01-07 09:30:43.125031,299.63,299.67,0,0.06999999999999318,0.09837685250533923,1,1,0.7142857142857143,0.00064
26,2020-01-07 09:30:44,N,AAPL,299.63,1.0,299.67,2.0,-11.0,1.0,2020-01-07 09:30:44.036436,299.63,299.7,0,0.040000000000020464,0.09665298209603179,1,-1,-0.3333333333333333,0.00064
27,2020-01-07 09:30:45,N,AAPL,299.63,1.0,299.7,5.0,0.0,4.0,2020-01-07 09:30:45.005170,299.63,299.72,0,0.06999999999999318,0.09171551724136862,1,1,-0.6666666666666666,0.00064
28,2020-01-07 09:30:46,N,AAPL,299.63,1.0,299.72,4.0,0.0,2.0,2020-01-07 09:30:46.305873,299.63,299.71,0,0.09000000000003183,0.08909259259257851,1,1,-0.6,0.00064
29,2020-01-07 09:30:47,N,AAPL,299.63,1.0,299.71,4.0,0.0,3.0,2020-01-07 09:30:47.075698,299.63,299.7,0,0.07999999999998408,0.08637686860731719,1,-1,-0.6,0.00064
30,2020-01-07 09:30:48,N,AAPL,299.63,1.0,299.7,2.0,0.0,1.0,2020-01-07 09:30:48.094637,299.63,299.66,0,0.06999999999999318,0.08566073819076792,1,-1,-0.3333333333333333,0.00064
31,2020-01-07 09:30:49,N,AAPL,299.63,1.0,299.66,1.0,0.0,-3.0,2020-01-07 09:30:49.205769,299.55,299.6,-1,0.03000000000002956,0.08569741282337873,1,-1,0.0,0.00064
32,2020-01-07 09:30:51,N,AAPL,299.55,1.0,299.6,2.0,0.0,-2.0,2020-01-07 09:30:51.028023,299.58,299.66,0,0.05000000000001137,0.08440948472411947,1,1,-0.3333333333333333,0.00064
33,2020-01-07 09:30:52,N,AAPL,299.58,3.0,299.66,2.0,2.0,0.0,2020-01-07 09:30:52.917441,299.58,299.65,0,0.08000000000004093,0.08743147120048889,1,1,0.2,0.00064
34,2020-01-07 09:30:53,N,AAPL,299.58,3.0,299.65,4.0,0.0,2.0,2020-01-07 09:30:53.095742,299.54,299.56,-1,0.06999999999999318,0.08744403744395868,1,-1,-0.14285714285714285,0.00076
35,2020-01-07 09:30:55,N,AAPL,299.54,1.0,299.56,2.0,0.0,0.0,2020-01-07 09:30:55.159872,299.54,299.61,0,0.01999999999998181,0.0857386543954135,1,-1,-0.3333333333333333,0.00076
36,2020-01-07 09:30:56,N,AAPL,299.54,1.0,299.61,2.0,-1.0,0.0,2020-01-07 09:30:56.691113,299.66,299.7,1,0.06999999999999318,0.08481704958603586,1,1,-0.3333333333333333,0.00076
37,2020-01-07 09:30:57,N,AAPL,299.66,2.0,299.7,1.0,1.0,0.0,2020-01-07 09:30:57.000686,299.7,299.73,0,0.03999999999996362,0.08545864661647329,1,-1,0.3333333333333333,0.00076
38,2020-01-07 09:30:58,N,AAPL,299.7,2.0,299.73,2.0,0.0,0.0,2020-01-07 09:30:58.579616,299.77,299.84,1,0.03000000000002956,0.08485842892395112,1,-1,0.0,0.00076
39,2020-01-07 09:31:00,N,AAPL,299.77,1.0,299.84,2.0,-1.0,1.0,2020-01-07 09:31:00.026382,299.86,299.89,1,0.06999999999999318,0.08481009070288792,1,1,-0.3333333333333333,0.00076
40,2020-01-07 09:31:01,N,AAPL,299.86,2.0,299.89,4.0,0.0,3.0,2020-01-07 09:31:01.078870,299.98,300.03,1,0.029999999999972715,0.08425945945936064,1,-1,-0.3333333333333333,0.00076
41,2020-01-07 09:31:02,N,AAPL,299.98,1.0,300.03,1.0,-1.0,-3.0,2020-01-07 09:31:02.906605,299.95,300.01,0,0.049999999999954525,0.083232772941642,1,1,0.0,0.00076
42,2020-01-07 09:31:03,N,AAPL,299.95,2.0,300.01,2.0,0.0,1.0,2020-01-07 09:31:03.305753,299.96,300.02,0,0.060000000000002274,0.0815836173084108,1,1,0.0,0.00076
43,2020-01-07 09:31:04,N,AAPL,299.96,2.0,300.02,2.0,0.0,-3.0,2020-01-07 09:31:04.343713,299.96,300.0,0,0.060000000000002274,0.07996825396816121,1,1,0.0,0.00076
44,2020-01-07 09:31:05,N,AAPL,299.96,1.0,300.0,2.0,-1.0,1.0,2020-01-07 09:31:05.150837,299.91,299.95,-1,0.040000000000020464,0.08021180766877478,1,-1,-0.3333333333333333,0.00076
45,2020-01-07 09:31:06,N,AAPL,299.91,1.0,299.95,1.0,-1.0,-2.0,2020-01-07 09:31:06.093826,299.91,299.96,0,0.03999999999996362,0.07946441409040972,1,-1,0.0,0.00076
46,2020-01-07 09:31:07,N,AAPL,299.91,2.0,299.96,1.0,1.0,-2.0,2020-01-07 09:31:07.149488,300.07,300.11,1,0.049999999999954525,0.07729737626351607,0,1,0.3333333333333333,0.00076
47,2020-01-07 09:31:08,N,AAPL,300.07,3.0,300.11,1.0,1.0,-1.0,2020-01-07 09:31:08.331401,300.11,300.17,0,0.040000000000020464,0.07047016274867701,0,-1,0.5,0.00076
48,2020-01-07 09:31:09,N,AAPL,300.11,2.0,300.17,4.0,1.0,0.0,2020-01-07 09:31:09.426370,300.05,300.1,-1,0.060000000000002274,0.07273879142297801,0,1,-0.3333333333333333,0.00076
49,2020-01-07 09:31:10,N,AAPL,300.05,2.0,300.1,4.0,-1.0,3.0,2020-01-07 09:31:10.194853,300.03,300.07,0,0.05000000000001137,0.07416078105524093,0,-1,-0.3333333333333333,0.00076
50,2020-01-07 09:31:11,N,AAPL,300.03,23.0,300.07,1.0,0.0,-1.0,2020-01-07 09:31:11.176260,299.97,300.03,0,0.040000000000020464,0.032106578210516545,1,-1,0.9166666666666666,0.00076
51,2020-01-07 09:31:12,N,AAPL,299.97,1.0,300.03,2.0,0.0,0.0,2020-01-07 09:31:12.033082,299.95,300.01,0,0.05999999999994543,0.03318258664410223,1,1,-0.3333333333333333,0.00076
52,2020-01-07 09:31:13,N,AAPL,299.95,3.0,300.01,2.0,2.0,0.0,2020-01-07 09:31:13.744430,299.97,300.02,0,0.060000000000002274,0.03221649695325368,1,1,0.2,0.00076
53,2020-01-07 09:31:14,N,AAPL,299.97,2.0,300.02,4.0,1.0,1.0,2020-01-07 09:31:14.083171,300.0,300.06,0,0.049999999999954525,0.03402758620688928,1,-1,-0.3333333333333333,0.00076
54,2020-01-07 09:31:15,N,AAPL,300.0,1.0,300.06,1.0,-1.0,-2.0,2020-01-07 09:31:15.520085,300.0,300.07,0,0.060000000000002274,0.03396170610204763,1,1,0.0,0.00076
55,2020-01-07 09:31:16,N,AAPL,300.0,7.0,300.07,7.0,5.0,3.0,2020-01-07 09:31:16.032014,300.0,300.07,0,0.06999999999999318,0.03397835636980062,1,1,0.0,0.00076
56,2020-01-07 09:31:17,N,AAPL,300.0,2.0,300.07,2.0,-5.0,1.0,2020-01-07 09:31:17.153967,299.97,300.03,0,0.06999999999999318,0.03400523103744035,1,1,0.0,0.00076
57,2020-01-07 09:31:18,N,AAPL,299.97,2.0,300.03,2.0,0.0,0.0,2020-01-07 09:31:18.191544,299.94,300.02,0,0.05999999999994543,0.03399502707850388,1,-1,0.0,0.00076
58,2020-01-07 09:31:19,N,AAPL,299.94,1.0,300.02,2.0,-1.0,0.0,2020-01-07 09:31:19.185688,300.02,300.07,0,0.07999999999998408,0.034946420199503336,1,1,-0.3333333333333333,0.00076
59,2020-01-07 09:31:20,N,AAPL,300.02,2.0,300.07,2.0,1.0,0.0,2020-01-07 09:31:20.017003,299.97,300.02,0,0.05000000000001137,0.03472153141348144,1,-1,0.0,0.00076
60,2020-01-07 09:31:21,N,AAPL,299.97,1.0,300.02,4.0,-3.0,0.0,2020-01-07 09:31:21.061798,300.0,300.04,0,0.049999999999954525,0.03698264054776246,1,-1,-0.6,0.00076
61,2020-01-07 09:31:22,N,AAPL,300.0,2.0,300.04,2.0,-1.0,-8.0,2020-01-07 09:31:22.510076,299.94,300.0,0,0.040000000000020464,0.03666313724261272,1,-1,0.0,0.00076
62,2020-01-07 09:31:23,N,AAPL,299.94,1.0,300.0,1.0,0.0,-1.0,2020-01-07 09:31:23.027320,300.0,300.03,0,0.060000000000002274,0.03667282581903919,1,1,0.0,0.00076
63,2020-01-07 09:31:24,N,AAPL,300.0,2.0,300.03,2.0,1.0,1.0,2020-01-07 09:31:24.190124,299.98,300.03,0,0.029999999999972715,0.03627289156622737,1,-1,0.0,0.00076
64,2020-01-07 09:31:25,N,AAPL,299.98,2.0,300.03,2.0,1.0,-2.0,2020-01-07 09:31:25.368038,299.85,299.89,-1,0.049999999999954525,0.03612682696837055,1,1,0.0,0.00076
65,2020-01-07 09:31:26,N,AAPL,299.85,1.0,299.89,2.0,-1.0,0.0,2020-01-07 09:31:26.357195,299.8,299.83,-1,0.03999999999996362,0.03619996519319102,1,-1,-0.3333333333333333,0.00076
66,2020-01-07 09:31:27,N,AAPL,299.8,1.0,299.83,2.0,-1.0,0.0,2020-01-07 09:31:27.359132,299.85,299.91,1,0.029999999999972715,0.03598286693318187,1,-1,-0.3333333333333333,0.00076
67,2020-01-07 09:31:28,N,AAPL,299.85,1.0,299.91,1.0,-1.0,-1.0,2020-01-07 09:31:28.019666,299.7,299.74,-1,0.060000000000002274,0.03608949911011905,1,1,0.0,0.00076
68,2020-01-07 09:31:29,N,AAPL,299.7,1.0,299.74,2.0,-10.0,0.0,2020-01-07 09:31:29.109361,299.72,299.76,0,0.040000000000020464,0.03559808612448023,1,-1,-0.3333333333333333,0.00076
69,2020-01-07 09:31:30,N,AAPL,299.72,2.0,299.76,1.0,1.0,-1.0,2020-01-07 09:31:30.226891,299.79,299.85,1,0.03999999999996362,0.036426929392519014,1,-1,0.3333333333333333,0.00076
70,2020-01-07 09:31:32,N,AAPL,299.79,3.0,299.85,2.0,1.0,0.0,2020-01-07 09:31:32.033592,299.8,299.83,0,0.060000000000002274,0.03701471058525385,1,1,0.2,0.00076
71,2020-01-07 09:31:33,N,AAPL,299.8,1.0,299.83,4.0,-1.0,2.0,2020-01-07 09:31:33.237837,299.77,299.87,0,0.029999999999972715,0.03639721181855293,1,-1,-0.6,0.00076
72,2020-01-07 09:31:34,N,AAPL,299.77,2.0,299.87,4.0,0.0,1.0,2020-01-07 09:31:34.130440,299.79,299.87,0,0.10000000000002274,0.03707575757579207,1,1,-0.3333333333333333,0.00076
73,2020-01-07 09:31:35,N,AAPL,299.79,3.0,299.87,2.0,0.0,-2.0,2020-01-07 09:31:35.075614,299.81,299.85,0,0.07999999999998408,0.03780830010339287,1,-1,0.2,0.00076
74,2020-01-07 09:31:36,N,AAPL,299.81,1.0,299.85,2.0,-3.0,1.0,2020-01-07 09:31:36.708460,299.82,299.87,0,0.040000000000020464,0.037736801242260753,1,-1,-0.3333333333333333,0.00076
75,2020-01-07 09:31:37,N,AAPL,299.82,2.0,299.87,1.0,1.0,0.0,2020-01-07 09:31:37.255307,299.83,299.88,0,0.05000000000001137,0.03789175627241548,1,1,0.3333333333333333,0.00076
76,2020-01-07 09:31:38,N,AAPL,299.83,2.0,299.88,1.0,0.0,-1.0,2020-01-07 09:31:38.880520,299.83,299.88,0,0.05000000000001137,0.037981077009987985,1,1,0.3333333333333333,0.00076
77,2020-01-07 09:31:39,N,AAPL,299.83,3.0,299.88,1.0,2.0,0.0,2020-01-07 09:31:39.035237,299.86,299.91,0,0.05000000000001137,0.038098346287824825,1,1,0.5,0.00076
78,2020-01-07 09:31:40,N,AAPL,299.86,1.0,299.91,2.0,0.0,0.0,2020-01-07 09:31:40.134408,299.86,299.88,0,0.05000000000001137,0.03828830058233734,1,1,-0.3333333333333333,0.00076
79,2020-01-07 09:31:42,N,AAPL,299.86,1.0,299.88,4.0,0.0,2.0,2020-01-07 09:31:42.042873,299.93,299.96,1,0.01999999999998181,0.03826524939410092,1,-1,-0.6,0.00076
80,2020-01-07 09:31:44,N,AAPL,299.93,2.0,299.96,1.0,0.0,-2.0,2020-01-07 09:31:44.136046,299.96,300.03,0,0.029999999999972715,0.03766666666672336,1,1,0.3333333333333333,0.00076
81,2020-01-07 09:31:45,N,AAPL,299.96,6.0,300.03,2.0,4.0,1.0,2020-01-07 09:31:45.031465,300.02,300.1,0,0.06999999999999318,0.035307572307999635,1,1,0.5,0.00076
82,2020-01-07 09:31:46,N,AAPL,300.02,1.0,300.1,5.0,-1.0,0.0,2020-01-07 09:31:46.226354,300.01,300.09,0,0.08000000000004093,0.039070292921451255,1,1,-0.6666666666666666,0.00079
83,2020-01-07 09:31:47,N,AAPL,300.01,4.0,300.09,1.0,2.0,-3.0,2020-01-07 09:31:47.030785,300.05,300.09,0,0.07999999999998408,0.036662119874847576,1,-1,0.6,0.00079
84,2020-01-07 09:31:48,N,AAPL,300.05,2.0,300.09,1.0,0.0,0.0,2020-01-07 09:31:48.033784,300.01,300.07,0,0.03999999999996362,0.03554645457427341,1,-1,0.3333333333333333,0.00079
85,2020-01-07 09:31:49,N,AAPL,300.01,2.0,300.07,2.0,0.0,0.0,2020-01-07 09:31:49.219899,300.02,300.05,0,0.060000000000002274,0.035523809523851924,1,1,0.0,0.00079
86,2020-01-07 09:31:50,N,AAPL,300.02,1.0,300.05,1.0,-3.0,-25.0,2020-01-07 09:31:50.155462,300.02,300.08,0,0.03000000000002956,0.03538550456602252,1,-1,0.0,0.00079
87,2020-01-07 09:31:51,N,AAPL,300.02,3.0,300.08,1.0,1.0,-2.0,2020-01-07 09:31:51.238981,300.05,300.1,0,0.060000000000002274,0.03378031707603668,1,1,0.5,0.00079
88,2020-01-07 09:31:52,N,AAPL,300.05,2.0,300.1,3.0,-1.0,2.0,2020-01-07 09:31:52.065742,300.08,300.14,0,0.05000000000001137,0.03451925925935484,1,-1,-0.2,0.00079
89,2020-01-07 09:31:53,N,AAPL,300.08,1.0,300.14,1.0,-1.0,0.0,2020-01-07 09:31:53.093833,300.13,300.2,0,0.060000000000002274,0.03447922595341879,1,1,0.0,0.00079
90,2020-01-07 09:31:54,N,AAPL,300.13,6.0,300.2,6.0,2.0,4.0,2020-01-07 09:31:54.155185,300.13,300.16,0,0.06999999999999318,0.034327092530304526,1,1,0.0,0.00079
91,2020-01-07 09:31:55,N,AAPL,300.13,4.0,300.16,1.0,-2.0,-5.0,2020-01-07 09:31:55.039852,300.1,300.14,0,0.03000000000002956,0.030622545504286336,1,-1,0.6,0.00079
92,2020-01-07 09:31:56,N,AAPL,300.1,2.0,300.14,2.0,1.0,-2.0,2020-01-07 09:31:56.001479,300.05,300.13,0,0.03999999999996362,0.03045146120263098,1,1,0.0,0.00079
93,2020-01-07 09:31:57,N,AAPL,300.05,2.0,300.13,2.0,0.0,-3.0,2020-01-07 09:31:57.095081,300.07,300.14,0,0.07999999999998408,0.03064373285747024,1,1,0.0,0.00079
94,2020-01-07 09:31:58,N,AAPL,300.07,2.0,300.14,2.0,1.0,1.0,2020-01-07 09:31:58.217329,300.12,300.18,0,0.06999999999999318,0.030740343347645194,1,-1,0.0,0.00079
95,2020-01-07 09:31:59,N,AAPL,300.12,1.0,300.18,4.0,0.0,0.0,2020-01-07 09:31:59.065902,300.08,300.15,0,0.060000000000002274,0.033821278224309026,1,-1,-0.6,0.00079
96,2020-01-07 09:32:00,N,AAPL,300.08,5.0,300.15,3.0,0.0,-1.0,2020-01-07 09:32:00.014255,300.05,300.09,0,0.06999999999999318,0.0321809816425116,1,1,0.25,0.00079
97,2020-01-07 09:32:01,N,AAPL,300.05,1.0,300.09,2.0,-1.0,0.0,2020-01-07 09:32:01.881077,300.1,300.15,1,0.03999999999996362,0.03278434065930469,1,-1,-0.3333333333333333,0.00079
98,2020-01-07 09:32:02,N,AAPL,300.1,2.0,300.15,2.0,1.0,-1.0,2020-01-07 09:32:02.412595,300.1,300.13,0,0.049999999999954525,0.03268925619835272,1,1,0.0,0.00079
99,2020-01-07 09:32:03,N,AAPL,300.1,1.0,300.13,2.0,0.0,1.0,2020-01-07 09:32:03.006415,300.05,300.1,0,0.029999999999972715,0.03335383518293611,1,-1,-0.3333333333333333,0.00079
100,2020-01-07 09:32:04,N,AAPL,300.05,1.0,300.1,1.0,-1.0,0.0,2020-01-07 09:32:04.472839,300.05,300.11,0,0.05000000000001137,0.03332881235996865,1,1,0.0,0.00079
101,2020-01-07 09:32:05,N,AAPL,300.05,3.0,300.11,2.0,2.0,1.0,2020-01-07 09:32:05.102533,299.98,300.05,0,0.060000000000002274,0.03267539039910616,1,1,0.2,0.00079
102,2020-01-07 09:32:06,N,AAPL,299.98,2.0,300.05,2.0,1.0,1.0,2020-01-07 09:32:06.013804,299.98,300.04,0,0.06999999999999318,0.03284926941807953,1,1,0.0,0.00079
103,2020-01-07 09:32:07,N,AAPL,299.98,3.0,300.04,1.0,0.0,-1.0,2020-01-07 09:32:07.021113,299.92,299.96,-1,0.060000000000002274,0.032142716921839565,1,-1,0.5,0.00079
104,2020-01-07 09:32:08,N,AAPL,299.92,1.0,299.96,2.0,-2.0,1.0,2020-01-07 09:32:08.001521,299.91,299.96,0,0.03999999999996362,0.032304278482740756,1,-1,-0.3333333333333333,0.00079
105,2020-01-07 09:32:09,N,AAPL,299.91,1.0,299.96,1.0,-1.0,0.0,2020-01-07 09:32:09.132968,299.88,299.93,0,0.049999999999954525,0.032355321843510865,1,1,0.0,0.00079
106,2020-01-07 09:32:10,N,AAPL,299.88,2.0,299.93,1.0,1.0,0.0,2020-01-07 09:32:10.000838,299.83,299.89,0,0.05000000000001137,0.03244065766551785,1,1,0.3333333333333333,0.00079
107,2020-01-07 09:32:11,N,AAPL,299.83,2.0,299.89,3.0,1.0,-1.0,2020-01-07 09:32:11.007529,299.83,299.88,0,0.060000000000002274,0.032581929965203926,1,1,-0.2,0.00079
108,2020-01-07 09:32:12,N,AAPL,299.83,2.0,299.88,4.0,0.0,3.0,2020-01-07 09:32:12.339581,299.85,299.91,0,0.05000000000001137,0.03249345892203337,1,-1,-0.3333333333333333,0.00079
109,2020-01-07 09:32:13,N,AAPL,299.85,3.0,299.91,1.0,1.0,0.0,2020-01-07 09:32:13.187661,299.88,299.93,0,0.060000000000002274,0.032864213443303925,1,1,0.5,0.00079
110,2020-01-07 09:32:14,N,AAPL,299.88,4.0,299.93,2.0,3.0,1.0,2020-01-07 09:32:14.147928,299.96,300.02,1,0.05000000000001137,0.03301441380091319,1,-1,0.3333333333333333,0.00079
111,2020-01-07 09:32:15,N,AAPL,299.96,1.0,300.02,3.0,0.0,2.0,2020-01-07 09:32:15.030941,300.02,300.08,0,0.060000000000002274,0.03375970149255636,1,1,-0.5,0.00079
112,2020-01-07 09:32:16,N,AAPL,300.02,1.0,300.08,2.0,-1.0,1.0,2020-01-07 09:32:16.170185,300.05,300.1,0,0.060000000000002274,0.03432728526064466,1,1,-0.3333333333333333,0.00079
113,2020-01-07 09:32:17,N,AAPL,300.05,2.0,300.1,2.0,-2.0,0.0,2020-01-07 09:32:17.327350,300.06,300.1,0,0.05000000000001137,0.03429816469218849,1,-1,0.0,0.00079
114,2020-01-07 09:32:19,N,AAPL,300.06,1.0,300.1,5.0,-1.0,3.0,2020-01-07 09:32:19.052733,299.99,300.04,-1,0.040000000000020464,0.03656422520464275,1,-1,-0.6666666666666666,0.00079
115,2020-01-07 09:32:20,N,AAPL,299.99,4.0,300.04,1.0,2.0,-3.0,2020-01-07 09:32:20.032706,299.98,300.05,0,0.05000000000001137,0.03544483403453569,1,1,0.6,0.00079
116,2020-01-07 09:32:21,N,AAPL,299.98,1.0,300.05,2.0,-1.0,0.0,2020-01-07 09:32:21.028163,299.91,299.96,-1,0.06999999999999318,0.03592312320648716,1,1,-0.3333333333333333,0.00079
117,2020-01-07 09:32:22,N,AAPL,299.91,4.0,299.96,2.0,1.0,0.0,2020-01-07 09:32:22.074821,299.94,299.99,0,0.049999999999954525,0.03584468572205424,1,-1,0.3333333333333333,0.00079
118,2020-01-07 09:32:23,N,AAPL,299.94,1.0,299.99,4.0,0.0,2.0,2020-01-07 09:32:23.110596,299.98,300.02,0,0.05000000000001137,0.03648400909941074,1,1,-0.6,0.00079
119,2020-01-07 09:32:25,N,AAPL,299.98,1.0,300.02,2.0,0.0,0.0,2020-01-07 09:32:25.258057,300.02,300.09,0,0.03999999999996362,0.03675287102475977,1,-1,-0.3333333333333333,0.00079
120,2020-01-07 09:32:26,N,AAPL,300.02,6.0,300.09,2.0,4.0,-2.0,2020-01-07 09:32:26.168448,300.14,300.18,1,0.06999999999999318,0.03505964022434682,1,1,0.5,0.00079
121,2020-01-07 09:32:29,N,AAPL,300.14,2.0,300.18,1.0,1.0,-1.0,2020-01-07 09:32:29.176639,300.14,300.18,0,0.040000000000020464,0.03413881884813463,1,-1,0.3333333333333333,0.00079
122,2020-01-07 09:32:30,N,AAPL,300.14,1.0,300.18,2.0,-1.0,1.0,2020-01-07 09:32:30.059778,300.15,300.19,0,0.040000000000020464,0.03484668071649821,1,1,-0.3333333333333333,0.00079
123,2020-01-07 09:32:31,N,AAPL,300.15,1.0,300.19,1.0,-1.0,-1.0,2020-01-07 09:32:31.463585,300.14,300.17,0,0.040000000000020464,0.03477428338118216,1,1,0.0,0.00079
124,2020-01-07 09:32:32,N,AAPL,300.14,2.0,300.17,4.0,1.0,3.0,2020-01-07 09:32:32.252585,300.15,300.2,0,0.03000000000002956,0.03602208525938977,1,-1,-0.3333333333333333,0.00079
125,2020-01-07 09:32:33,N,AAPL,300.15,1.0,300.2,4.0,-3.0,-11.0,2020-01-07 09:32:33.005657,300.1,300.18,0,0.05000000000001137,0.03836280142417081,1,1,-0.6,0.00079
126,2020-01-07 09:32:34,N,AAPL,300.1,1.0,300.18,1.0,0.0,-1.0,2020-01-07 09:32:34.049444,300.14,300.2,0,0.07999999999998408,0.03840997035018745,1,1,0.0,0.00079
127,2020-01-07 09:32:35,N,AAPL,300.14,2.0,300.2,1.0,1.0,-1.0,2020-01-07 09:32:35.132014,300.33,300.38,1,0.060000000000002274,0.037578535594832374,1,-1,0.3333333333333333,0.00079
128,2020-01-07 09:32:36,N,AAPL,300.33,2.0,300.38,4.0,0.0,3.0,2020-01-07 09:32:36.713511,300.33,300.39,0,0.05000000000001137,0.03992446746138967,1,-1,-0.3333333333333333,0.00079
129,2020-01-07 09:32:37,N,AAPL,300.33,2.0,300.39,2.0,0.0,0.0,2020-01-07 09:32:37.065204,300.27,300.33,0,0.060000000000002274,0.03972062995774195,1,1,0.0,0.00079
130,2020-01-07 09:32:38,N,AAPL,300.27,2.0,300.33,1.0,0.0,0.0,2020-01-07 09:32:38.067546,300.3,300.36,0,0.060000000000002274,0.038454236964128086,1,1,0.3333333333333333,0.00079
131,2020-01-07 09:32:39,N,AAPL,300.3,4.0,300.36,2.0,2.0,1.0,2020-01-07 09:32:39.121612,300.35,300.4,0,0.060000000000002274,0.035780216687783195,1,1,0.3333333333333333,0.00079
132,2020-01-07 09:32:40,N,AAPL,300.35,2.0,300.4,8.0,0.0,6.0,2020-01-07 09:32:40.003523,300.27,300.35,0,0.049999999999954525,0.04318783418199246,1,-1,-0.6,0.00079
133,2020-01-07 09:32:41,N,AAPL,300.27,4.0,300.35,2.0,1.0,1.0,2020-01-07 09:32:41.029042,300.26,300.29,0,0.08000000000004093,0.04089649005146612,1,1,0.3333333333333333,0.00091
134,2020-01-07 09:32:42,N,AAPL,300.26,1.0,300.29,2.0,0.0,1.0,2020-01-07 09:32:42.119618,300.23,300.29,0,0.03000000000002956,0.04166232315714069,1,-1,-0.3333333333333333,0.00091
135,2020-01-07 09:32:43,N,AAPL,300.23,2.0,300.29,2.0,0.0,1.0,2020-01-07 09:32:43.031849,300.26,300.29,0,0.060000000000002274,0.04154315796847641,1,1,0.0,0.00091
136,2020-01-07 09:32:44,N,AAPL,300.26,2.0,300.29,2.0,0.0,1.0,2020-01-07 09:32:44.091695,300.3,300.35,1,0.03000000000002956,0.04124056440446111,1,-1,0.0,0.00091
137,2020-01-07 09:32:45,N,AAPL,300.3,2.0,300.35,1.0,1.0,-2.0,2020-01-07 09:32:45.741077,300.3,300.35,0,0.05000000000001137,0.03997460622491644,1,1,0.3333333333333333,0.00091
138,2020-01-07 09:32:46,N,AAPL,300.3,2.0,300.35,2.0,0.0,1.0,2020-01-07 09:32:46.477218,300.34,300.36,0,0.05000000000001137,0.039777506444181654,1,1,0.0,0.00091
139,2020-01-07 09:32:47,N,AAPL,300.34,1.0,300.36,1.0,-1.0,-1.0,2020-01-07 09:32:47.191633,300.35,300.39,0,0.020000000000038654,0.039585247629077,1,-1,0.0,0.00091
140,2020-01-07 09:32:48,N,AAPL,300.35,2.0,300.39,1.0,0.0,-5.0,2020-01-07 09:32:48.049541,300.41,300.47,1,0.03999999999996362,0.03817115355690248,1,1,0.3333333333333333,0.00091
141,2020-01-07 09:32:49,N,AAPL,300.41,1.0,300.47,1.0,-3.0,0.0,2020-01-07 09:32:49.070688,300.36,300.41,0,0.060000000000002274,0.03807652688243479,1,1,0.0,0.00091
142,2020-01-07 09:32:50,N,AAPL,300.36,4.0,300.41,1.0,0.0,0.0,2020-01-07 09:32:50.291047,300.36,300.42,0,0.05000000000001137,0.03415073336827845,1,-1,0.6,0.00091
143,2020-01-07 09:32:51,N,AAPL,300.36,4.0,300.42,1.0,0.0,0.0,2020-01-07 09:32:51.144926,300.39,300.42,0,0.060000000000002274,0.030367305458753435,1,1,0.6,0.00091
144,2020-01-07 09:32:53,N,AAPL,300.39,1.0,300.42,2.0,-1.0,1.0,2020-01-07 09:32:53.656529,300.46,300.48,1,0.03000000000002956,0.031441608612567506,1,-1,-0.3333333333333333,0.00091
145,2020-01-07 09:32:54,N,AAPL,300.46,1.0,300.48,1.0,-1.0,0.0,2020-01-07 09:32:54.893455,300.48,300.49,0,0.020000000000038654,0.0312721893490675,1,-1,0.0,0.00091
146,2020-01-07 09:32:55,N,AAPL,300.48,17.0,300.49,2.0,14.0,1.0,2020-01-07 09:32:55.359089,300.49,300.54,0,0.009999999999990905,0.008558258642722194,1,-1,0.7894736842105263,0.00091
147,2020-01-07 09:32:56,N,AAPL,300.49,2.0,300.54,1.0,-2.0,-3.0,2020-01-07 09:32:56.352761,300.48,300.51,0,0.05000000000001137,0.0071545098038541255,1,1,0.3333333333333333,0.00091
148,2020-01-07 09:32:58,N,AAPL,300.48,2.0,300.51,1.0,0.0,-1.0,2020-01-07 09:32:58.636942,300.4,300.46,-1,0.029999999999972715,0.005750977893569598,1,-1,0.3333333333333333,0.00091
149,2020-01-07 09:32:59,N,AAPL,300.4,5.0,300.46,1.0,3.0,0.0,2020-01-07 09:32:59.255587,300.37,300.42,0,0.060000000000002274,0.0012381583932778994,1,1,0.6666666666666666,0.00091
150,2020-01-07 09:33:00,N,AAPL,300.37,1.0,300.42,2.0,0.0,0.0,2020-01-07 09:33:00.570622,300.41,300.43,0,0.05000000000001137,0.002470741316301428,1,-1,-0.3333333333333333,0.00091
151,2020-01-07 09:33:01,N,AAPL,300.41,2.0,300.43,8.0,1.0,6.0,2020-01-07 09:33:01.499618,300.45,300.5,1,0.01999999999998181,0.009276908236984127,1,-1,-0.6,0.00091
152,2020-01-07 09:33:02,N,AAPL,300.45,1.0,300.5,2.0,0.0,-8.0,2020-01-07 09:33:02.104414,300.47,300.52,0,0.05000000000001137,0.010603763831397828,1,1,-0.3333333333333333,0.00091
153,2020-01-07 09:33:03,N,AAPL,300.47,2.0,300.52,1.0,1.0,-1.0,2020-01-07 09:33:03.384015,300.49,300.53,0,0.049999999999954525,0.009341649341592984,1,-1,0.3333333333333333,0.00091
154,2020-01-07 09:33:04,N,AAPL,300.49,2.0,300.53,1.0,1.0,0.0,2020-01-07 09:33:04.285669,300.46,300.49,0,0.03999999999996362,0.008018659076469703,1,-1,0.3333333333333333,0.00091
155,2020-01-07 09:33:06,N,AAPL,300.46,2.0,300.49,2.0,1.0,0.0,2020-01-07 09:33:06.568779,300.51,300.53,1,0.03000000000002956,0.008010436652057251,1,-1,0.0,0.00091
156,2020-01-07 09:33:09,N,AAPL,300.51,6.0,300.53,1.0,4.0,-1.0,2020-01-07 09:33:09.119302,300.49,300.51,0,0.01999999999998181,0.0012560780122612414,1,-1,0.7142857142857143,0.00091
157,2020-01-07 09:33:10,N,AAPL,300.49,2.0,300.51,1.0,0.0,-2.0,2020-01-07 09:33:10.034391,300.51,300.54,0,0.01999999999998181,-4.970508371116011e-06,1,1,0.3333333333333333,0.00091
158,2020-01-07 09:33:11,N,AAPL,300.51,2.0,300.54,2.0,-1.0,0.0,2020-01-07 09:33:11.242909,300.53,300.57,0,0.03000000000002956,6.0676427267480904e-05,1,1,0.0,0.00091
159,2020-01-07 09:33:12,N,AAPL,300.53,2.0,300.57,2.0,-1.0,1.0,2020-01-07 09:33:12.034163,300.58,300.6,1,0.040000000000020464,0.00017329593413251132,1,1,0.0,0.00091
160,2020-01-07 09:33:13,N,AAPL,300.58,2.0,300.6,1.0,-2.0,0.0,2020-01-07 09:33:13.366537,300.6,300.64,0,0.020000000000038654,-0.0012798969071923239,1,-1,0.3333333333333333,0.00091
161,2020-01-07 09:33:14,N,AAPL,300.6,2.0,300.64,1.0,1.0,0.0,2020-01-07 09:33:14.037192,300.65,300.7,1,0.03999999999996362,-0.0027132809003092007,1,1,0.3333333333333333,0.00091
162,2020-01-07 09:33:15,N,AAPL,300.65,2.0,300.7,5.0,1.0,3.0,2020-01-07 09:33:15.310460,300.63,300.68,0,0.05000000000001137,0.002481527093607383,1,1,-0.42857142857142855,0.00091
163,2020-01-07 09:33:16,N,AAPL,300.63,2.0,300.68,7.0,0.0,-1.0,2020-01-07 09:33:16.093118,300.65,300.71,0,0.05000000000001137,0.010493418222495166,1,1,-0.5555555555555556,0.00091
164,2020-01-07 09:33:17,N,AAPL,300.65,2.0,300.71,4.0,-1.0,-3.0,2020-01-07 09:33:17.072487,300.64,300.71,0,0.060000000000002274,0.013801867596782813,1,1,-0.3333333333333333,0.00091
165,2020-01-07 09:33:18,N,AAPL,300.64,4.0,300.71,4.0,3.0,2.0,2020-01-07 09:33:18.339499,300.65,300.68,0,0.06999999999999318,0.014031175771947346,1,1,0.0,0.00091
166,2020-01-07 09:33:19,N,AAPL,300.65,1.0,300.68,2.0,-1.0,0.0,2020-01-07 09:33:19.117162,300.62,300.68,0,0.03000000000002956,0.015479976182461996,1,-1,-0.3333333333333333,0.00091
167,2020-01-07 09:33:20,N,AAPL,300.62,1.0,300.68,2.0,-1.0,0.0,2020-01-07 09:33:20.817234,300.62,300.67,0,0.060000000000002274,0.01698296751538919,1,1,-0.3333333333333333,0.00091
168,2020-01-07 09:33:21,N,AAPL,300.62,1.0,300.67,1.0,0.0,-1.0,2020-01-07 09:33:21.141330,300.59,300.65,0,0.05000000000001137,0.016982548724968183,1,-1,0.0,0.00091
169,2020-01-07 09:33:23,N,AAPL,300.59,2.0,300.65,4.0,0.0,2.0,2020-01-07 09:33:23.190694,300.61,300.65,0,0.060000000000002274,0.019783807062879077,1,1,-0.3333333333333333,0.00091
170,2020-01-07 09:33:24,N,AAPL,300.61,1.0,300.65,1.0,-1.0,-2.0,2020-01-07 09:33:24.719653,300.66,300.71,1,0.03999999999996362,0.01974963711387545,1,-1,0.0,0.00091
171,2020-01-07 09:33:25,N,AAPL,300.66,1.0,300.71,5.0,0.0,4.0,2020-01-07 09:33:25.652344,300.7,300.72,0,0.049999999999954525,0.02564800622144503,1,1,-0.6666666666666666,0.00091
172,2020-01-07 09:33:28,N,AAPL,300.7,1.0,300.72,1.0,0.0,-4.0,2020-01-07 09:33:28.016926,300.66,300.69,-1,0.020000000000038654,0.02552861533632722,1,-1,0.0,0.00091
173,2020-01-07 09:33:30,N,AAPL,300.66,3.0,300.69,1.0,1.0,0.0,2020-01-07 09:33:30.791871,300.64,300.68,0,0.029999999999972715,0.022464086924742332,1,1,0.5,0.00091
174,2020-01-07 09:33:31,N,AAPL,300.64,1.0,300.68,1.0,0.0,0.0,2020-01-07 09:33:31.051319,300.63,300.67,0,0.040000000000020464,0.022416181967003013,1,1,0.0,0.00091
175,2020-01-07 09:33:32,N,AAPL,300.63,1.0,300.67,1.0,0.0,0.0,2020-01-07 09:33:32.180006,300.63,300.67,0,0.040000000000020464,0.02237040501870524,1,1,0.0,0.00091
176,2020-01-07 09:33:33,N,AAPL,300.63,1.0,300.67,1.0,0.0,0.0,2020-01-07 09:33:33.087396,300.6,300.65,0,0.040000000000020464,0.022325248940148867,1,1,0.0,0.00091
177,2020-01-07 09:33:34,N,AAPL,300.6,4.0,300.65,5.0,2.0,3.0,2020-01-07 09:33:34.576276,300.63,300.65,0,0.049999999999954525,0.023528869054018742,1,1,-0.1111111111111111,0.00091
178,2020-01-07 09:33:36,N,AAPL,300.63,2.0,300.65,2.0,-2.0,-3.0,2020-01-07 09:33:36.376454,300.64,300.71,0,0.01999999999998181,0.023343750000037744,1,-1,0.0,0.00091
179,2020-01-07 09:33:37,N,AAPL,300.64,2.0,300.71,7.0,0.0,6.0,2020-01-07 09:33:37.048180,300.66,300.69,0,0.06999999999999318,0.03019702098850985,1,1,-0.5555555555555556,0.00091
180,2020-01-07 09:33:38,N,AAPL,300.66,1.0,300.69,2.0,0.0,0.0,2020-01-07 09:33:38.792327,300.65,300.7,0,0.029999999999972715,0.03139071237541202,1,-1,-0.3333333333333333,0.00091
181,2020-01-07 09:33:39,N,AAPL,300.65,2.0,300.7,2.0,-5.0,-1.0,2020-01-07 09:33:39.746780,300.68,300.71,0,0.05000000000001137,0.03126884531593532,1,1,0.0,0.00091
182,2020-01-07 09:33:40,N,AAPL,300.68,2.0,300.71,4.0,0.0,2.0,2020-01-07 09:33:40.656741,300.69,300.72,0,0.029999999999972715,0.03366867137748386,1,-1,-0.3333333333333333,0.00146
183,2020-01-07 09:33:42,N,AAPL,300.69,2.0,300.72,1.0,-4.0,0.0,2020-01-07 09:33:42.269447,300.62,300.65,-1,0.03000000000002956,0.03211498271838309,1,1,0.3333333333333333,0.00146
184,2020-01-07 09:33:43,N,AAPL,300.62,2.0,300.65,2.0,0.0,0.0,2020-01-07 09:33:43.032265,300.61,300.65,0,0.029999999999972715,0.03191639365479659,1,-1,0.0,0.00146
185,2020-01-07 09:33:44,N,AAPL,300.61,1.0,300.65,2.0,-1.0,0.0,2020-01-07 09:33:44.760428,300.51,300.55,-1,0.03999999999996362,0.032991452991382175,1,1,-0.3333333333333333,0.00146
186,2020-01-07 09:33:47,N,AAPL,300.51,4.0,300.55,2.0,3.0,0.0,2020-01-07 09:33:47.011959,300.55,300.61,0,0.040000000000020464,0.030906109701277273,1,1,0.3333333333333333,0.00146
187,2020-01-07 09:33:48,N,AAPL,300.55,2.0,300.61,2.0,0.0,1.0,2020-01-07 09:33:48.003313,300.58,300.61,0,0.060000000000002274,0.03087609318157547,1,1,0.0,0.00146
188,2020-01-07 09:33:50,N,AAPL,300.58,1.0,300.61,2.0,-1.0,1.0,2020-01-07 09:33:50.663498,300.61,300.64,0,0.03000000000002956,0.03183135818841265,1,-1,-0.3333333333333333,0.00146
189,2020-01-07 09:33:51,N,AAPL,300.61,2.0,300.64,3.0,-1.0,1.0,2020-01-07 09:33:51.082536,300.6,300.64,0,0.029999999999972715,0.03273691866684203,1,-1,-0.2,0.00146
190,2020-01-07 09:33:52,N,AAPL,300.6,2.0,300.64,10.0,0.0,9.0,2020-01-07 09:33:52.365952,300.52,300.57,-1,0.03999999999996362,0.04106275580431884,0,1,-0.6666666666666666,0.00146
191,2020-01-07 09:33:53,N,AAPL,300.52,1.0,300.57,2.0,0.0,1.0,2020-01-07 09:33:53.204750,300.6,300.63,1,0.05000000000001137,0.04188608854252607,0,1,-0.3333333333333333,0.00146
192,2020-01-07 09:33:55,N,AAPL,300.6,1.0,300.63,4.0,-3.0,2.0,2020-01-07 09:33:55.170305,300.6,300.62,0,0.029999999999972715,0.044764865419210764,1,-1,-0.6,0.00146
193,2020-01-07 09:33:56,N,AAPL,300.6,1.0,300.62,1.0,0.0,-1.0,2020-01-07 09:33:56.053693,300.51,300.55,-1,0.01999999999998181,0.04460449156692903,1,-1,0.0,0.00146
194,2020-01-07 09:33:57,N,AAPL,300.51,3.0,300.55,1.0,2.0,-2.0,2020-01-07 09:33:57.387607,300.52,300.57,0,0.040000000000020464,0.04266126746296095,0,1,0.5,0.00146
195,2020-01-07 09:33:58,N,AAPL,300.52,1.0,300.57,4.0,-1.0,2.0,2020-01-07 09:33:58.235906,300.54,300.59,0,0.05000000000001137,0.04516575372963416,1,1,-0.6,0.00146
196,2020-01-07 09:33:59,N,AAPL,300.54,2.0,300.59,2.0,0.0,1.0,2020-01-07 09:33:59.734698,300.56,300.61,0,0.049999999999954525,0.044994126790641076,1,-1,0.0,0.00146
197,2020-01-07 09:34:00,N,AAPL,300.56,2.0,300.61,2.0,0.0,0.0,2020-01-07 09:34:00.009809,300.58,300.61,0,0.05000000000001137,0.04481695728708246,1,1,0.0,0.00146
198,2020-01-07 09:34:02,N,AAPL,300.58,1.0,300.61,4.0,-1.0,2.0,2020-01-07 09:34:02.130112,300.61,300.63,0,0.03000000000002956,0.04741617357007044,1,-1,-0.6,0.00146
199,2020-01-07 09:34:03,N,AAPL,300.61,1.0,300.63,2.0,0.0,-2.0,2020-01-07 09:34:03.416680,300.68,300.72,1,0.01999999999998181,0.048187278116756715,1,-1,-0.3333333333333333,0.00146
200,2020-01-07 09:34:04,N,AAPL,300.68,2.0,300.72,2.0,0.0,0.0,2020-01-07 09:34:04.806257,300.68,300.72,0,0.040000000000020464,0.04789478631687416,1,1,0.0,0.00146
201,2020-01-07 09:34:05,N,AAPL,300.68,2.0,300.72,2.0,0.0,0.0,2020-01-07 09:34:05.349405,300.68,300.7,0,0.040000000000020464,0.047606831087477985,1,1,0.0,0.00146
202,2020-01-07 09:34:06,N,AAPL,300.68,2.0,300.7,29.0,-2.0,28.0,2020-01-07 09:34:06.451497,300.64,300.69,0,0.01999999999998181,0.07416247344303883,1,-1,-0.8709677419354839,0.00146
203,2020-01-07 09:34:07,N,AAPL,300.64,1.0,300.69,2.0,0.0,-27.0,2020-01-07 09:34:07.611080,300.64,300.68,0,0.05000000000001137,0.0748737850972816,1,1,-0.3333333333333333,0.00146
204,2020-01-07 09:34:08,N,AAPL,300.64,1.0,300.68,1.0,-1.0,-29.0,2020-01-07 09:34:08.179747,300.65,300.69,0,0.040000000000020464,0.07464117367931067,1,-1,0.0,0.00146
205,2020-01-07 09:34:09,N,AAPL,300.65,4.0,300.69,4.0,-1.0,2.0,2020-01-07 09:34:09.114817,300.64,300.69,0,0.040000000000020464,0.07371374527122043,1,1,0.0,0.00146
206,2020-01-07 09:34:10,N,AAPL,300.64,7.0,300.69,4.0,6.0,2.0,2020-01-07 09:34:10.024155,300.63,300.65,0,0.05000000000001137,0.06963491006001732,1,1,0.2727272727272727,0.00146
207,2020-01-07 09:34:11,N,AAPL,300.63,2.0,300.65,1.0,-2.0,-1.0,2020-01-07 09:34:11.111729,300.6,300.64,0,0.01999999999998181,0.06834411824809195,1,-1,0.3333333333333333,0.00146
208,2020-01-07 09:34:12,N,AAPL,300.6,6.0,300.64,2.0,3.0,0.0,2020-01-07 09:34:12.574629,300.65,300.68,1,0.03999999999996362,0.06408597345722455,1,1,0.5,0.00146
209,2020-01-07 09:34:14,N,AAPL,300.65,2.0,300.68,2.0,-2.0,1.0,2020-01-07 09:34:14.176758,300.66,300.69,0,0.03000000000002956,0.06368591804306334,1,-1,0.0,0.00146
210,2020-01-07 09:34:15,N,AAPL,300.66,2.0,300.69,1.0,0.0,0.0,2020-01-07 09:34:15.275540,300.64,300.68,0,0.029999999999972715,0.062413484037563194,1,-1,0.3333333333333333,0.00146
211,2020-01-07 09:34:16,N,AAPL,300.64,1.0,300.68,1.0,0.0,-1.0,2020-01-07 09:34:16.202408,300.63,300.66,0,0.040000000000020464,0.062241510538569855,1,1,0.0,0.00146
212,2020-01-07 09:34:17,N,AAPL,300.63,1.0,300.66,1.0,-1.0,-1.0,2020-01-07 09:34:17.298300,300.61,300.65,0,0.03000000000002956,0.06205548811817607,1,-1,0.0,0.00146
213,2020-01-07 09:34:18,N,AAPL,300.61,2.0,300.65,1.0,1.0,0.0,2020-01-07 09:34:18.129796,300.69,300.72,1,0.03999999999996362,0.06094084988865234,1,1,0.3333333333333333,0.00146
214,2020-01-07 09:34:20,N,AAPL,300.69,5.0,300.72,4.0,3.0,3.0,2020-01-07 09:34:20.206216,300.68,300.71,0,0.03000000000002956,0.05907414795387922,1,-1,0.1111111111111111,0.00146
215,2020-01-07 09:34:21,N,AAPL,300.68,2.0,300.71,1.0,-3.0,-3.0,2020-01-07 09:34:21.854932,300.69,300.72,0,0.029999999999972715,0.05782601304679247,1,-1,0.3333333333333333,0.00146
216,2020-01-07 09:34:22,N,AAPL,300.69,2.0,300.72,3.0,0.0,2.0,2020-01-07 09:34:22.291090,300.66,300.7,0,0.03000000000002956,0.05836070175428176,1,1,-0.2,0.00146
217,2020-01-07 09:34:23,N,AAPL,300.66,2.0,300.7,2.0,0.0,1.0,2020-01-07 09:34:23.056966,300.68,300.71,0,0.03999999999996362,0.058049271445554496,1,1,0.0,0.00146
218,2020-01-07 09:34:25,N,AAPL,300.68,7.0,300.71,2.0,5.0,0.0,2020-01-07 09:34:25.475750,300.7,300.72,0,0.029999999999972715,0.052560154158811656,1,-1,0.5555555555555556,0.00146
219,2020-01-07 09:34:26,N,AAPL,300.7,2.0,300.72,1.0,-5.0,-1.0,2020-01-07 09:34:26.737605,300.72,300.74,0,0.020000000000038654,0.05133385518576006,1,-1,0.3333333333333333,0.00146
220,2020-01-07 09:34:27,N,AAPL,300.72,2.0,300.74,2.0,0.0,1.0,2020-01-07 09:34:27.072275,300.81,300.85,1,0.01999999999998181,0.05098492910491359,1,-1,0.0,0.00146
221,2020-01-07 09:34:29,N,AAPL,300.81,2.0,300.85,2.0,-6.0,-2.0,2020-01-07 09:34:29.294757,300.8,300.84,0,0.040000000000020464,0.05067072455011612,1,1,0.0,0.00146
222,2020-01-07 09:34:30,N,AAPL,300.8,2.0,300.84,2.0,0.0,0.0,2020-01-07 09:34:30.137555,300.78,300.82,0,0.03999999999996362,0.05036507455622541,1,-1,0.0,0.00146
223,2020-01-07 09:34:31,N,AAPL,300.78,3.0,300.82,2.0,1.0,0.0,2020-01-07 09:34:31.471006,300.74,300.78,0,0.040000000000020464,0.048906122179744216,1,1,0.2,0.00146
224,2020-01-07 09:34:32,N,AAPL,300.74,2.0,300.78,4.0,0.0,2.0,2020-01-07 09:34:32.876164,300.73,300.76,0,0.03999999999996362,0.050531111502664317,1,-1,-0.3333333333333333,0.00158
225,2020-01-07 09:34:33,N,AAPL,300.73,1.0,300.76,2.0,-1.0,-2.0,2020-01-07 09:34:33.018723,300.73,300.76,0,0.029999999999972715,0.05128171999723463,1,-1,-0.3333333333333333,0.00158
226,2020-01-07 09:34:34,N,AAPL,300.73,2.0,300.76,1.0,0.0,-1.0,2020-01-07 09:34:34.840313,300.74,300.79,0,0.029999999999972715,0.05007861178364692,1,1,0.3333333333333333,0.00158
227,2020-01-07 09:34:35,N,AAPL,300.74,4.0,300.79,1.0,0.0,0.0,2020-01-07 09:34:35.011803,300.75,300.79,0,0.05000000000001137,0.04679285054004367,1,1,0.6,0.00158
228,2020-01-07 09:34:36,N,AAPL,300.75,1.0,300.79,1.0,-1.0,0.0,2020-01-07 09:34:36.462148,300.76,300.79,0,0.040000000000020464,0.046669620091790875,1,-1,0.0,0.00158
229,2020-01-07 09:34:37,N,AAPL,300.76,2.0,300.79,5.0,1.0,-1.0,2020-01-07 09:34:37.526184,300.79,300.83,0,0.03000000000002956,0.04918174834074307,1,-1,-0.42857142857142855,0.00158
230,2020-01-07 09:34:38,N,AAPL,300.79,2.0,300.83,1.0,0.0,-4.0,2020-01-07 09:34:38.263853,300.76,300.84,0,0.03999999999996362,0.04791771573161441,1,1,0.3333333333333333,0.00158
231,2020-01-07 09:34:39,N,AAPL,300.76,5.0,300.84,4.0,1.0,2.0,2020-01-07 09:34:39.149703,300.84,300.87,0,0.07999999999998408,0.046630495750093814,1,1,0.1111111111111111,0.00158
232,2020-01-07 09:34:40,N,AAPL,300.84,4.0,300.87,1.0,2.0,0.0,2020-01-07 09:34:40.231414,300.83,300.85,0,0.03000000000002956,0.042922404551916316,0,-1,0.6,0.00158
233,2020-01-07 09:34:41,N,AAPL,300.83,2.0,300.85,2.0,0.0,0.0,2020-01-07 09:34:41.513662,300.82,300.87,0,0.020000000000038654,0.042617332625752624,0,-1,0.0,0.00158
234,2020-01-07 09:34:42,N,AAPL,300.82,1.0,300.87,2.0,-1.0,1.0,2020-01-07 09:34:42.222393,300.82,300.86,0,0.05000000000001137,0.04354563064617878,0,1,-0.3333333333333333,0.00158
235,2020-01-07 09:34:44,N,AAPL,300.82,2.0,300.86,2.0,-4.0,0.0,2020-01-07 09:34:44.010971,300.76,300.8,-1,0.040000000000020464,0.04330858293479878,0,-1,0.0,0.00158
236,2020-01-07 09:34:45,N,AAPL,300.76,1.0,300.8,2.0,-2.0,0.0,2020-01-07 09:34:45.084120,300.77,300.83,0,0.040000000000020464,0.04410256410255897,0,1,-0.3333333333333333,0.00158
237,2020-01-07 09:34:46,N,AAPL,300.77,3.0,300.83,4.0,2.0,3.0,2020-01-07 09:34:46.346523,300.78,300.82,0,0.060000000000002274,0.04480832449632999,0,1,-0.14285714285714285,0.00158
238,2020-01-07 09:34:47,N,AAPL,300.78,2.0,300.82,2.0,1.0,-2.0,2020-01-07 09:34:47.543829,300.76,300.8,0,0.040000000000020464,0.04458252637374471,0,-1,0.0,0.00158
239,2020-01-07 09:34:48,N,AAPL,300.76,1.0,300.8,2.0,-1.0,1.0,2020-01-07 09:34:48.147836,300.8,300.84,0,0.040000000000020464,0.045351234918314276,0,1,-0.3333333333333333,0.00158
240,2020-01-07 09:34:49,N,AAPL,300.8,6.0,300.84,2.0,5.0,0.0,2020-01-07 09:34:49.438279,300.79,300.84,0,0.03999999999996362,0.04094474153299643,0,-1,0.5,0.00158
241,2020-01-07 09:34:50,N,AAPL,300.79,2.0,300.84,2.0,0.0,0.0,2020-01-07 09:34:50.577584,300.83,300.87,0,0.049999999999954525,0.04077847691655734,0,1,0.0,0.00158
242,2020-01-07 09:34:51,N,AAPL,300.83,4.0,300.87,1.0,2.0,-1.0,2020-01-07 09:34:51.550577,300.87,300.89,0,0.040000000000020464,0.03745734974899051,1,-1,0.6,0.00158
243,2020-01-07 09:34:53,N,AAPL,300.87,2.0,300.89,1.0,0.0,-3.0,2020-01-07 09:34:53.061856,300.84,300.87,0,0.01999999999998181,0.036195008787387906,1,-1,0.3333333333333333,0.00158
244,2020-01-07 09:34:55,N,AAPL,300.84,2.0,300.87,2.0,0.0,-1.0,2020-01-07 09:34:55.002527,300.77,300.81,-1,0.03000000000002956,0.03598368233917881,1,1,0.0,0.00158
245,2020-01-07 09:34:56,N,AAPL,300.77,2.0,300.81,2.0,1.0,0.0,2020-01-07 09:34:56.132570,300.73,300.78,0,0.040000000000020464,0.035828581892644706,1,1,0.0,0.00158
246,2020-01-07 09:34:57,N,AAPL,300.73,2.0,300.78,2.0,0.0,0.0,2020-01-07 09:34:57.611206,300.74,300.78,0,0.049999999999954525,0.03571967201821735,1,1,0.0,0.00158
247,2020-01-07 09:34:58,N,AAPL,300.74,2.0,300.78,1.0,0.0,-1.0,2020-01-07 09:34:58.435385,300.77,300.81,0,0.03999999999996362,0.03477206414669354,1,-1,0.3333333333333333,0.00158
248,2020-01-07 09:34:59,N,AAPL,300.77,1.0,300.81,2.0,-1.0,0.0,2020-01-07 09:34:59.017482,300.81,300.85,0,0.040000000000020464,0.03555041315098606,1,1,-0.3333333333333333,0.00158
249,2020-01-07 09:35:00,N,AAPL,300.81,2.0,300.85,2.0,1.0,-2.0,2020-01-07 09:35:00.000468,300.78,300.83,0,0.040000000000020464,0.035390153979619754,1,1,0.0,0.00158
250,2020-01-07 09:35:01,N,AAPL,300.78,1.0,300.83,4.0,-1.0,2.0,2020-01-07 09:35:01.039081,300.81,300.86,0,0.05000000000001137,0.037935778829648825,1,1,-0.6,0.00158
251,2020-01-07 09:35:02,N,AAPL,300.81,5.0,300.86,1.0,1.0,-1.0,2020-01-07 09:35:02.369204,300.81,300.85,0,0.05000000000001137,0.03397339374805597,1,1,0.6666666666666666,0.00158
252,2020-01-07 09:35:03,N,AAPL,300.81,1.0,300.85,2.0,-1.0,0.0,2020-01-07 09:35:03.878244,300.79,300.85,0,0.040000000000020464,0.0347885894749993,1,-1,-0.3333333333333333,0.00158
253,2020-01-07 09:35:04,N,AAPL,300.79,2.0,300.85,2.0,1.0,1.0,2020-01-07 09:35:04.329127,300.73,300.78,-1,0.060000000000002274,0.034706044932420355,1,1,0.0,0.00158
254,2020-01-07 09:35:05,N,AAPL,300.73,1.0,300.78,2.0,-1.0,0.0,2020-01-07 09:35:05.019164,300.75,300.8,0,0.049999999999954525,0.03542815602656901,1,-1,-0.3333333333333333,0.00158
255,2020-01-07 09:35:06,N,AAPL,300.75,1.0,300.8,1.0,0.0,-1.0,2020-01-07 09:35:06.284727,300.69,300.73,-1,0.05000000000001137,0.035375853857203765,1,1,0.0,0.00158
256,2020-01-07 09:35:07,N,AAPL,300.69,1.0,300.73,4.0,0.0,1.0,2020-01-07 09:35:07.644664,300.65,300.68,-1,0.040000000000020464,0.037367662908309285,1,-1,-0.6,0.00158
257,2020-01-07 09:35:11,N,AAPL,300.65,1.0,300.68,2.0,0.0,-2.0,2020-01-07 09:35:11.055344,300.66,300.71,0,0.03000000000002956,0.03789506526186415,1,-1,-0.3333333333333333,0.00158
258,2020-01-07 09:35:12,N,AAPL,300.66,1.0,300.71,5.0,0.0,3.0,2020-01-07 09:35:12.091005,300.68,300.72,0,0.049999999999954525,0.04040874092464719,0,1,-0.6666666666666666,0.00158
259,2020-01-07 09:35:13,N,AAPL,300.68,1.0,300.72,2.0,-1.0,-2.0,2020-01-07 09:35:13.012700,300.74,300.77,1,0.040000000000020464,0.04098524008696813,0,-1,-0.3333333333333333,0.00158
260,2020-01-07 09:35:17,N,AAPL,300.74,5.0,300.77,2.0,3.0,0.0,2020-01-07 09:35:17.370976,300.76,300.8,0,0.029999999999972715,0.03835324283556929,1,-1,0.42857142857142855,0.00158
261,2020-01-07 09:35:18,N,AAPL,300.76,2.0,300.8,4.0,1.0,2.0,2020-01-07 09:35:18.199720,300.7,300.74,-1,0.040000000000020464,0.03971315006947407,1,1,-0.3333333333333333,0.00158
262,2020-01-07 09:35:19,N,AAPL,300.7,2.0,300.74,2.0,0.0,0.0,2020-01-07 09:35:19.082473,300.64,300.68,-1,0.040000000000020464,0.039571466753784534,1,1,0.0,0.00158
263,2020-01-07 09:35:20,N,AAPL,300.64,1.0,300.68,2.0,0.0,0.0,2020-01-07 09:35:20.021268,300.66,300.71,0,0.040000000000020464,0.04007939303619423,1,1,-0.3333333333333333,0.00158
264,2020-01-07 09:35:21,N,AAPL,300.66,1.0,300.71,2.0,-3.0,0.0,2020-01-07 09:35:21.052927,300.62,300.67,0,0.049999999999954525,0.04063878304617674,0,1,-0.3333333333333333,0.00158
265,2020-01-07 09:35:22,N,AAPL,300.62,2.0,300.67,2.0,1.0,-1.0,2020-01-07 09:35:22.019782,300.64,300.68,0,0.05000000000001137,0.04054887914230676,0,1,0.0,0.00158
266,2020-01-07 09:35:23,N,AAPL,300.64,3.0,300.68,1.0,-3.0,0.0,2020-01-07 09:35:23.013537,300.57,300.6,-1,0.040000000000020464,0.03924745058543522,1,-1,0.5,0.00158
267,2020-01-07 09:35:24,N,AAPL,300.57,1.0,300.6,2.0,-2.0,1.0,2020-01-07 09:35:24.324040,300.62,300.67,1,0.03000000000002956,0.03962447220771992,1,-1,-0.3333333333333333,0.00158
268,2020-01-07 09:35:26,N,AAPL,300.62,3.0,300.67,10.0,-2.0,8.0,2020-01-07 09:35:26.026309,300.65,300.68,0,0.05000000000001137,0.04322033938365166,0,1,-0.5384615384615384,0.00158
269,2020-01-07 09:35:28,N,AAPL,300.65,1.0,300.68,2.0,-1.0,0.0,2020-01-07 09:35:28.013664,300.67,300.7,0,0.03000000000002956,0.04367297195557285,0,-1,-0.3333333333333333,0.00158
270,2020-01-07 09:35:29,N,AAPL,300.67,2.0,300.7,7.0,0.0,5.0,2020-01-07 09:35:29.328733,300.74,300.79,1,0.029999999999972715,0.04628820697115543,1,-1,-0.5555555555555556,0.00158
271,2020-01-07 09:35:31,N,AAPL,300.74,2.0,300.79,4.0,0.0,2.0,2020-01-07 09:35:31.555479,300.72,300.77,0,0.05000000000001137,0.04748276655476502,1,1,-0.3333333333333333,0.00158
272,2020-01-07 09:35:32,N,AAPL,300.72,2.0,300.77,1.0,1.0,-1.0,2020-01-07 09:35:32.459881,300.72,300.77,0,0.049999999999954525,0.046677659603744814,1,-1,0.3333333333333333,0.00238
273,2020-01-07 09:35:33,N,AAPL,300.72,1.0,300.77,2.0,-1.0,1.0,2020-01-07 09:35:33.415621,300.73,300.77,0,0.049999999999954525,0.047243314971581185,1,1,-0.3333333333333333,0.00238
274,2020-01-07 09:35:34,N,AAPL,300.73,2.0,300.77,1.0,1.0,-1.0,2020-01-07 09:35:34.393404,300.7,300.72,-1,0.03999999999996362,0.04641463829790382,1,-1,0.3333333333333333,0.00238
275,2020-01-07 09:35:37,N,AAPL,300.7,13.0,300.72,4.0,11.0,3.0,2020-01-07 09:35:37.064536,300.6,300.65,-1,0.020000000000038654,0.03996069345760134,1,-1,0.5294117647058824,0.00238
276,2020-01-07 09:35:38,N,AAPL,300.6,2.0,300.65,1.0,0.0,-3.0,2020-01-07 09:35:38.035446,300.58,300.62,0,0.049999999999954525,0.03942693661974772,1,1,0.3333333333333333,0.00238
277,2020-01-07 09:35:39,N,AAPL,300.58,1.0,300.62,4.0,0.0,2.0,2020-01-07 09:35:39.022778,300.64,300.7,1,0.040000000000020464,0.04063547415847779,0,-1,-0.6,0.00238
278,2020-01-07 09:35:40,N,AAPL,300.64,2.0,300.7,2.0,1.0,0.0,2020-01-07 09:35:40.120185,300.69,300.73,0,0.060000000000002274,0.04057612274868916,0,1,0.0,0.00238
279,2020-01-07 09:35:41,N,AAPL,300.69,2.0,300.73,2.0,0.0,0.0,2020-01-07 09:35:41.453410,300.67,300.69,0,0.040000000000020464,0.040446330245572426,0,-1,0.0,0.00238
280,2020-01-07 09:35:42,N,AAPL,300.67,2.0,300.69,2.0,0.0,-12.0,2020-01-07 09:35:42.925018,300.67,300.69,0,0.01999999999998181,0.04026876180665795,1,-1,0.0,0.00238
281,2020-01-07 09:35:44,N,AAPL,300.67,4.0,300.69,2.0,2.0,0.0,2020-01-07 09:35:44.553292,300.64,300.66,-1,0.01999999999998181,0.03891634859644455,1,1,0.3333333333333333,0.00238
282,2020-01-07 09:35:45,N,AAPL,300.64,2.0,300.66,2.0,1.0,0.0,2020-01-07 09:35:45.300127,300.63,300.67,0,0.020000000000038654,0.03875842901021542,1,1,0.0,0.00238
283,2020-01-07 09:35:46,N,AAPL,300.63,2.0,300.67,2.0,0.0,1.0,2020-01-07 09:35:46.800661,300.56,300.61,-1,0.040000000000020464,0.03866010556640731,1,1,0.0,0.00238
284,2020-01-07 09:35:49,N,AAPL,300.56,1.0,300.61,2.0,-1.0,0.0,2020-01-07 09:35:49.140147,300.47,300.49,-1,0.05000000000001137,0.03902103993567607,1,1,-0.3333333333333333,0.00238
285,2020-01-07 09:35:50,N,AAPL,300.47,21.0,300.49,1.0,17.0,-1.0,2020-01-07 09:35:50.169826,300.53,300.56,1,0.01999999999998181,0.03368009839266506,1,-1,0.9090909090909091,0.00238
286,2020-01-07 09:35:51,N,AAPL,300.53,3.0,300.56,1.0,1.0,0.0,2020-01-07 09:35:51.295913,300.5,300.53,0,0.03000000000002956,0.03296414182113949,1,1,0.5,0.00238
287,2020-01-07 09:35:52,N,AAPL,300.5,21.0,300.53,2.0,0.0,1.0,2020-01-07 09:35:52.035269,300.48,300.52,0,0.029999999999972715,0.02743818354730365,1,-1,0.8260869565217391,0.00238
288,2020-01-07 09:35:53,N,AAPL,300.48,2.0,300.52,4.0,1.0,3.0,2020-01-07 09:35:53.166102,300.46,300.5,0,0.03999999999996362,0.027963831251156535,1,1,-0.3333333333333333,0.00238
289,2020-01-07 09:35:54,N,AAPL,300.46,1.0,300.5,4.0,-1.0,1.0,2020-01-07 09:35:54.211780,300.46,300.49,0,0.040000000000020464,0.028650952088412396,1,1,-0.6,0.00238
290,2020-01-07 09:35:55,N,AAPL,300.46,2.0,300.49,3.0,1.0,-14.0,2020-01-07 09:35:55.442401,300.41,300.45,-1,0.03000000000002956,0.02884420788547004,1,-1,-0.2,0.00238
291,2020-01-07 09:35:56,N,AAPL,300.41,1.0,300.45,1.0,0.0,0.0,2020-01-07 09:35:56.268039,300.41,300.46,0,0.03999999999996362,0.028851785524125262,1,1,0.0,0.00238
292,2020-01-07 09:35:57,N,AAPL,300.41,2.0,300.46,2.0,0.0,-2.0,2020-01-07 09:35:57.011219,300.4,300.44,0,0.049999999999954525,0.02889375210338585,1,1,0.0,0.00238
293,2020-01-07 09:36:00,N,AAPL,300.4,5.0,300.44,2.0,4.0,1.0,2020-01-07 09:36:00.527947,300.31,300.36,-1,0.040000000000020464,0.028512223071004428,1,-1,0.42857142857142855,0.00238
294,2020-01-07 09:36:01,N,AAPL,300.31,10.0,300.36,2.0,5.0,0.0,2020-01-07 09:36:01.046613,300.32,300.35,0,0.05000000000001137,0.028521289134403105,1,1,0.6666666666666666,0.00238
295,2020-01-07 09:36:03,N,AAPL,300.32,1.0,300.35,2.0,-9.0,0.0,2020-01-07 09:36:03.099425,300.29,300.34,0,0.03000000000002956,0.028543488628031355,1,-1,-0.3333333333333333,0.00238
296,2020-01-07 09:36:04,N,AAPL,300.29,2.0,300.34,3.0,1.0,1.0,2020-01-07 09:36:04.152038,300.3,300.33,0,0.049999999999954525,0.028609490148198802,1,1,-0.2,0.00238
297,2020-01-07 09:36:05,N,AAPL,300.3,1.0,300.33,1.0,0.0,-1.0,2020-01-07 09:36:05.787736,300.21,300.24,-1,0.029999999999972715,0.028611619861635518,1,-1,0.0,0.00238
298,2020-01-07 09:36:06,N,AAPL,300.21,3.0,300.24,2.0,2.0,1.0,2020-01-07 09:36:06.385602,300.04,300.09,-1,0.03000000000002956,0.028755527000612346,1,1,0.2,0.00238
299,2020-01-07 09:36:08,N,AAPL,300.04,15.0,300.09,2.0,14.0,0.0,2020-01-07 09:36:08.125058,300.01,300.05,0,0.049999999999954525,0.03344786228308294,1,1,0.7647058823529411,0.00238
300,2020-01-07 09:36:09,N,AAPL,300.01,2.0,300.05,1.0,-37.0,-1.0,2020-01-07 09:36:09.060179,299.86,299.92,-1,0.040000000000020464,0.033850759273946096,1,-1,0.3333333333333333,0.00238
301,2020-01-07 09:36:10,N,AAPL,299.86,1.0,299.92,4.0,0.0,3.0,2020-01-07 09:36:10.072785,299.86,299.91,0,0.060000000000002274,0.03799521828938168,1,1,-0.6,0.00238
302,2020-01-07 09:36:11,N,AAPL,299.86,1.0,299.91,4.0,-1.0,-1.0,2020-01-07 09:36:11.082664,299.86,299.88,0,0.05000000000001137,0.03640347740463312,1,-1,-0.6,0.00238
303,2020-01-07 09:36:14,N,AAPL,299.86,1.0,299.88,2.0,0.0,1.0,2020-01-07 09:36:14.809098,299.8,299.89,0,0.01999999999998181,0.0388663967611933,1,-1,-0.3333333333333333,0.00238
304,2020-01-07 09:36:15,N,AAPL,299.8,1.0,299.89,2.0,-1.0,1.0,2020-01-07 09:36:15.703652,299.79,299.84,0,0.08999999999997499,0.03881241565460414,1,1,-0.3333333333333333,0.00238
305,2020-01-07 09:36:17,N,AAPL,299.79,2.0,299.84,2.0,1.0,1.0,2020-01-07 09:36:17.962468,299.71,299.76,-1,0.049999999999954525,0.038756756756924915,1,-1,0.0,0.00238
306,2020-01-07 09:36:18,N,AAPL,299.71,7.0,299.76,1.0,5.0,-1.0,2020-01-07 09:36:18.697460,299.83,299.86,1,0.05000000000001137,0.042356991824590295,0,1,0.75,0.00238
307,2020-01-07 09:36:20,N,AAPL,299.83,6.0,299.86,1.0,-1.0,-3.0,2020-01-07 09:36:20.292495,299.79,299.89,0,0.03000000000002956,0.049724831620096666,1,-1,0.7142857142857143,0.00238
308,2020-01-07 09:36:21,N,AAPL,299.79,1.0,299.89,2.0,0.0,0.0,2020-01-07 09:36:21.040133,299.85,299.88,0,0.0999999999999659,0.04967551031018047,1,1,-0.3333333333333333,0.00293
309,2020-01-07 09:36:22,N,AAPL,299.85,1.0,299.88,1.0,0.0,-1.0,2020-01-07 09:36:22.024367,299.79,299.84,-1,0.029999999999972715,0.04905800738339394,1,-1,0.0,0.00293
310,2020-01-07 09:36:23,N,AAPL,299.79,1.0,299.84,4.0,0.0,2.0,2020-01-07 09:36:23.138877,299.42,299.52,-1,0.049999999999954525,0.04497022315905497,1,1,-0.6,0.00293
311,2020-01-07 09:36:24,N,AAPL,299.42,2.0,299.52,1.0,1.0,-3.0,2020-01-07 09:36:24.007594,299.55,299.63,1,0.0999999999999659,0.04548077888188118,1,1,0.3333333333333333,0.00293
312,2020-01-07 09:36:25,N,AAPL,299.55,2.0,299.63,2.0,-1.0,1.0,2020-01-07 09:36:25.069833,299.57,299.63,0,0.07999999999998408,0.046373775276265405,1,-1,0.0,0.00293
313,2020-01-07 09:36:26,N,AAPL,299.57,1.0,299.63,2.0,-4.0,-1.0,2020-01-07 09:36:26.093708,299.57,299.62,0,0.060000000000002274,0.0498530390104861,1,-1,-0.3333333333333333,0.00293
314,2020-01-07 09:36:27,N,AAPL,299.57,2.0,299.62,1.0,1.0,0.0,2020-01-07 09:36:27.334141,299.5,299.55,-1,0.05000000000001137,0.050838820649005356,1,-1,0.3333333333333333,0.00293
315,2020-01-07 09:36:28,N,AAPL,299.5,11.0,299.55,4.0,1.0,2.0,2020-01-07 09:36:28.561991,299.45,299.53,0,0.05000000000001137,0.05718150578405812,1,1,0.4666666666666667,0.00293
316,2020-01-07 09:36:29,N,AAPL,299.45,1.0,299.53,1.0,0.0,-1.0,2020-01-07 09:36:29.043367,299.51,299.56,0,0.07999999999998408,0.05720292962763551,1,1,0.0,0.00293
317,2020-01-07 09:36:31,N,AAPL,299.51,2.0,299.56,1.0,1.0,0.0,2020-01-07 09:36:31.680692,299.51,299.55,0,0.05000000000001137,0.05923177168176608,1,-1,0.3333333333333333,0.00293
318,2020-01-07 09:36:32,N,AAPL,299.51,2.0,299.55,3.0,0.0,0.0,2020-01-07 09:36:32.145062,299.57,299.62,1,0.040000000000020464,0.06244427102382133,1,-1,-0.2,0.00293
319,2020-01-07 09:36:33,N,AAPL,299.57,3.0,299.62,2.0,1.0,0.0,2020-01-07 09:36:33.372463,299.59,299.63,0,0.05000000000001137,0.06329061084528576,1,1,0.2,0.00293
320,2020-01-07 09:36:34,N,AAPL,299.59,2.0,299.63,2.0,0.0,-4.0,2020-01-07 09:36:34.042865,299.6,299.68,0,0.040000000000020464,0.06218500330379584,1,-1,0.0,0.00293
321,2020-01-07 09:36:35,N,AAPL,299.6,1.0,299.68,1.0,-1.0,-4.0,2020-01-07 09:36:35.043219,299.55,299.59,-1,0.07999999999998408,0.06472378309365467,1,1,0.0,0.00293
322,2020-01-07 09:36:36,N,AAPL,299.55,2.0,299.59,3.0,0.0,2.0,2020-01-07 09:36:36.154055,299.58,299.6,0,0.03999999999996362,0.06624676019720255,1,-1,-0.2,0.00293
323,2020-01-07 09:36:37,N,AAPL,299.58,1.0,299.6,1.0,0.0,-1.0,2020-01-07 09:36:37.368015,299.57,299.65,0,0.020000000000038654,0.06715104751481249,1,-1,0.0,0.00293
324,2020-01-07 09:36:38,N,AAPL,299.57,2.0,299.65,5.0,1.0,3.0,2020-01-07 09:36:38.081675,299.62,299.65,0,0.07999999999998408,0.06417324143944825,1,1,-0.42857142857142855,0.00293
325,2020-01-07 09:36:39,N,AAPL,299.62,2.0,299.65,1.0,1.0,-1.0,2020-01-07 09:36:39.066751,299.58,299.64,0,0.029999999999972715,0.06595621009984143,1,-1,0.3333333333333333,0.00293
326,2020-01-07 09:36:40,N,AAPL,299.58,1.0,299.64,1.0,0.0,-1.0,2020-01-07 09:36:40.268808,299.58,299.64,0,0.060000000000002274,0.057000353621958766,1,1,0.0,0.00293
327,2020-01-07 09:36:41,N,AAPL,299.58,1.0,299.64,2.0,0.0,0.0,2020-01-07 09:36:41.031011,299.61,299.7,0,0.060000000000002274,0.05698395489196173,1,1,-0.3333333333333333,0.00293
328,2020-01-07 09:36:42,N,AAPL,299.61,2.0,299.7,3.0,0.0,2.0,2020-01-07 09:36:42.175060,299.65,299.7,0,0.08999999999997499,0.05983592777090507,1,1,-0.2,0.00293
329,2020-01-07 09:36:43,N,AAPL,299.65,1.0,299.7,1.0,0.0,-1.0,2020-01-07 09:36:43.127921,299.67,299.75,0,0.05000000000001137,0.06252721161558839,1,-1,0.0,0.00293
330,2020-01-07 09:36:44,N,AAPL,299.67,4.0,299.75,4.0,1.0,3.0,2020-01-07 09:36:44.053811,299.74,299.78,0,0.07999999999998408,0.06528802159465386,1,1,0.0,0.00293
331,2020-01-07 09:36:45,N,AAPL,299.74,1.0,299.78,4.0,0.0,-1.0,2020-01-07 09:36:45.135626,299.73,299.78,0,0.03999999999996362,0.06370159848955836,1,-1,-0.6,0.00293
332,2020-01-07 09:36:46,N,AAPL,299.73,2.0,299.78,4.0,0.0,-1.0,2020-01-07 09:36:46.153526,299.72,299.78,0,0.049999999999954525,0.06203232703734329,1,1,-0.3333333333333333,0.00293
333,2020-01-07 09:36:48,N,AAPL,299.72,2.0,299.78,1.0,0.0,0.0,2020-01-07 09:36:48.168609,299.78,299.79,0,0.05999999999994543,0.06392386741936207,1,1,0.3333333333333333,0.00293
334,2020-01-07 09:36:49,N,AAPL,299.78,2.0,299.79,1.0,0.0,-9.0,2020-01-07 09:36:49.920008,299.76,299.8,0,0.010000000000047748,0.06358244829090154,1,-1,0.3333333333333333,0.00293
335,2020-01-07 09:36:50,N,AAPL,299.76,2.0,299.8,1.0,1.0,0.0,2020-01-07 09:36:50.091592,299.85,299.88,1,0.040000000000020464,0.06537707776664092,1,1,0.3333333333333333,0.00293
336,2020-01-07 09:36:52,N,AAPL,299.85,1.0,299.88,1.0,0.0,0.0,2020-01-07 09:36:52.197580,299.88,299.93,0,0.029999999999972715,0.06656404209712719,1,-1,0.0,0.00293
337,2020-01-07 09:36:53,N,AAPL,299.88,2.0,299.93,4.0,0.0,2.0,2020-01-07 09:36:53.079846,299.92,299.96,0,0.05000000000001137,0.06633802215560536,1,1,-0.3333333333333333,0.00293
338,2020-01-07 09:36:54,N,AAPL,299.92,2.0,299.96,3.0,1.0,1.0,2020-01-07 09:36:54.097593,299.84,299.86,-1,0.03999999999996362,0.06483926028005271,1,-1,-0.2,0.00293
339,2020-01-07 09:36:55,N,AAPL,299.84,2.0,299.86,2.0,1.0,-1.0,2020-01-07 09:36:55.207010,299.8,299.84,0,0.020000000000038654,0.06482710707223305,1,-1,0.0,0.00293
340,2020-01-07 09:36:56,N,AAPL,299.8,1.0,299.84,2.0,-33.0,1.0,2020-01-07 09:36:56.296464,299.82,299.86,0,0.03999999999996362,0.06478623513754656,1,1,-0.3333333333333333,0.00293
341,2020-01-07 09:36:58,N,AAPL,299.82,1.0,299.86,1.0,0.0,-1.0,2020-01-07 09:36:58.241460,299.79,299.83,0,0.040000000000020464,0.06623833035246207,1,1,0.0,0.00293
342,2020-01-07 09:37:00,N,AAPL,299.79,30.0,299.83,5.0,28.0,3.0,2020-01-07 09:37:00.160824,299.66,299.71,-1,0.03999999999996362,0.0826853744346181,1,-1,0.7142857142857143,0.00293
343,2020-01-07 09:37:01,N,AAPL,299.66,11.0,299.71,2.0,8.0,0.0,2020-01-07 09:37:01.500756,299.7,299.76,0,0.049999999999954525,0.08986759389568988,1,1,0.6923076923076923,0.00293
344,2020-01-07 09:37:02,N,AAPL,299.7,2.0,299.76,3.0,1.0,-1.0,2020-01-07 09:37:02.063419,299.74,299.79,0,0.060000000000002274,0.08894774455012566,1,1,-0.2,0.00293
345,2020-01-07 09:37:03,N,AAPL,299.74,1.0,299.79,2.0,-1.0,0.0,2020-01-07 09:37:03.222106,299.68,299.74,0,0.05000000000001137,0.08863818740974239,1,-1,-0.3333333333333333,0.00293
346,2020-01-07 09:37:04,N,AAPL,299.68,2.0,299.74,2.0,0.0,0.0,2020-01-07 09:37:04.017024,299.69,299.72,0,0.060000000000002274,0.0885277498882715,1,1,0.0,0.00293
347,2020-01-07 09:37:05,N,AAPL,299.69,1.0,299.72,1.0,0.0,0.0,2020-01-07 09:37:05.063768,299.6,299.65,-1,0.03000000000002956,0.08800193360082176,1,-1,0.0,0.00293
348,2020-01-07 09:37:06,N,AAPL,299.6,2.0,299.65,3.0,0.0,1.0,2020-01-07 09:37:06.207718,299.53,299.59,-1,0.049999999999954525,0.08630106423902362,1,1,-0.2,0.00293
349,2020-01-07 09:37:07,N,AAPL,299.53,1.0,299.59,1.0,0.0,0.0,2020-01-07 09:37:07.017245,299.42,299.44,-1,0.060000000000002274,0.08682592454789528,1,1,0.0,0.00293
350,2020-01-07 09:37:08,N,AAPL,299.42,1.0,299.44,2.0,0.0,-2.0,2020-01-07 09:37:08.076556,299.41,299.47,0,0.01999999999998181,0.08621803977268883,1,-1,-0.3333333333333333,0.00293
351,2020-01-07 09:37:09,N,AAPL,299.41,1.0,299.47,2.0,-1.0,1.0,2020-01-07 09:37:09.247778,299.41,299.47,0,0.060000000000002274,0.07780653318883424,1,1,-0.3333333333333333,0.00293
352,2020-01-07 09:37:10,N,AAPL,299.41,2.0,299.47,4.0,0.0,3.0,2020-01-07 09:37:10.120986,299.41,299.45,0,0.060000000000002274,0.07562799997720049,1,1,-0.3333333333333333,0.00293
353,2020-01-07 09:37:11,N,AAPL,299.41,1.0,299.45,2.0,0.0,0.0,2020-01-07 09:37:11.000219,299.44,299.49,0,0.03999999999996362,0.07389290223358103,1,-1,-0.3333333333333333,0.0033
354,2020-01-07 09:37:12,N,AAPL,299.44,2.0,299.49,5.0,0.0,4.0,2020-01-07 09:37:12.146717,299.44,299.5,0,0.05000000000001137,0.07110630189959011,1,1,-0.42857142857142855,0.0033
355,2020-01-07 09:37:13,N,AAPL,299.44,2.0,299.5,2.0,0.0,1.0,2020-01-07 09:37:13.677356,299.44,299.51,0,0.060000000000002274,0.07099305369115427,1,1,0.0,0.0033
356,2020-01-07 09:37:14,N,AAPL,299.44,2.0,299.51,1.0,0.0,0.0,2020-01-07 09:37:14.028913,299.51,299.56,0,0.06999999999999318,0.07220447167816246,1,1,0.3333333333333333,0.0033
357,2020-01-07 09:37:15,N,AAPL,299.51,1.0,299.56,5.0,-1.0,4.0,2020-01-07 09:37:15.392497,299.36,299.4,-1,0.05000000000001137,0.06771407242939631,1,-1,-0.6666666666666666,0.0033
358,2020-01-07 09:37:16,N,AAPL,299.36,1.0,299.4,2.0,0.0,0.0,2020-01-07 09:37:16.861975,299.28,299.33,-1,0.03999999999996362,0.06634463155552339,1,-1,-0.3333333333333333,0.0033
359,2020-01-07 09:37:17,N,AAPL,299.28,1.0,299.33,2.0,0.0,-2.0,2020-01-07 09:37:17.190326,299.27,299.32,0,0.05000000000001137,0.06528305611669794,1,1,-0.3333333333333333,0.0033
360,2020-01-07 09:37:18,N,AAPL,299.27,5.0,299.32,2.0,4.0,0.0,2020-01-07 09:37:18.129168,299.26,299.31,0,0.05000000000001137,0.06923043149589603,1,1,0.42857142857142855,0.0033
361,2020-01-07 09:37:19,N,AAPL,299.26,2.0,299.31,2.0,1.0,0.0,2020-01-07 09:37:19.421204,299.31,299.34,0,0.05000000000001137,0.07041739951671389,1,1,0.0,0.0033
362,2020-01-07 09:37:20,N,AAPL,299.31,2.0,299.34,2.0,1.0,0.0,2020-01-07 09:37:20.075247,299.31,299.35,0,0.029999999999972715,0.07028609828086019,1,-1,0.0,0.0033
363,2020-01-07 09:37:21,N,AAPL,299.31,1.0,299.35,2.0,0.0,-1.0,2020-01-07 09:37:21.362394,299.3,299.35,0,0.040000000000020464,0.06881931597985158,1,1,-0.3333333333333333,0.0033
364,2020-01-07 09:37:22,N,AAPL,299.3,1.0,299.35,2.0,-1.0,1.0,2020-01-07 09:37:22.281009,299.33,299.36,0,0.05000000000001137,0.06748225038717237,1,1,-0.3333333333333333,0.0033
365,2020-01-07 09:37:23,N,AAPL,299.33,1.0,299.36,3.0,-2.0,0.0,2020-01-07 09:37:23.131425,299.31,299.38,0,0.03000000000002956,0.06471281439604581,1,-1,-0.5,0.0033
366,2020-01-07 09:37:24,N,AAPL,299.31,2.0,299.38,2.0,0.0,1.0,2020-01-07 09:37:24.133016,299.38,299.42,0,0.06999999999999318,0.06527565037458771,1,1,0.0,0.0033
367,2020-01-07 09:37:26,N,AAPL,299.38,2.0,299.42,2.0,0.0,0.0,2020-01-07 09:37:26.103532,299.41,299.47,0,0.040000000000020464,0.06586064839353867,1,-1,0.0,0.0033
368,2020-01-07 09:37:27,N,AAPL,299.41,2.0,299.47,4.0,-1.0,1.0,2020-01-07 09:37:27.013363,299.44,299.5,0,0.060000000000002274,0.06336440465901205,1,1,-0.3333333333333333,0.0033
369,2020-01-07 09:37:28,N,AAPL,299.44,2.0,299.5,2.0,0.0,1.0,2020-01-07 09:37:28.029099,299.44,299.49,0,0.060000000000002274,0.06412921119641624,1,1,0.0,0.0033
370,2020-01-07 09:37:29,N,AAPL,299.44,2.0,299.49,4.0,0.0,2.0,2020-01-07 09:37:29.519192,299.38,299.43,-1,0.05000000000001137,0.061017796546309455,1,-1,-0.3333333333333333,0.0033
371,2020-01-07 09:37:30,N,AAPL,299.38,3.0,299.43,3.0,1.0,1.0,2020-01-07 09:37:30.058802,299.38,299.43,0,0.05000000000001137,0.060252284985551796,1,1,0.0,0.0033
372,2020-01-07 09:37:31,N,AAPL,299.38,2.0,299.43,2.0,0.0,0.0,2020-01-07 09:37:31.050829,299.37,299.42,0,0.05000000000001137,0.06220853459427644,1,1,0.0,0.0033
373,2020-01-07 09:37:32,N,AAPL,299.37,1.0,299.42,1.0,0.0,0.0,2020-01-07 09:37:32.045566,299.35,299.41,0,0.05000000000001137,0.06333521025294431,1,1,0.0,0.0033
374,2020-01-07 09:37:33,N,AAPL,299.35,5.0,299.41,4.0,4.0,2.0,2020-01-07 09:37:33.067778,299.45,299.51,1,0.060000000000002274,0.06367171974289931,1,1,0.1111111111111111,0.0033
375,2020-01-07 09:37:34,N,AAPL,299.45,1.0,299.51,2.0,-1.0,1.0,2020-01-07 09:37:34.483048,299.45,299.51,0,0.060000000000002274,0.06319590097479022,1,1,-0.3333333333333333,0.0033
376,2020-01-07 09:37:35,N,AAPL,299.45,1.0,299.51,2.0,0.0,0.0,2020-01-07 09:37:35.067384,299.48,299.53,0,0.060000000000002274,0.06149587297272774,1,1,-0.3333333333333333,0.0033
377,2020-01-07 09:37:36,N,AAPL,299.48,2.0,299.53,3.0,1.0,1.0,2020-01-07 09:37:36.027207,299.48,299.51,0,0.049999999999954525,0.05976773742327168,1,-1,-0.2,0.0033
378,2020-01-07 09:37:37,N,AAPL,299.48,1.0,299.51,2.0,-1.0,0.0,2020-01-07 09:37:37.734861,299.48,299.52,0,0.029999999999972715,0.05749875756748679,1,-1,-0.3333333333333333,0.0033
379,2020-01-07 09:37:38,N,AAPL,299.48,3.0,299.52,4.0,0.0,-1.0,2020-01-07 09:37:38.060643,299.48,299.53,0,0.03999999999996362,0.05678407746324865,1,1,-0.14285714285714285,0.0033
380,2020-01-07 09:37:39,N,AAPL,299.48,3.0,299.53,3.0,2.0,0.0,2020-01-07 09:37:39.160123,299.5,299.53,0,0.049999999999954525,0.05844364459051121,1,1,0.0,0.0033
381,2020-01-07 09:37:40,N,AAPL,299.5,1.0,299.53,1.0,-2.0,-2.0,2020-01-07 09:37:40.629235,299.52,299.56,0,0.029999999999972715,0.05800462455874822,1,-1,0.0,0.0033
382,2020-01-07 09:37:41,N,AAPL,299.52,2.0,299.56,1.0,0.0,0.0,2020-01-07 09:37:41.026593,299.53,299.56,0,0.040000000000020464,0.057404514968709464,1,1,0.3333333333333333,0.0033
383,2020-01-07 09:37:42,N,AAPL,299.53,1.0,299.56,4.0,0.0,-1.0,2020-01-07 09:37:42.010786,299.53,299.57,0,0.03000000000002956,0.05530981068733354,1,-1,-0.6,0.0033
384,2020-01-07 09:37:44,N,AAPL,299.53,1.0,299.57,3.0,-1.0,1.0,2020-01-07 09:37:44.352870,299.44,299.49,-1,0.040000000000020464,0.052282271782075895,1,1,-0.5,0.0033
385,2020-01-07 09:37:45,N,AAPL,299.44,1.0,299.49,2.0,-1.0,-2.0,2020-01-07 09:37:45.306753,299.4,299.42,-1,0.05000000000001137,0.0508963116395762,1,1,-0.3333333333333333,0.0033
386,2020-01-07 09:37:48,N,AAPL,299.4,1.0,299.42,2.0,-1.0,0.0,2020-01-07 09:37:48.398250,299.37,299.42,0,0.020000000000038654,0.04959841637514728,1,-1,-0.3333333333333333,0.0033
387,2020-01-07 09:37:50,N,AAPL,299.37,1.0,299.42,3.0,0.0,-1.0,2020-01-07 09:37:50.153043,299.41,299.45,0,0.05000000000001137,0.04718674275864032,0,1,-0.5,0.0033
388,2020-01-07 09:37:51,N,AAPL,299.41,2.0,299.45,1.0,1.0,-2.0,2020-01-07 09:37:51.116325,299.44,299.45,0,0.03999999999996362,0.04767090100261839,0,-1,0.3333333333333333,0.0033
389,2020-01-07 09:37:54,N,AAPL,299.44,4.0,299.45,2.0,3.0,1.0,2020-01-07 09:37:54.631301,299.54,299.57,1,0.009999999999990905,0.04991558195229118,1,-1,0.3333333333333333,0.0033
390,2020-01-07 09:37:55,N,AAPL,299.54,3.0,299.57,2.0,1.0,0.0,2020-01-07 09:37:55.029515,299.56,299.59,0,0.029999999999972715,0.05072581281785915,1,1,0.2,0.0033
391,2020-01-07 09:37:56,N,AAPL,299.56,4.0,299.59,4.0,3.0,2.0,2020-01-07 09:37:56.782911,299.59,299.62,0,0.029999999999972715,0.05035798791959678,1,1,0.0,0.0033
392,2020-01-07 09:37:57,N,AAPL,299.59,2.0,299.62,2.0,1.0,0.0,2020-01-07 09:37:57.184281,299.58,299.62,0,0.03000000000002956,0.049894612142736605,1,1,0.0,0.0033
393,2020-01-07 09:37:58,N,AAPL,299.58,1.0,299.62,2.0,-1.0,1.0,2020-01-07 09:37:58.776988,299.57,299.62,0,0.040000000000020464,0.04898118670791973,1,1,-0.3333333333333333,0.0033
394,2020-01-07 09:37:59,N,AAPL,299.57,2.0,299.62,2.0,1.0,0.0,2020-01-07 09:37:59.050263,299.52,299.57,0,0.05000000000001137,0.04886294039175709,1,1,0.0,0.0033
395,2020-01-07 09:38:00,N,AAPL,299.52,5.0,299.57,2.0,3.0,0.0,2020-01-07 09:38:00.002448,299.48,299.51,-1,0.05000000000001137,0.051614851386148075,1,1,0.42857142857142855,0.0033
396,2020-01-07 09:38:01,N,AAPL,299.48,4.0,299.51,4.0,0.0,2.0,2020-01-07 09:38:01.987637,299.45,299.5,0,0.029999999999972715,0.05172559368736529,1,-1,0.0,0.0033
397,2020-01-07 09:38:02,N,AAPL,299.45,2.0,299.5,4.0,-2.0,0.0,2020-01-07 09:38:02.000323,299.37,299.4,-1,0.05000000000001137,0.04910051224834433,1,1,-0.3333333333333333,0.0033
398,2020-01-07 09:38:03,N,AAPL,299.37,1.0,299.4,2.0,-2.0,-2.0,2020-01-07 09:38:03.881570,299.33,299.36,-1,0.029999999999972715,0.04809866905890203,0,-1,-0.3333333333333333,0.0033
399,2020-01-07 09:38:04,N,AAPL,299.33,2.0,299.36,1.0,0.0,0.0,2020-01-07 09:38:04.415748,299.26,299.32,-1,0.03000000000002956,0.04923516078679313,1,1,0.3333333333333333,0.0033
400,2020-01-07 09:38:05,N,AAPL,299.26,2.0,299.32,4.0,0.0,3.0,2020-01-07 09:38:05.186280,299.28,299.32,0,0.060000000000002274,0.04678758034810926,0,1,-0.3333333333333333,0.0033
401,2020-01-07 09:38:06,N,AAPL,299.28,1.0,299.32,3.0,0.0,2.0,2020-01-07 09:38:06.276559,299.3,299.33,0,0.040000000000020464,0.044152959478083176,1,-1,-0.5,0.0033
402,2020-01-07 09:38:07,N,AAPL,299.3,2.0,299.33,1.0,1.0,-1.0,2020-01-07 09:38:07.111231,299.26,299.3,0,0.029999999999972715,0.04508299503828539,0,-1,0.3333333333333333,0.00382
403,2020-01-07 09:38:08,N,AAPL,299.26,2.0,299.3,2.0,1.0,-2.0,2020-01-07 09:38:08.206442,299.27,299.32,0,0.040000000000020464,0.044948240865949174,0,1,0.0,0.00382
404,2020-01-07 09:38:09,N,AAPL,299.27,4.0,299.32,2.0,2.0,1.0,2020-01-07 09:38:09.057481,299.28,299.3,0,0.05000000000001137,0.04680177681143505,0,1,0.3333333333333333,0.00382
405,2020-01-07 09:38:11,N,AAPL,299.28,2.0,299.3,1.0,-2.0,0.0,2020-01-07 09:38:11.263072,299.26,299.31,0,0.020000000000038654,0.04838641475481609,0,-1,0.3333333333333333,0.00382
406,2020-01-07 09:38:12,N,AAPL,299.26,5.0,299.31,4.0,4.0,2.0,2020-01-07 09:38:12.161927,299.25,299.28,0,0.05000000000001137,0.049509537998801534,1,1,0.1111111111111111,0.00382
407,2020-01-07 09:38:13,N,AAPL,299.25,1.0,299.28,1.0,0.0,-1.0,2020-01-07 09:38:13.551320,299.25,299.31,0,0.029999999999972715,0.049039062151393864,1,-1,0.0,0.00382
408,2020-01-07 09:38:14,N,AAPL,299.25,2.0,299.31,3.0,0.0,1.0,2020-01-07 09:38:14.004180,299.18,299.23,-1,0.060000000000002274,0.04819156293217475,0,1,-0.2,0.00382
409,2020-01-07 09:38:15,N,AAPL,299.18,4.0,299.23,1.0,3.0,-2.0,2020-01-07 09:38:15.497373,299.2,299.26,0,0.05000000000001137,0.053225945784959094,1,-1,0.6,0.00382
410,2020-01-07 09:38:16,N,AAPL,299.2,2.0,299.26,4.0,1.0,2.0,2020-01-07 09:38:16.077092,299.25,299.28,0,0.060000000000002274,0.04956473307527176,1,1,-0.3333333333333333,0.00382
411,2020-01-07 09:38:17,N,AAPL,299.25,2.0,299.28,2.0,1.0,0.0,2020-01-07 09:38:17.069193,299.2,299.26,0,0.029999999999972715,0.04864574665532473,0,-1,0.0,0.00382
412,2020-01-07 09:38:18,N,AAPL,299.2,2.0,299.26,1.0,-2.0,-3.0,2020-01-07 09:38:18.077858,299.15,299.18,-1,0.060000000000002274,0.05051960762386898,1,1,0.3333333333333333,0.00382
413,2020-01-07 09:38:19,N,AAPL,299.15,1.0,299.18,2.0,0.0,0.0,2020-01-07 09:38:19.095608,299.17,299.22,0,0.03000000000002956,0.04919242986892414,1,-1,-0.3333333333333333,0.00382
414,2020-01-07 09:38:20,N,AAPL,299.17,2.0,299.22,2.0,1.0,0.0,2020-01-07 09:38:20.031282,299.13,299.17,0,0.05000000000001137,0.049116967175280024,1,1,0.0,0.00382
415,2020-01-07 09:38:21,N,AAPL,299.13,1.0,299.17,4.0,-1.0,3.0,2020-01-07 09:38:21.260567,299.14,299.22,0,0.040000000000020464,0.04537500000003547,0,-1,-0.6,0.00382
416,2020-01-07 09:38:22,N,AAPL,299.14,2.0,299.22,1.0,0.0,-1.0,2020-01-07 09:38:22.013093,299.17,299.22,0,0.08000000000004093,0.04602744085059385,0,1,0.3333333333333333,0.00382
417,2020-01-07 09:38:23,N,AAPL,299.17,2.0,299.22,3.0,0.0,-1.0,2020-01-07 09:38:23.005129,299.18,299.22,0,0.05000000000001137,0.04477955135587308,1,-1,-0.2,0.00382
418,2020-01-07 09:38:24,N,AAPL,299.18,4.0,299.22,1.0,2.0,0.0,2020-01-07 09:38:24.113736,299.11,299.17,-1,0.040000000000020464,0.048037292507899565,0,-1,0.6,0.00382
419,2020-01-07 09:38:25,N,AAPL,299.11,2.0,299.17,4.0,0.0,2.0,2020-01-07 09:38:25.029623,299.1,299.15,0,0.060000000000002274,0.04601836917555602,0,1,-0.3333333333333333,0.00382
420,2020-01-07 09:38:26,N,AAPL,299.1,21.0,299.15,2.0,0.0,-2.0,2020-01-07 09:38:26.095291,299.09,299.13,0,0.049999999999954525,0.07262572716695104,1,-1,0.8260869565217391,0.00382
421,2020-01-07 09:38:27,N,AAPL,299.09,5.0,299.13,2.0,4.0,-2.0,2020-01-07 09:38:27.215794,299.06,299.11,0,0.040000000000020464,0.07590179481582027,1,-1,0.42857142857142855,0.00382
422,2020-01-07 09:38:28,N,AAPL,299.06,2.0,299.11,1.0,1.0,-1.0,2020-01-07 09:38:28.826264,299.06,299.1,0,0.05000000000001137,0.0772466142420285,1,1,0.3333333333333333,0.00382
423,2020-01-07 09:38:29,N,AAPL,299.06,1.0,299.1,2.0,-1.0,1.0,2020-01-07 09:38:29.382301,299.07,299.11,0,0.040000000000020464,0.07566207951060733,1,-1,-0.3333333333333333,0.00382
424,2020-01-07 09:38:30,N,AAPL,299.07,2.0,299.11,1.0,0.0,-1.0,2020-01-07 09:38:30.199160,299.05,299.09,0,0.040000000000020464,0.07695724258280734,1,1,0.3333333333333333,0.00382
425,2020-01-07 09:38:31,N,AAPL,299.05,2.0,299.09,4.0,0.0,3.0,2020-01-07 09:38:31.225182,299.06,299.11,0,0.03999999999996362,0.07381064572422247,1,-1,-0.3333333333333333,0.00382
426,2020-01-07 09:38:32,N,AAPL,299.06,4.0,299.11,2.0,0.0,-1.0,2020-01-07 09:38:32.473481,299.07,299.1,0,0.05000000000001137,0.07632337399627431,1,1,0.3333333333333333,0.00382
427,2020-01-07 09:38:33,N,AAPL,299.07,1.0,299.1,4.0,-3.0,3.0,2020-01-07 09:38:33.388960,299.02,299.04,-1,0.03000000000002956,0.07163043144100811,1,-1,-0.6,0.00382
428,2020-01-07 09:38:34,N,AAPL,299.02,2.0,299.04,2.0,0.0,-3.0,2020-01-07 09:38:34.346612,299.02,299.04,0,0.020000000000038654,0.07135896593177904,1,-1,0.0,0.00382
429,2020-01-07 09:38:35,N,AAPL,299.02,5.0,299.04,1.0,4.0,-1.0,2020-01-07 09:38:35.793440,299.03,299.07,0,0.020000000000038654,0.07631600527412274,1,1,0.6666666666666666,0.00382
430,2020-01-07 09:38:36,N,AAPL,299.03,2.0,299.07,4.0,-2.0,0.0,2020-01-07 09:38:36.045850,299.05,299.09,0,0.040000000000020464,0.07295561719820398,1,1,-0.3333333333333333,0.00382
431,2020-01-07 09:38:37,N,AAPL,299.05,4.0,299.09,1.0,-3.0,-2.0,2020-01-07 09:38:37.352826,298.97,299.01,-1,0.03999999999996362,0.07711402197566031,1,-1,0.6,0.00382
432,2020-01-07 09:38:38,N,AAPL,298.97,1.0,299.01,1.0,0.0,-1.0,2020-01-07 09:38:38.085339,299.0,299.05,0,0.03999999999996362,0.07751204666936928,1,1,0.0,0.00382
433,2020-01-07 09:38:39,N,AAPL,299.0,2.0,299.05,4.0,0.0,0.0,2020-01-07 09:38:39.024775,299.02,299.06,0,0.05000000000001137,0.07218565429951695,1,1,-0.3333333333333333,0.00382
434,2020-01-07 09:38:41,N,AAPL,299.02,1.0,299.06,1.0,-3.0,-1.0,2020-01-07 09:38:41.612032,299.02,299.06,0,0.040000000000020464,0.07246296262474061,1,-1,0.0,0.00382
435,2020-01-07 09:38:42,N,AAPL,299.02,6.0,299.06,1.0,-1.0,-5.0,2020-01-07 09:38:42.209639,298.98,299.04,0,0.040000000000020464,0.07906740127947387,1,1,0.7142857142857143,0.00382
436,2020-01-07 09:38:43,N,AAPL,298.98,2.0,299.04,2.0,-4.0,0.0,2020-01-07 09:38:43.212570,299.04,299.07,0,0.060000000000002274,0.07880854287236616,1,1,0.0,0.00382
437,2020-01-07 09:38:44,N,AAPL,299.04,4.0,299.07,1.0,2.0,-1.0,2020-01-07 09:38:44.270518,299.06,299.1,0,0.029999999999972715,0.08273276373535055,1,-1,0.6,0.00382
438,2020-01-07 09:38:45,N,AAPL,299.06,4.0,299.1,1.0,0.0,0.0,2020-01-07 09:38:45.063683,299.06,299.1,0,0.040000000000020464,0.08677868162698132,1,1,0.6,0.00382
439,2020-01-07 09:38:46,N,AAPL,299.06,4.0,299.1,1.0,2.0,-1.0,2020-01-07 09:38:46.033891,299.05,299.09,0,0.040000000000020464,0.09050874510148788,1,1,0.6,0.00382
440,2020-01-07 09:38:47,N,AAPL,299.05,2.0,299.09,2.0,0.0,1.0,2020-01-07 09:38:47.044681,299.06,299.1,0,0.03999999999996362,0.09019696636465824,1,-1,0.0,0.00382
441,2020-01-07 09:38:48,N,AAPL,299.06,2.0,299.1,1.0,1.0,0.0,2020-01-07 09:38:48.051261,299.05,299.09,0,0.040000000000020464,0.09170390507551929,1,1,0.3333333333333333,0.00382
442,2020-01-07 09:38:50,N,AAPL,299.05,2.0,299.09,2.0,-2.0,0.0,2020-01-07 09:38:50.126236,299.04,299.05,0,0.03999999999996362,0.09132776345455795,1,-1,0.0,0.00382
443,2020-01-07 09:38:52,N,AAPL,299.04,1.0,299.05,3.0,-1.0,-1.0,2020-01-07 09:38:52.029084,298.97,299.01,-1,0.009999999999990905,0.08930419570350523,1,-1,-0.5,0.00382
444,2020-01-07 09:38:53,N,AAPL,298.97,2.0,299.01,4.0,1.0,2.0,2020-01-07 09:38:53.822489,298.93,298.97,0,0.03999999999996362,0.0870687647573618,1,1,-0.3333333333333333,0.00382
445,2020-01-07 09:38:54,N,AAPL,298.93,2.0,298.97,2.0,0.0,-2.0,2020-01-07 09:38:54.175101,298.83,298.87,-1,0.040000000000020464,0.08635016375797022,1,1,0.0,0.00382
446,2020-01-07 09:38:55,N,AAPL,298.83,2.0,298.87,3.0,-1.0,1.0,2020-01-07 09:38:55.196375,298.92,298.97,1,0.040000000000020464,0.08429840427817226,1,1,-0.2,0.00394
447,2020-01-07 09:38:56,N,AAPL,298.92,1.0,298.97,1.0,0.0,0.0,2020-01-07 09:38:56.036995,298.91,298.95,0,0.05000000000001137,0.09315277777778874,1,1,0.0,0.00394
448,2020-01-07 09:38:57,N,AAPL,298.91,1.0,298.95,1.0,0.0,0.0,2020-01-07 09:38:57.323339,298.9,298.94,0,0.03999999999996362,0.09364470794906765,1,-1,0.0,0.00394
449,2020-01-07 09:38:58,N,AAPL,298.9,3.0,298.94,3.0,1.0,2.0,2020-01-07 09:38:58.292394,298.81,298.87,-1,0.040000000000020464,0.09385387811641976,1,1,0.0,0.00394
450,2020-01-07 09:38:59,N,AAPL,298.81,3.0,298.87,4.0,0.0,2.0,2020-01-07 09:38:59.359306,298.85,298.88,0,0.060000000000002274,0.09386236011289384,1,1,-0.14285714285714285,0.00394
451,2020-01-07 09:39:00,N,AAPL,298.85,1.0,298.88,3.0,-2.0,2.0,2020-01-07 09:39:00.194448,298.77,298.79,-1,0.029999999999972715,0.08994653902902883,1,-1,-0.5,0.00394
452,2020-01-07 09:39:01,N,AAPL,298.77,2.0,298.79,2.0,0.0,1.0,2020-01-07 09:39:01.149415,298.7,298.75,-1,0.020000000000038654,0.08690812811482829,1,-1,0.0,0.00394
453,2020-01-07 09:39:02,N,AAPL,298.7,2.0,298.75,4.0,0.0,2.0,2020-01-07 09:39:02.340683,298.68,298.73,0,0.05000000000001137,0.0823777276559099,1,1,-0.3333333333333333,0.00394
454,2020-01-07 09:39:03,N,AAPL,298.68,1.0,298.73,2.0,-3.0,0.0,2020-01-07 09:39:03.117900,298.72,298.75,0,0.05000000000001137,0.08102780119475028,1,1,-0.3333333333333333,0.00394
455,2020-01-07 09:39:04,N,AAPL,298.72,4.0,298.75,2.0,2.0,-3.0,2020-01-07 09:39:04.000858,298.61,298.69,-1,0.029999999999972715,0.08474651061357008,1,-1,0.3333333333333333,0.00394
456,2020-01-07 09:39:05,N,AAPL,298.61,1.0,298.69,2.0,-3.0,1.0,2020-01-07 09:39:05.024160,298.55,298.58,-1,0.07999999999998408,0.08283933497847329,1,1,-0.3333333333333333,0.00394
457,2020-01-07 09:39:06,N,AAPL,298.55,1.0,298.58,2.0,-3.0,1.0,2020-01-07 09:39:06.130024,298.59,298.63,1,0.029999999999972715,0.08421485411145113,1,-1,-0.3333333333333333,0.00394
458,2020-01-07 09:39:07,N,AAPL,298.59,1.0,298.63,2.0,0.0,0.0,2020-01-07 09:39:07.184974,298.55,298.58,-1,0.040000000000020464,0.08286567229703223,1,1,-0.3333333333333333,0.00394
459,2020-01-07 09:39:08,N,AAPL,298.55,1.0,298.58,2.0,0.0,0.0,2020-01-07 09:39:08.514162,298.46,298.5,-1,0.029999999999972715,0.08078919025854248,1,-1,-0.3333333333333333,0.00394
460,2020-01-07 09:39:09,N,AAPL,298.46,1.0,298.5,2.0,-1.0,0.0,2020-01-07 09:39:09.035925,298.4,298.45,-1,0.040000000000020464,0.07859162989302604,1,1,-0.3333333333333333,0.00394
461,2020-01-07 09:39:10,N,AAPL,298.4,2.0,298.45,4.0,0.0,1.0,2020-01-07 09:39:10.107414,298.35,298.46,0,0.05000000000001137,0.07489286347066582,1,1,-0.3333333333333333,0.00394
462,2020-01-07 09:39:11,N,AAPL,298.35,2.0,298.46,2.0,0.0,1.0,2020-01-07 09:39:11.027277,298.39,298.47,0,0.1099999999999568,0.07574324644775743,1,1,0.0,0.00394
463,2020-01-07 09:39:12,N,AAPL,298.39,1.0,298.47,3.0,0.0,2.0,2020-01-07 09:39:12.217764,298.46,298.52,0,0.08000000000004093,0.06865153846160865,1,-1,-0.5,0.00394
464,2020-01-07 09:39:14,N,AAPL,298.46,3.0,298.52,1.0,1.0,0.0,2020-01-07 09:39:14.229388,298.52,298.55,0,0.060000000000002274,0.0679129766037363,1,-1,0.5,0.00394
465,2020-01-07 09:39:15,N,AAPL,298.52,1.0,298.55,4.0,-1.0,2.0,2020-01-07 09:39:15.177620,298.47,298.55,0,0.03000000000002956,0.059731819021351384,1,-1,-0.6,0.00394
466,2020-01-07 09:39:16,N,AAPL,298.47,4.0,298.55,1.0,2.0,-1.0,2020-01-07 09:39:16.122691,298.5,298.54,0,0.07999999999998408,0.0653249513212586,1,1,0.6,0.00394
467,2020-01-07 09:39:17,N,AAPL,298.5,2.0,298.54,1.0,0.0,-1.0,2020-01-07 09:39:17.043645,298.54,298.58,0,0.040000000000020464,0.06614541799427798,1,-1,0.3333333333333333,0.00394
468,2020-01-07 09:39:18,N,AAPL,298.54,2.0,298.58,1.0,0.0,-1.0,2020-01-07 09:39:18.388783,298.52,298.57,0,0.03999999999996362,0.06685174263338922,1,-1,0.3333333333333333,0.00394
469,2020-01-07 09:39:19,N,AAPL,298.52,2.0,298.57,1.0,0.0,-3.0,2020-01-07 09:39:19.108128,298.61,298.66,1,0.05000000000001137,0.06856573705186975,1,1,0.3333333333333333,0.00394
470,2020-01-07 09:39:20,N,AAPL,298.61,1.0,298.66,2.0,0.0,0.0,2020-01-07 09:39:20.123674,298.57,298.6,-1,0.05000000000001137,0.0646605043892805,1,1,-0.3333333333333333,0.00394
471,2020-01-07 09:39:21,N,AAPL,298.57,1.0,298.6,5.0,-1.0,3.0,2020-01-07 09:39:21.722024,298.54,298.58,0,0.03000000000002956,0.05688615245759365,1,-1,-0.6666666666666666,0.00394
472,2020-01-07 09:39:22,N,AAPL,298.54,5.0,298.58,2.0,4.0,0.0,2020-01-07 09:39:22.035079,298.69,298.72,1,0.03999999999996362,0.05783009665691452,1,1,0.42857142857142855,0.00394
473,2020-01-07 09:39:23,N,AAPL,298.69,2.0,298.72,3.0,0.0,0.0,2020-01-07 09:39:23.366483,298.61,298.64,-1,0.03000000000002956,0.05585730949394474,1,-1,-0.2,0.00394
474,2020-01-07 09:39:24,N,AAPL,298.61,1.0,298.64,2.0,-1.0,1.0,2020-01-07 09:39:24.101069,298.63,298.69,0,0.029999999999972715,0.055941198684706706,1,-1,-0.3333333333333333,0.00394
475,2020-01-07 09:39:25,N,AAPL,298.63,2.0,298.69,2.0,0.0,0.0,2020-01-07 09:39:25.185950,298.69,298.72,0,0.060000000000002274,0.05575859788359594,1,1,0.0,0.00394
476,2020-01-07 09:39:26,N,AAPL,298.69,4.0,298.72,3.0,3.0,2.0,2020-01-07 09:39:26.490228,298.78,298.82,1,0.03000000000002956,0.05695174069978748,1,-1,0.14285714285714285,0.00394
477,2020-01-07 09:39:27,N,AAPL,298.78,2.0,298.82,2.0,0.0,1.0,2020-01-07 09:39:27.119797,298.73,298.78,0,0.040000000000020464,0.056730017471068095,1,1,0.0,0.00394
478,2020-01-07 09:39:28,N,AAPL,298.73,2.0,298.78,6.0,-1.0,0.0,2020-01-07 09:39:28.137027,298.7,298.77,0,0.049999999999954525,0.0490891266636595,0,1,-0.5,0.00394
479,2020-01-07 09:39:29,N,AAPL,298.7,2.0,298.77,1.0,1.0,0.0,2020-01-07 09:39:29.011162,298.64,298.7,0,0.06999999999999318,0.050561735220867376,0,1,0.3333333333333333,0.00394
480,2020-01-07 09:39:30,N,AAPL,298.64,2.0,298.7,4.0,-70.0,3.0,2020-01-07 09:39:30.377998,298.65,298.72,0,0.060000000000002274,0.04133589856354547,1,-1,-0.3333333333333333,0.00394
481,2020-01-07 09:39:31,N,AAPL,298.65,4.0,298.72,2.0,1.0,0.0,2020-01-07 09:39:31.000028,298.66,298.72,0,0.07000000000005002,0.043249233464791814,1,1,0.3333333333333333,0.00394
482,2020-01-07 09:39:32,N,AAPL,298.66,3.0,298.72,2.0,2.0,0.0,2020-01-07 09:39:32.432746,298.66,298.72,0,0.060000000000002274,0.04452887139109407,1,-1,0.2,0.00394
483,2020-01-07 09:39:33,N,AAPL,298.66,2.0,298.72,1.0,1.0,-1.0,2020-01-07 09:39:33.054643,298.63,298.65,-1,0.060000000000002274,0.043598491088175706,1,1,0.3333333333333333,0.00394
484,2020-01-07 09:39:34,N,AAPL,298.63,23.0,298.65,2.0,22.0,-1.0,2020-01-07 09:39:34.427620,298.63,298.67,0,0.01999999999998181,0.07655880354468536,1,-1,0.84,0.00394
485,2020-01-07 09:39:35,N,AAPL,298.63,22.0,298.67,1.0,19.0,0.0,2020-01-07 09:39:35.149886,298.59,298.66,0,0.040000000000020464,0.10672233309190915,1,1,0.9130434782608695,0.00394
486,2020-01-07 09:39:36,N,AAPL,298.59,1.0,298.66,2.0,-1.0,0.0,2020-01-07 09:39:36.348914,298.65,298.73,0,0.07000000000005002,0.10368699316200036,1,1,-0.3333333333333333,0.00394
487,2020-01-07 09:39:37,N,AAPL,298.65,3.0,298.73,2.0,2.0,0.0,2020-01-07 09:39:37.434060,298.68,298.76,0,0.08000000000004093,0.10650314590094467,1,1,0.2,0.00437
488,2020-01-07 09:39:38,N,AAPL,298.68,2.0,298.76,2.0,1.0,0.0,2020-01-07 09:39:38.088921,298.76,298.81,0,0.07999999999998408,0.1060060970307859,1,-1,0.0,0.00437
489,2020-01-07 09:39:39,N,AAPL,298.76,2.0,298.81,4.0,0.0,1.0,2020-01-07 09:39:39.309167,298.75,298.82,0,0.05000000000001137,0.10159294855702683,1,-1,-0.3333333333333333,0.00437
490,2020-01-07 09:39:40,N,AAPL,298.75,2.0,298.82,2.0,-3.0,0.0,2020-01-07 09:39:40.093036,298.84,298.87,1,0.06999999999999318,0.1000493449009241,1,1,0.0,0.00437
491,2020-01-07 09:39:41,N,AAPL,298.84,2.0,298.87,2.0,0.0,0.0,2020-01-07 09:39:41.531692,298.87,298.91,0,0.03000000000002956,0.09042490309229834,1,-1,0.0,0.00437
492,2020-01-07 09:39:42,N,AAPL,298.87,2.0,298.91,2.0,-2.0,0.0,2020-01-07 09:39:42.687144,298.99,299.01,1,0.040000000000020464,0.0888767780814419,1,1,0.0,0.00437
493,2020-01-07 09:39:44,N,AAPL,298.99,4.0,299.01,2.0,2.0,0.0,2020-01-07 09:39:44.320331,299.02,299.07,1,0.01999999999998181,0.08676648184319902,1,-1,0.3333333333333333,0.00437
494,2020-01-07 09:39:45,N,AAPL,299.02,1.0,299.07,2.0,-3.0,0.0,2020-01-07 09:39:45.136009,299.13,299.19,1,0.05000000000001137,0.08548917004424084,1,1,-0.3333333333333333,0.00437
495,2020-01-07 09:39:46,N,AAPL,299.13,2.0,299.19,4.0,0.0,2.0,2020-01-07 09:39:46.146607,299.15,299.19,0,0.060000000000002274,0.0853627986729748,1,1,-0.3333333333333333,0.00437
496,2020-01-07 09:39:47,N,AAPL,299.15,2.0,299.19,2.0,0.0,-2.0,2020-01-07 09:39:47.002147,299.18,299.23,0,0.040000000000020464,0.08172804858901372,1,-1,0.0,0.00437
497,2020-01-07 09:39:48,N,AAPL,299.18,2.0,299.23,2.0,0.0,0.0,2020-01-07 09:39:48.616099,299.17,299.19,0,0.05000000000001137,0.08126757072807322,1,1,0.0,0.00437
498,2020-01-07 09:39:49,N,AAPL,299.17,2.0,299.19,4.0,0.0,2.0,2020-01-07 09:39:49.293393,299.16,299.2,0,0.01999999999998181,0.0790211004832031,1,-1,-0.3333333333333333,0.00437
499,2020-01-07 09:39:50,N,AAPL,299.16,1.0,299.2,4.0,-1.0,2.0,2020-01-07 09:39:50.427931,299.16,299.19,0,0.03999999999996362,0.07285935563822932,1,1,-0.6,0.00437
500,2020-01-07 09:39:51,N,AAPL,299.16,1.0,299.19,2.0,-1.0,0.0,2020-01-07 09:39:51.033774,299.06,299.12,-1,0.029999999999972715,0.07061119000888993,1,-1,-0.3333333333333333,0.00437
501,2020-01-07 09:39:52,N,AAPL,299.06,4.0,299.12,1.0,3.0,-1.0,2020-01-07 09:39:52.128776,299.06,299.13,0,0.060000000000002274,0.07264312003331952,1,1,0.6,0.00437
502,2020-01-07 09:39:53,N,AAPL,299.06,1.0,299.13,1.0,-3.0,0.0,2020-01-07 09:39:53.048582,299.07,299.11,0,0.06999999999999318,0.07228758192729856,1,1,0.0,0.00437
503,2020-01-07 09:39:55,N,AAPL,299.07,2.0,299.11,3.0,1.0,-1.0,2020-01-07 09:39:55.571743,299.11,299.13,0,0.040000000000020464,0.03399795900645586,1,-1,-0.2,0.00437
504,2020-01-07 09:39:57,N,AAPL,299.11,2.0,299.13,2.0,0.0,-2.0,2020-01-07 09:39:57.014678,299.13,299.18,0,0.01999999999998181,0.03205094008200149,1,-1,0.0,0.00437
505,2020-01-07 09:39:58,N,AAPL,299.13,2.0,299.18,4.0,0.0,3.0,2020-01-07 09:39:58.182638,299.08,299.14,0,0.05000000000001137,0.03004846622468449,1,1,-0.3333333333333333,0.00437
506,2020-01-07 09:39:59,N,AAPL,299.08,3.0,299.14,1.0,2.0,-1.0,2020-01-07 09:39:59.028212,299.1,299.14,0,0.060000000000002274,0.030536435856902244,1,1,0.5,0.00437
507,2020-01-07 09:40:00,N,AAPL,299.1,5.0,299.14,1.0,0.0,0.0,2020-01-07 09:40:00.055411,298.93,298.98,-1,0.03999999999996362,0.03587174994140696,1,-1,0.6666666666666666,0.00437
508,2020-01-07 09:40:01,N,AAPL,298.93,1.0,298.98,1.0,0.0,0.0,2020-01-07 09:40:01.357175,298.89,298.92,-1,0.05000000000001137,0.03671855357953291,1,1,0.0,0.00437
509,2020-01-07 09:40:04,N,AAPL,298.89,1.0,298.92,1.0,0.0,0.0,2020-01-07 09:40:04.378117,298.85,298.89,0,0.03000000000002956,0.040767992215648974,1,-1,0.0,0.00437
510,2020-01-07 09:40:05,N,AAPL,298.85,1.0,298.89,1.0,-1.0,-1.0,2020-01-07 09:40:05.082855,298.85,298.88,0,0.03999999999996362,0.04017702503682585,1,1,0.0,0.00437
511,2020-01-07 09:40:06,N,AAPL,298.85,1.0,298.88,3.0,-1.0,1.0,2020-01-07 09:40:06.569588,298.79,298.86,0,0.029999999999972715,0.038643237968187805,1,-1,-0.5,0.00437
512,2020-01-07 09:40:07,N,AAPL,298.79,4.0,298.86,2.0,3.0,0.0,2020-01-07 09:40:07.275630,298.83,298.91,0,0.06999999999999318,0.04028937919139253,1,1,0.3333333333333333,0.00437
513,2020-01-07 09:40:08,N,AAPL,298.83,1.0,298.91,4.0,0.0,3.0,2020-01-07 09:40:08.055973,298.83,298.87,0,0.08000000000004093,0.03657420317830429,1,1,-0.6,0.00437
514,2020-01-07 09:40:10,N,AAPL,298.83,2.0,298.87,2.0,-2.0,1.0,2020-01-07 09:40:10.002814,298.69,298.74,-1,0.040000000000020464,0.03723544636955012,1,-1,0.0,0.00437
515,2020-01-07 09:40:11,N,AAPL,298.69,2.0,298.74,2.0,0.0,0.0,2020-01-07 09:40:11.690738,298.72,298.81,0,0.05000000000001137,0.03734525613162987,1,1,0.0,0.00437
516,2020-01-07 09:40:12,N,AAPL,298.72,1.0,298.81,1.0,-6.0,0.0,2020-01-07 09:40:12.392006,298.69,298.75,0,0.08999999999997499,0.03833751044288647,1,1,0.0,0.00437
517,2020-01-07 09:40:13,N,AAPL,298.69,1.0,298.75,1.0,0.0,0.0,2020-01-07 09:40:13.002492,298.66,298.76,0,0.060000000000002274,0.036200506297518587,1,-1,0.0,0.00437
518,2020-01-07 09:40:14,N,AAPL,298.66,1.0,298.76,2.0,-2.0,0.0,2020-01-07 09:40:14.152993,298.8,298.83,1,0.0999999999999659,0.034325550037692665,1,1,-0.3333333333333333,0.00437
519,2020-01-07 09:40:15,N,AAPL,298.8,1.0,298.83,3.0,-4.0,1.0,2020-01-07 09:40:15.001895,298.86,298.91,1,0.029999999999972715,0.03804308986786964,1,-1,-0.5,0.00437
520,2020-01-07 09:40:16,N,AAPL,298.86,1.0,298.91,3.0,0.0,2.0,2020-01-07 09:40:16.284467,298.87,298.94,0,0.05000000000001137,0.036960876282591926,1,1,-0.5,0.00437
521,2020-01-07 09:40:17,N,AAPL,298.87,4.0,298.94,1.0,1.0,-2.0,2020-01-07 09:40:17.836307,298.86,298.94,0,0.06999999999999318,0.039263775219808394,1,1,0.6,0.00437
522,2020-01-07 09:40:18,N,AAPL,298.86,1.0,298.94,3.0,0.0,-1.0,2020-01-07 09:40:18.014520,298.82,298.87,0,0.07999999999998408,0.036667929409645694,1,1,-0.5,0.00437
523,2020-01-07 09:40:19,N,AAPL,298.82,5.0,298.87,4.0,0.0,2.0,2020-01-07 09:40:19.046221,298.85,298.93,0,0.05000000000001137,0.036641427630115686,1,-1,0.1111111111111111,0.00437
524,2020-01-07 09:40:20,N,AAPL,298.85,4.0,298.93,1.0,3.0,0.0,2020-01-07 09:40:20.135766,298.84,298.92,0,0.07999999999998408,0.040364064301513736,1,1,0.6,0.00437
525,2020-01-07 09:40:21,N,AAPL,298.84,3.0,298.92,1.0,2.0,0.0,2020-01-07 09:40:21.064790,298.88,298.95,0,0.08000000000004093,0.038253708666047714,1,1,0.5,0.00437
526,2020-01-07 09:40:22,N,AAPL,298.88,1.0,298.95,2.0,0.0,1.0,2020-01-07 09:40:22.213509,298.86,298.91,0,0.06999999999999318,0.03528060627832019,1,-1,-0.3333333333333333,0.00437
527,2020-01-07 09:40:23,N,AAPL,298.86,2.0,298.91,1.0,1.0,-1.0,2020-01-07 09:40:23.034049,298.83,298.88,0,0.05000000000001137,0.03727637043391496,1,-1,0.3333333333333333,0.00437
528,2020-01-07 09:40:24,N,AAPL,298.83,4.0,298.88,4.0,-1.0,3.0,2020-01-07 09:40:24.374132,298.79,298.81,-1,0.05000000000001137,0.04093690522034876,1,1,0.0,0.00437
529,2020-01-07 09:40:25,N,AAPL,298.79,30.0,298.81,2.0,24.0,1.0,2020-01-07 09:40:25.855877,298.74,298.81,0,0.01999999999998181,0.06627727491127189,1,-1,0.875,0.00437
530,2020-01-07 09:40:26,N,AAPL,298.74,6.0,298.81,2.0,3.0,0.0,2020-01-07 09:40:26.237121,298.7,298.76,0,0.06999999999999318,0.06392512077292167,1,1,0.5,0.00437
531,2020-01-07 09:40:27,N,AAPL,298.7,16.0,298.76,1.0,1.0,-1.0,2020-01-07 09:40:27.185879,298.73,298.78,0,0.060000000000002274,0.07947830284336987,1,-1,0.8823529411764706,0.0044
532,2020-01-07 09:40:28,N,AAPL,298.73,1.0,298.78,1.0,-15.0,0.0,2020-01-07 09:40:28.170518,298.81,298.86,1,0.049999999999954525,0.07933703419445237,1,-1,0.0,0.0044
533,2020-01-07 09:40:29,N,AAPL,298.81,4.0,298.86,2.0,3.0,1.0,2020-01-07 09:40:29.018936,298.87,298.88,1,0.05000000000001137,0.08503677937272869,1,1,0.3333333333333333,0.0044
534,2020-01-07 09:40:30,N,AAPL,298.87,1.0,298.88,5.0,-1.0,4.0,2020-01-07 09:40:30.117188,298.87,298.89,0,0.009999999999990905,0.08022741979090142,1,-1,-0.6666666666666666,0.0044
535,2020-01-07 09:40:31,N,AAPL,298.87,2.0,298.89,2.0,0.0,1.0,2020-01-07 09:40:31.279956,298.87,298.92,0,0.01999999999998181,0.07749913767565886,1,1,0.0,0.0044
536,2020-01-07 09:40:32,N,AAPL,298.87,1.0,298.92,4.0,-2.0,3.0,2020-01-07 09:40:32.159488,298.8,298.84,-1,0.05000000000001137,0.07394614786636566,1,1,-0.6,0.0044
537,2020-01-07 09:40:33,N,AAPL,298.8,4.0,298.84,2.0,2.0,1.0,2020-01-07 09:40:33.920125,298.8,298.83,0,0.03999999999996362,0.07297067997501472,1,-1,0.3333333333333333,0.0044
538,2020-01-07 09:40:34,N,AAPL,298.8,2.0,298.83,1.0,-2.0,-1.0,2020-01-07 09:40:34.478301,298.75,298.78,-1,0.029999999999972715,0.07063611302777417,1,-1,0.3333333333333333,0.0044
539,2020-01-07 09:40:35,N,AAPL,298.75,7.0,298.78,1.0,5.0,-1.0,2020-01-07 09:40:35.190538,298.75,298.81,0,0.029999999999972715,0.07477975616342292,1,1,0.75,0.0044
540,2020-01-07 09:40:36,N,AAPL,298.75,9.0,298.81,3.0,1.0,1.0,2020-01-07 09:40:36.782095,298.8,298.81,0,0.060000000000002274,0.07685754880145623,1,1,0.5,0.0044
541,2020-01-07 09:40:37,N,AAPL,298.8,1.0,298.81,2.0,-1.0,0.0,2020-01-07 09:40:37.085179,298.82,298.86,1,0.009999999999990905,0.08129811443200197,1,-1,-0.3333333333333333,0.0044
542,2020-01-07 09:40:39,N,AAPL,298.82,1.0,298.86,2.0,0.0,0.0,2020-01-07 09:40:39.594776,298.8,298.84,0,0.040000000000020464,0.07944257807633903,1,1,-0.3333333333333333,0.0044
543,2020-01-07 09:40:40,N,AAPL,298.8,1.0,298.84,3.0,0.0,1.0,2020-01-07 09:40:40.436750,298.77,298.82,0,0.03999999999996362,0.08193517874860845,1,-1,-0.5,0.0044
544,2020-01-07 09:40:42,N,AAPL,298.77,1.0,298.82,4.0,0.0,2.0,2020-01-07 09:40:42.720003,298.72,298.75,-1,0.05000000000001137,0.08017464810092179,1,1,-0.6,0.0044
545,2020-01-07 09:40:44,N,AAPL,298.72,1.0,298.75,4.0,0.0,0.0,2020-01-07 09:40:44.426617,298.65,298.68,-1,0.029999999999972715,0.07609155250702315,1,-1,-0.6,0.0044
546,2020-01-07 09:40:45,N,AAPL,298.65,1.0,298.68,2.0,0.0,-2.0,2020-01-07 09:40:45.167297,298.67,298.73,0,0.03000000000002956,0.0740668975259382,1,1,-0.3333333333333333,0.0044
547,2020-01-07 09:40:47,N,AAPL,298.67,2.0,298.73,2.0,1.0,-1.0,2020-01-07 09:40:47.176052,298.65,298.71,0,0.060000000000002274,0.07303822961881679,1,1,0.0,0.0044
548,2020-01-07 09:40:48,N,AAPL,298.65,2.0,298.71,1.0,0.0,-1.0,2020-01-07 09:40:48.142658,298.69,298.73,0,0.060000000000002274,0.07501876162899634,1,1,0.3333333333333333,0.0044
549,2020-01-07 09:40:49,N,AAPL,298.69,2.0,298.73,2.0,0.0,1.0,2020-01-07 09:40:49.180762,298.69,298.72,0,0.040000000000020464,0.07231372960643512,1,-1,0.0,0.0044
550,2020-01-07 09:40:51,N,AAPL,298.69,1.0,298.72,4.0,-1.0,2.0,2020-01-07 09:40:51.860233,298.62,298.66,-1,0.03000000000002956,0.06821897546888067,1,-1,-0.6,0.0044
551,2020-01-07 09:40:52,N,AAPL,298.62,2.0,298.66,2.0,1.0,-2.0,2020-01-07 09:40:52.967071,298.64,298.67,0,0.040000000000020464,0.061454129963692594,1,1,0.0,0.0044
552,2020-01-07 09:40:54,N,AAPL,298.64,2.0,298.67,3.0,0.0,1.0,2020-01-07 09:40:54.531188,298.66,298.72,0,0.03000000000002956,0.06631996748939173,1,-1,-0.2,0.0044
553,2020-01-07 09:40:55,N,AAPL,298.66,4.0,298.72,3.0,2.0,1.0,2020-01-07 09:40:55.619055,298.66,298.72,0,0.060000000000002274,0.06425317054282687,1,1,0.14285714285714285,0.0044
554,2020-01-07 09:40:56,N,AAPL,298.66,4.0,298.72,3.0,0.0,1.0,2020-01-07 09:40:56.125166,298.72,298.77,0,0.060000000000002274,0.06383541138615101,1,1,0.14285714285714285,0.0044
555,2020-01-07 09:40:57,N,AAPL,298.72,1.0,298.77,2.0,-2.0,-1.0,2020-01-07 09:40:57.148284,298.78,298.82,1,0.049999999999954525,0.060435580361343,1,-1,-0.3333333333333333,0.0044
556,2020-01-07 09:40:58,N,AAPL,298.78,2.0,298.82,1.0,0.0,-1.0,2020-01-07 09:40:58.050821,298.72,298.76,-1,0.040000000000020464,0.060611050496049756,1,-1,0.3333333333333333,0.0044
557,2020-01-07 09:40:59,N,AAPL,298.72,5.0,298.76,1.0,4.0,-2.0,2020-01-07 09:40:59.333853,298.65,298.7,-1,0.03999999999996362,0.057425700730675544,1,-1,0.6666666666666666,0.0044
558,2020-01-07 09:41:00,N,AAPL,298.65,2.0,298.7,2.0,1.0,1.0,2020-01-07 09:41:00.017606,298.67,298.71,0,0.05000000000001137,0.05488834194596848,1,1,0.0,0.0044
559,2020-01-07 09:41:01,N,AAPL,298.67,1.0,298.71,2.0,0.0,-2.0,2020-01-07 09:41:01.461644,298.8,298.84,1,0.03999999999996362,0.045748639652913425,1,-1,-0.3333333333333333,0.0044
560,2020-01-07 09:41:02,N,AAPL,298.8,2.0,298.84,2.0,1.0,0.0,2020-01-07 09:41:02.018809,298.83,298.86,0,0.03999999999996362,0.04314874071542363,1,1,0.0,0.0044
561,2020-01-07 09:41:03,N,AAPL,298.83,1.0,298.86,2.0,0.0,1.0,2020-01-07 09:41:03.002413,298.85,298.86,0,0.03000000000002956,0.04645395217659143,1,-1,-0.3333333333333333,0.0044
562,2020-01-07 09:41:04,N,AAPL,298.85,1.0,298.86,33.0,-4.0,32.0,2020-01-07 09:41:04.905237,298.82,298.87,0,0.009999999999990905,0.01844883057805191,1,-1,-0.9411764705882353,0.0044
563,2020-01-07 09:41:05,N,AAPL,298.82,3.0,298.87,5.0,0.0,-28.0,2020-01-07 09:41:05.138818,298.8,298.85,0,0.05000000000001137,0.016309040176054168,1,1,-0.25,0.0044
564,2020-01-07 09:41:06,N,AAPL,298.8,2.0,298.85,1.0,-3.0,-1.0,2020-01-07 09:41:06.052119,298.8,298.84,0,0.05000000000001137,0.014707972583039464,1,1,0.3333333333333333,0.0044
565,2020-01-07 09:41:07,N,AAPL,298.8,1.0,298.84,1.0,-1.0,0.0,2020-01-07 09:41:07.194207,298.8,298.86,0,0.03999999999996362,0.012397564504112779,1,-1,0.0,0.0044
566,2020-01-07 09:41:08,N,AAPL,298.8,3.0,298.86,1.0,1.0,-1.0,2020-01-07 09:41:08.212652,298.76,298.8,0,0.060000000000002274,0.012927090450375545,1,1,0.5,0.0044
567,2020-01-07 09:41:13,N,AAPL,298.76,7.0,298.8,2.0,4.0,1.0,2020-01-07 09:41:13.444143,298.75,298.79,0,0.040000000000020464,0.018813656160489245,1,-1,0.5555555555555556,0.0044
568,2020-01-07 09:41:14,N,AAPL,298.75,6.0,298.79,2.0,-1.0,1.0,2020-01-07 09:41:14.072025,298.7,298.73,-1,0.040000000000020464,0.0191630733077659,1,1,0.5,0.0044
569,2020-01-07 09:41:16,N,AAPL,298.7,1.0,298.73,2.0,0.0,1.0,2020-01-07 09:41:16.274797,298.71,298.74,0,0.03000000000002956,0.0038709008808837098,1,-1,-0.3333333333333333,0.00464
570,2020-01-07 09:41:17,N,AAPL,298.71,2.0,298.74,1.0,1.0,0.0,2020-01-07 09:41:17.899417,298.68,298.74,0,0.03000000000002956,0.0021511122811261885,1,1,0.3333333333333333,0.00464
571,2020-01-07 09:41:18,N,AAPL,298.68,2.0,298.74,2.0,0.0,-1.0,2020-01-07 09:41:18.001821,298.74,298.78,0,0.060000000000002274,-0.008707595943519664,1,1,0.0,0.00464
572,2020-01-07 09:41:20,N,AAPL,298.74,2.0,298.78,2.0,0.0,0.0,2020-01-07 09:41:20.327354,298.75,298.77,0,0.03999999999996362,-0.01404371784479963,1,-1,0.0,0.00464
573,2020-01-07 09:41:22,N,AAPL,298.75,2.0,298.77,2.0,0.0,1.0,2020-01-07 09:41:22.821594,298.73,298.76,0,0.01999999999998181,-0.012994636788505431,1,-1,0.0,0.00464
574,2020-01-07 09:41:23,N,AAPL,298.73,1.0,298.76,2.0,-1.0,0.0,2020-01-07 09:41:23.190556,298.71,298.74,0,0.029999999999972715,-0.0163800977061328,1,1,-0.3333333333333333,0.00464
575,2020-01-07 09:41:24,N,AAPL,298.71,1.0,298.74,2.0,-1.0,-2.0,2020-01-07 09:41:24.102015,298.69,298.74,0,0.03000000000002956,-0.015941022769766278,1,1,-0.3333333333333333,0.00464
576,2020-01-07 09:41:25,N,AAPL,298.69,1.0,298.74,2.0,0.0,0.0,2020-01-07 09:41:25.136512,298.71,298.74,0,0.05000000000001137,-0.003059890758038364,1,1,-0.3333333333333333,0.00464
577,2020-01-07 09:41:26,N,AAPL,298.71,1.0,298.74,2.0,0.0,0.0,2020-01-07 09:41:26.293897,298.74,298.8,0,0.03000000000002956,-0.002650817857954735,1,-1,-0.3333333333333333,0.00464
578,2020-01-07 09:41:27,N,AAPL,298.74,1.0,298.8,3.0,0.0,2.0,2020-01-07 09:41:27.221776,298.78,298.83,0,0.060000000000002274,-0.010187151772413472,1,1,-0.5,0.00464
579,2020-01-07 09:41:28,N,AAPL,298.78,2.0,298.83,2.0,-1.0,1.0,2020-01-07 09:41:28.234373,298.87,298.92,1,0.05000000000001137,-0.01108915641486874,1,-1,0.0,0.00464
580,2020-01-07 09:41:29,N,AAPL,298.87,2.0,298.92,3.0,-1.0,-4.0,2020-01-07 09:41:29.452129,298.81,298.86,-1,0.05000000000001137,-0.012349452062096589,1,1,-0.2,0.00464
581,2020-01-07 09:41:30,N,AAPL,298.81,1.0,298.86,1.0,-1.0,-1.0,2020-01-07 09:41:30.046565,298.8,298.83,0,0.05000000000001137,-0.013121326470638905,1,1,0.0,0.00464
582,2020-01-07 09:41:31,N,AAPL,298.8,1.0,298.83,1.0,0.0,0.0,2020-01-07 09:41:31.603237,298.76,298.82,0,0.029999999999972715,-0.010490314070182194,1,-1,0.0,0.00464
583,2020-01-07 09:41:32,N,AAPL,298.76,2.0,298.82,5.0,1.0,4.0,2020-01-07 09:41:32.319967,298.7,298.72,-1,0.060000000000002274,-0.012906938167418502,1,1,-0.42857142857142855,0.00464
584,2020-01-07 09:41:38,N,AAPL,298.7,7.0,298.72,1.0,5.0,-2.0,2020-01-07 09:41:38.407477,298.63,298.65,-1,0.020000000000038654,-0.010079515124516547,1,-1,0.75,0.00464
585,2020-01-07 09:41:39,N,AAPL,298.63,1.0,298.65,2.0,0.0,0.0,2020-01-07 09:41:39.863536,298.64,298.68,0,0.01999999999998181,-0.013358254475292597,1,-1,-0.3333333333333333,0.00464
586,2020-01-07 09:41:40,N,AAPL,298.64,1.0,298.68,2.0,0.0,0.0,2020-01-07 09:41:40.295977,298.5,298.56,-1,0.040000000000020464,0.016141171806964394,1,1,-0.3333333333333333,0.00464
587,2020-01-07 09:41:41,N,AAPL,298.5,17.0,298.56,2.0,1.0,-1.0,2020-01-07 09:41:41.013324,298.52,298.58,0,0.060000000000002274,0.031040272658685808,1,1,0.7894736842105263,0.00464
588,2020-01-07 09:41:42,N,AAPL,298.52,1.0,298.58,1.0,0.0,0.0,2020-01-07 09:41:42.093220,298.57,298.6,0,0.060000000000002274,0.06159545821503798,1,1,0.0,0.00464
589,2020-01-07 09:41:43,N,AAPL,298.57,1.0,298.6,1.0,-2.0,0.0,2020-01-07 09:41:43.268562,298.66,298.71,1,0.03000000000002956,0.05716346153849372,1,-1,0.0,0.00464
