,last_interval,Exchange,Symbol,Best_Bid_Price,FB0,Best_Offer_Price,FA0,FB2,FA2,p_time,Next_Best_Bid,Next_Best_Offer,outcome,Spread,AWS,Anomaly,Spread Change,Quote IMB,VPIN
0,2020-01-10 09:30:01,N,AAPL,310.82,1.0,310.89,1.0,0.0,-1.0,2020-01-10 09:30:01.185772,310.29,310.33,-1,0.06999999999999318,0.06999999999999318,0,0,0.0,0.00036
1,2020-01-10 09:30:22,N,AAPL,310.29,1.0,310.33,2.0,0.0,1.0,2020-01-10 09:30:22.075685,310.33,310.38,0,0.03999999999996362,-0.03833333333335531,0,-1,-0.3333333333333333,0.00036
2,2020-01-10 09:30:23,N,AAPL,310.33,2.0,310.38,2.0,0.0,1.0,2020-01-10 09:30:23.056908,310.38,310.4,0,0.05000000000001137,0.019499999999993634,0,1,0.0,0.00036
3,2020-01-10 09:30:24,N,AAPL,310.38,2.0,310.4,1.0,1.0,-2.0,2020-01-10 09:30:24.624441,310.4,310.43,0,0.01999999999998181,0.029999999999972715,0,-1,0.3333333333333333,0.00036
4,2020-01-10 09:30:25,N,AAPL,310.4,4.0,310.43,2.0,0.0,1.0,2020-01-10 09:30:25.751739,310.35,310.39,-1,0.03000000000002956,0.03325000000000955,0,1,0.3333333333333333,0.00036
5,2020-01-10 09:30:26,N,AAPL,310.35,2.0,310.39,4.0,0.0,3.0,2020-01-10 09:30:26.573210,310.35,310.39,0,0.03999999999996362,0.025000000000034106,0,1,-0.3333333333333333,0.00036
6,2020-01-10 09:30:27,N,AAPL,310.35,2.0,310.39,1.0,1.0,-1.0,2020-01-10 09:30:27.124388,310.31,310.37,0,0.03999999999996362,0.029615384615397033,0,1,0.3333333333333333,0.00036
7,2020-01-10 09:30:28,N,AAPL,310.31,1.0,310.37,1.0,-1.0,0.0,2020-01-10 09:30:28.343037,310.28,310.33,0,0.060000000000002274,0.03138095238097094,0,1,0.0,0.00036
8,2020-01-10 09:30:29,N,AAPL,310.28,8.0,310.33,4.0,7.0,2.0,2020-01-10 09:30:29.433048,310.26,310.3,0,0.05000000000001137,0.049251207729469115,1,-1,0.3333333333333333,0.00036
9,2020-01-10 09:30:31,N,AAPL,310.26,2.0,310.3,3.0,0.0,1.0,2020-01-10 09:30:31.132835,310.23,310.28,0,0.040000000000020464,0.04219047619051253,0,-1,-0.2,0.00036
10,2020-01-10 09:30:32,N,AAPL,310.23,6.0,310.28,2.0,0.0,-2.0,2020-01-10 09:30:32.031601,310.24,310.3,0,0.049999999999954525,0.055021037868186795,1,1,0.5,0.00036
11,2020-01-10 09:30:33,N,AAPL,310.24,3.0,310.3,6.0,0.0,3.0,2020-01-10 09:30:33.268035,310.3,310.34,0,0.060000000000002274,0.046328600405786347,0,1,-0.3333333333333333,0.00036
12,2020-01-10 09:30:34,N,AAPL,310.3,1.0,310.34,1.0,0.0,-1.0,2020-01-10 09:30:34.662108,310.33,310.38,0,0.03999999999996362,0.04604761904766974,0,-1,0.0,0.00036
13,2020-01-10 09:30:35,N,AAPL,310.33,2.0,310.38,2.0,0.0,-1.0,2020-01-10 09:30:35.254975,310.37,310.41,0,0.05000000000001137,0.04642736486493959,0,1,0.0,0.00036
14,2020-01-10 09:30:36,N,AAPL,310.37,10.0,310.41,2.0,8.0,-2.0,2020-01-10 09:30:36.668930,310.38,310.44,0,0.040000000000020464,0.03760325406767606,0,-1,0.6666666666666666,0.00036
15,2020-01-10 09:30:37,N,AAPL,310.38,2.0,310.44,4.0,-8.0,3.0,2020-01-10 09:30:37.936829,310.36,310.4,0,0.060000000000002274,0.043388829215928126,0,1,-0.3333333333333333,0.00036
16,2020-01-10 09:30:38,N,AAPL,310.36,2.0,310.4,2.0,0.0,-2.0,2020-01-10 09:30:38.126937,310.43,310.49,1,0.03999999999996362,0.043553921568673104,0,-1,0.0,0.00036
17,2020-01-10 09:30:39,N,AAPL,310.43,2.0,310.49,1.0,1.0,-1.0,2020-01-10 09:30:39.014534,310.45,310.52,0,0.060000000000002274,0.04262310170275896,0,1,0.3333333333333333,0.00036
18,2020-01-10 09:30:40,N,AAPL,310.45,2.0,310.52,8.0,1.0,-1.0,2020-01-10 09:30:40.188781,310.44,310.51,0,0.06999999999999318,0.06181818181823928,1,1,-0.6,0.00036
19,2020-01-10 09:30:41,N,AAPL,310.44,2.0,310.51,8.0,0.0,-2.0,2020-01-10 09:30:41.038041,310.44,310.49,0,0.06999999999999318,0.07368421052632357,1,1,-0.6,0.00036
20,2020-01-10 09:30:42,N,AAPL,310.44,1.0,310.49,10.0,-1.0,2.0,2020-01-10 09:30:42.519470,310.44,310.51,0,0.05000000000001137,0.08311888831707392,1,-1,-0.8181818181818182,0.00036
21,2020-01-10 09:30:45,N,AAPL,310.44,2.0,310.51,1.0,1.0,-9.0,2020-01-10 09:30:45.568560,310.46,310.52,0,0.06999999999999318,0.08112745098043206,1,1,0.3333333333333333,0.00036
22,2020-01-10 09:30:46,N,AAPL,310.46,1.0,310.52,1.0,-3.0,0.0,2020-01-10 09:30:46.028007,310.54,310.57,1,0.060000000000002274,0.08060584461873077,1,-1,0.0,0.00036
23,2020-01-10 09:30:47,N,AAPL,310.54,2.0,310.57,1.0,0.0,-1.0,2020-01-10 09:30:47.057943,310.52,310.6,0,0.029999999999972715,0.07653968253964649,1,-1,0.3333333333333333,0.00036
24,2020-01-10 09:30:48,N,AAPL,310.52,2.0,310.6,16.0,-3.0,15.0,2020-01-10 09:30:48.329478,310.54,310.6,0,0.08000000000004093,0.1028658318425073,1,1,-0.7777777777777778,0.00036
25,2020-01-10 09:30:49,N,AAPL,310.54,4.0,310.6,16.0,2.0,0.0,2020-01-10 09:30:49.476162,310.68,310.74,1,0.060000000000002274,0.1139727195225646,1,-1,-0.6,0.00036
26,2020-01-10 09:30:50,N,AAPL,310.68,2.0,310.74,2.0,0.0,1.0,2020-01-10 09:30:50.523232,310.67,310.74,0,0.060000000000002274,0.11016522210178437,1,1,0.0,0.00036
27,2020-01-10 09:30:51,N,AAPL,310.67,2.0,310.74,2.0,0.0,0.0,2020-01-10 09:30:51.028679,310.67,310.72,0,0.06999999999999318,0.10692426983712267,1,1,0.0,0.00036
28,2020-01-10 09:30:53,N,AAPL,310.67,2.0,310.72,2.0,1.0,-7.0,2020-01-10 09:30:53.183953,310.68,310.74,0,0.05000000000001137,0.10356296296293976,1,-1,0.0,0.00036
29,2020-01-10 09:30:54,N,AAPL,310.68,4.0,310.74,4.0,2.0,3.0,2020-01-10 09:30:54.529595,310.74,310.79,0,0.060000000000002274,0.09774638336341468,1,1,0.0,0.00036
30,2020-01-10 09:30:55,N,AAPL,310.74,1.0,310.79,4.0,-1.0,3.0,2020-01-10 09:30:55.027812,310.79,310.84,0,0.05000000000001137,0.10337931034479197,1,-1,-0.6,0.00036
31,2020-01-10 09:30:57,N,AAPL,310.79,4.0,310.84,2.0,3.0,1.0,2020-01-10 09:30:57.963934,310.82,310.86,0,0.049999999999954525,0.09091202582732194,1,-1,0.3333333333333333,0.00036
32,2020-01-10 09:30:58,N,AAPL,310.82,4.0,310.86,1.0,2.0,0.0,2020-01-10 09:30:58.307493,310.81,310.89,0,0.040000000000020464,0.07606951871667889,1,-1,0.6,0.00036
33,2020-01-10 09:31:00,N,AAPL,310.81,4.0,310.89,3.0,2.0,2.0,2020-01-10 09:31:00.001181,310.88,310.89,0,0.07999999999998408,0.06934069850325386,0,1,0.14285714285714285,0.00036
34,2020-01-10 09:31:01,N,AAPL,310.88,4.0,310.89,2.0,2.0,-2.0,2020-01-10 09:31:01.376378,310.88,310.92,0,0.009999999999990905,0.05776881720436222,0,-1,0.3333333333333333,0.00036
35,2020-01-10 09:31:02,N,AAPL,310.88,4.0,310.92,2.0,2.0,0.0,2020-01-10 09:31:02.195006,310.88,310.93,0,0.040000000000020464,0.047876190476188185,1,1,0.3333333333333333,0.00036
36,2020-01-10 09:31:03,N,AAPL,310.88,1.0,310.93,1.0,-2.0,-2.0,2020-01-10 09:31:03.001186,310.89,310.93,0,0.05000000000001137,0.04711779839402652,1,1,0.0,0.0017
37,2020-01-10 09:31:04,N,AAPL,310.89,1.0,310.93,4.0,-1.0,-6.0,2020-01-10 09:31:04.625268,310.87,310.89,0,0.040000000000020464,0.054956593324334335,0,-1,-0.6,0.0017
38,2020-01-10 09:31:05,N,AAPL,310.87,1.0,310.89,4.0,-6.0,0.0,2020-01-10 09:31:05.195382,310.76,310.81,-1,0.01999999999998181,0.06118806184821324,0,-1,-0.6,0.0017
39,2020-01-10 09:31:06,N,AAPL,310.76,2.0,310.81,4.0,-2.0,0.0,2020-01-10 09:31:06.021741,310.73,310.78,0,0.05000000000001137,0.06331072285024675,0,1,-0.3333333333333333,0.0017
40,2020-01-10 09:31:07,N,AAPL,310.73,2.0,310.78,4.0,0.0,2.0,2020-01-10 09:31:07.002860,310.62,310.7,-1,0.049999999999954525,0.06494738905956865,0,-1,-0.3333333333333333,0.0017
41,2020-01-10 09:31:08,N,AAPL,310.62,4.0,310.7,3.0,2.0,1.0,2020-01-10 09:31:08.052072,310.67,310.73,0,0.07999999999998408,0.06367024558801404,0,1,0.14285714285714285,0.0017
42,2020-01-10 09:31:09,N,AAPL,310.67,1.0,310.73,1.0,-3.0,0.0,2020-01-10 09:31:09.010546,310.9,310.94,1,0.060000000000002274,0.06332908163267348,0,-1,0.0,0.0017
43,2020-01-10 09:31:10,N,AAPL,310.9,4.0,310.94,12.0,2.0,9.0,2020-01-10 09:31:10.173651,310.85,310.93,0,0.040000000000020464,0.0770380611581345,1,-1,-0.5,0.0017
44,2020-01-10 09:31:11,N,AAPL,310.85,2.0,310.93,1.0,0.0,-12.0,2020-01-10 09:31:11.259942,310.84,310.88,0,0.07999999999998408,0.073692796610203,1,1,0.3333333333333333,0.0017
45,2020-01-10 09:31:12,N,AAPL,310.84,1.0,310.88,2.0,-1.0,0.0,2020-01-10 09:31:12.062429,310.86,310.93,0,0.040000000000020464,0.07445585641670505,1,-1,-0.3333333333333333,0.0017
46,2020-01-10 09:31:13,N,AAPL,310.86,6.0,310.93,1.0,5.0,-1.0,2020-01-10 09:31:13.464322,310.89,310.98,0,0.06999999999999318,0.061175950920244304,0,1,0.7142857142857143,0.0017
47,2020-01-10 09:31:14,N,AAPL,310.89,1.0,310.98,1.0,-1.0,-1.0,2020-01-10 09:31:14.100799,310.99,311.04,1,0.09000000000003183,0.06074235385204929,0,1,0.0,0.0017
48,2020-01-10 09:31:15,N,AAPL,310.99,4.0,311.04,2.0,2.0,-4.0,2020-01-10 09:31:15.052370,311.05,311.08,1,0.05000000000001137,0.0525866543094935,1,-1,0.3333333333333333,0.0017
49,2020-01-10 09:31:16,N,AAPL,311.05,1.0,311.08,4.0,0.0,0.0,2020-01-10 09:31:16.349923,310.97,311.04,-1,0.029999999999972715,0.059614279299466943,0,-1,-0.6,0.0017
50,2020-01-10 09:31:17,N,AAPL,310.97,1.0,311.04,8.0,0.0,6.0,2020-01-10 09:31:17.001473,311.08,311.11,1,0.06999999999999318,0.0747259107932905,1,1,-0.7777777777777778,0.0017
51,2020-01-10 09:31:18,N,AAPL,311.08,4.0,311.11,35.0,3.0,19.0,2020-01-10 09:31:18.849637,311.11,311.13,0,0.03000000000002956,0.13468724109361574,1,-1,-0.7948717948717948,0.0017
52,2020-01-10 09:31:19,N,AAPL,311.11,2.0,311.13,9.0,1.0,-25.0,2020-01-10 09:31:19.290328,311.12,311.17,0,0.01999999999998181,0.14343321582447288,1,-1,-0.6363636363636364,0.0017
53,2020-01-10 09:31:20,N,AAPL,311.12,2.0,311.17,2.0,0.0,-5.0,2020-01-10 09:31:20.444814,311.13,311.18,0,0.05000000000001137,0.13983035714278458,1,1,0.0,0.0017
54,2020-01-10 09:31:21,N,AAPL,311.13,2.0,311.18,2.0,0.0,-4.0,2020-01-10 09:31:21.724061,311.13,311.17,0,0.05000000000001137,0.13631621587927611,1,1,0.0,0.0017
55,2020-01-10 09:31:22,N,AAPL,311.13,2.0,311.17,9.0,0.0,8.0,2020-01-10 09:31:22.481720,311.11,311.16,0,0.040000000000020464,0.14512765957437068,1,-1,-0.6363636363636364,0.0017
56,2020-01-10 09:31:23,N,AAPL,311.11,3.0,311.16,2.0,1.0,-2.0,2020-01-10 09:31:23.082141,311.08,311.14,0,0.05000000000001137,0.1385197623353065,1,1,0.2,0.0017
57,2020-01-10 09:31:24,N,AAPL,311.08,1.0,311.14,9.0,0.0,5.0,2020-01-10 09:31:24.028608,311.1,311.14,0,0.060000000000002274,0.14892386288715898,1,1,-0.8,0.0017
58,2020-01-10 09:31:25,N,AAPL,311.1,1.0,311.14,11.0,0.0,2.0,2020-01-10 09:31:25.070687,311.16,311.18,1,0.03999999999996362,0.16093881388235332,1,-1,-0.8333333333333334,0.0017
59,2020-01-10 09:31:26,N,AAPL,311.16,2.0,311.18,2.0,-2.0,-8.0,2020-01-10 09:31:26.229226,311.13,311.17,0,0.01999999999998181,0.1569840701628209,1,-1,0.0,0.0017
60,2020-01-10 09:31:28,N,AAPL,311.13,1.0,311.17,1.0,0.0,0.0,2020-01-10 09:31:28.005152,311.15,311.19,0,0.040000000000020464,0.15521659919022568,1,1,0.0,0.0017
61,2020-01-10 09:31:29,N,AAPL,311.15,1.0,311.19,5.0,-3.0,-8.0,2020-01-10 09:31:29.404069,311.19,311.23,0,0.040000000000020464,0.15919570847199793,1,1,-0.6666666666666666,0.0017
62,2020-01-10 09:31:30,N,AAPL,311.19,1.0,311.23,5.0,0.0,0.0,2020-01-10 09:31:30.109380,311.21,311.27,0,0.040000000000020464,0.1634300144298777,1,1,-0.6666666666666666,0.0017
63,2020-01-10 09:31:31,N,AAPL,311.21,4.0,311.27,9.0,2.0,7.0,2020-01-10 09:31:31.063964,311.26,311.29,0,0.060000000000002274,0.16392677283249668,1,1,-0.38461538461538464,0.0017
64,2020-01-10 09:31:33,N,AAPL,311.26,4.0,311.29,1.0,2.0,-5.0,2020-01-10 09:31:33.487574,311.29,311.32,0,0.03000000000002956,0.15102513227515146,1,-1,0.6,0.0017
65,2020-01-10 09:31:34,N,AAPL,311.29,2.0,311.32,1.0,-2.0,-8.0,2020-01-10 09:31:34.451755,311.28,311.33,0,0.029999999999972715,0.14538060932210328,1,-1,0.3333333333333333,0.0017
66,2020-01-10 09:31:35,N,AAPL,311.28,9.0,311.33,3.0,6.0,-2.0,2020-01-10 09:31:35.530870,311.3,311.36,0,0.05000000000001137,0.12006350240170605,1,1,0.5,0.0017
67,2020-01-10 09:31:36,N,AAPL,311.3,4.0,311.36,2.0,-5.0,-3.0,2020-01-10 09:31:36.303943,311.3,311.33,0,0.060000000000002274,0.11065702658930832,1,1,0.3333333333333333,0.00247
68,2020-01-10 09:31:37,N,AAPL,311.3,2.0,311.33,2.0,-1.0,0.0,2020-01-10 09:31:37.460934,311.31,311.34,0,0.029999999999972715,0.10771686840485017,1,-1,0.0,0.00247
69,2020-01-10 09:31:38,N,AAPL,311.31,2.0,311.34,2.0,1.0,1.0,2020-01-10 09:31:38.524308,311.28,311.31,0,0.029999999999972715,0.10482796723186993,1,1,0.0,0.00247
70,2020-01-10 09:31:40,N,AAPL,311.28,1.0,311.31,4.0,-1.0,2.0,2020-01-10 09:31:40.360297,311.27,311.29,0,0.03000000000002956,0.10811093668240801,1,1,-0.6,0.00247
71,2020-01-10 09:31:41,N,AAPL,311.27,20.0,311.29,4.0,19.0,0.0,2020-01-10 09:31:41.873215,311.28,311.31,0,0.020000000000038654,0.06264868097554199,1,-1,0.6666666666666666,0.00247
72,2020-01-10 09:31:42,N,AAPL,311.28,4.0,311.31,11.0,-16.0,7.0,2020-01-10 09:31:42.533784,311.29,311.35,0,0.03000000000002956,0.06919093851138314,1,1,-0.4666666666666667,0.00247
73,2020-01-10 09:31:43,N,AAPL,311.29,2.0,311.35,2.0,0.0,-9.0,2020-01-10 09:31:43.534962,311.29,311.36,0,0.060000000000002274,0.06761315854566874,1,1,0.0,0.00247
74,2020-01-10 09:31:44,N,AAPL,311.29,1.0,311.36,10.0,-1.0,9.0,2020-01-10 09:31:44.140280,311.25,311.28,-1,0.06999999999999318,0.08014130483388726,0,1,-0.8181818181818182,0.00247
75,2020-01-10 09:31:46,N,AAPL,311.25,2.0,311.28,1.0,-20.0,0.0,2020-01-10 09:31:46.006115,311.25,311.3,0,0.029999999999972715,0.07724485590659924,0,-1,0.3333333333333333,0.00247
76,2020-01-10 09:31:47,N,AAPL,311.25,1.0,311.3,4.0,-1.0,2.0,2020-01-10 09:31:47.096694,311.24,311.3,0,0.05000000000001137,0.08012790832282235,0,1,-0.6,0.00247
77,2020-01-10 09:31:49,N,AAPL,311.24,11.0,311.3,10.0,9.0,7.0,2020-01-10 09:31:49.633067,311.29,311.3,0,0.060000000000002274,0.07142950565889805,1,1,0.047619047619047616,0.00247
78,2020-01-10 09:31:50,N,AAPL,311.29,4.0,311.3,3.0,-7.0,-1.0,2020-01-10 09:31:50.505201,311.27,311.31,0,0.009999999999990905,0.06699530882491445,1,-1,0.14285714285714285,0.00247
79,2020-01-10 09:31:51,N,AAPL,311.27,4.0,311.31,10.0,-2.0,9.0,2020-01-10 09:31:51.111646,311.31,311.34,0,0.040000000000020464,0.07093501531898028,1,1,-0.42857142857142855,0.00247
80,2020-01-10 09:31:52,N,AAPL,311.31,4.0,311.34,11.0,2.0,8.0,2020-01-10 09:31:52.524138,311.35,311.36,1,0.029999999999972715,0.07575472813238093,0,-1,-0.4666666666666667,0.00247
81,2020-01-10 09:31:53,N,AAPL,311.35,4.0,311.36,9.0,0.0,-2.0,2020-01-10 09:31:53.028801,311.35,311.4,0,0.009999999999990905,0.07783163814906402,0,-1,-0.38461538461538464,0.00247
82,2020-01-10 09:31:54,N,AAPL,311.35,2.0,311.4,18.0,1.0,2.0,2020-01-10 09:31:54.043219,311.36,311.4,0,0.049999999999954525,0.09460591634774573,1,1,-0.8,0.00247
83,2020-01-10 09:31:56,N,AAPL,311.36,1.0,311.4,15.0,-1.0,-3.0,2020-01-10 09:31:56.730776,311.36,311.4,0,0.03999999999996362,0.10845956169572446,1,-1,-0.875,0.00247
84,2020-01-10 09:31:57,N,AAPL,311.36,5.0,311.4,14.0,4.0,-1.0,2020-01-10 09:31:57.472478,311.3,311.32,-1,0.03999999999996362,0.1125518724696235,1,1,-0.47368421052631576,0.00247
85,2020-01-10 09:31:58,N,AAPL,311.3,2.0,311.32,1.0,0.0,-1.0,2020-01-10 09:31:58.661096,311.28,311.33,0,0.01999999999998181,0.11003524890935523,1,-1,0.3333333333333333,0.00247
86,2020-01-10 09:31:59,N,AAPL,311.28,4.0,311.33,2.0,3.0,0.0,2020-01-10 09:31:59.032777,311.22,311.24,-1,0.05000000000001137,0.10551029648991062,1,1,0.3333333333333333,0.00247
87,2020-01-10 09:32:00,N,AAPL,311.22,2.0,311.24,2.0,-1.0,-2.0,2020-01-10 09:32:00.156537,311.22,311.25,0,0.01999999999998181,0.10412081412135876,1,-1,0.0,0.00247
88,2020-01-10 09:32:01,N,AAPL,311.22,1.0,311.25,2.0,-1.0,0.0,2020-01-10 09:32:01.423964,311.22,311.27,0,0.029999999999972715,0.10402962470453758,1,1,-0.3333333333333333,0.00247
89,2020-01-10 09:32:02,N,AAPL,311.22,2.0,311.27,4.0,1.0,0.0,2020-01-10 09:32:02.010319,311.2,311.25,0,0.049999999999954525,0.10403118929610855,1,1,-0.3333333333333333,0.00247
90,2020-01-10 09:32:03,N,AAPL,311.2,8.0,311.25,1.0,0.0,-11.0,2020-01-10 09:32:03.525979,311.24,311.27,0,0.05000000000001137,0.09581125711468985,1,1,0.7777777777777778,0.00283
91,2020-01-10 09:32:04,N,AAPL,311.24,3.0,311.27,2.0,-5.0,1.0,2020-01-10 09:32:04.240516,311.2,311.25,0,0.029999999999972715,0.09340520446096434,1,-1,0.2,0.00283
92,2020-01-10 09:32:05,N,AAPL,311.2,7.0,311.25,4.0,5.0,2.0,2020-01-10 09:32:05.219772,311.12,311.16,-1,0.05000000000001137,0.08849395578710073,0,1,0.2727272727272727,0.00283
93,2020-01-10 09:32:06,N,AAPL,311.12,1.0,311.16,2.0,0.0,-7.0,2020-01-10 09:32:06.105534,311.16,311.21,0,0.040000000000020464,0.08845941112184619,0,-1,-0.3333333333333333,0.00283
94,2020-01-10 09:32:07,N,AAPL,311.16,3.0,311.21,2.0,1.0,0.0,2020-01-10 09:32:07.097075,311.14,311.18,0,0.049999999999954525,0.08685975212011954,0,1,0.2,0.00283
95,2020-01-10 09:32:08,N,AAPL,311.14,2.0,311.18,2.0,0.0,1.0,2020-01-10 09:32:08.183306,311.13,311.17,0,0.040000000000020464,0.08611411992262674,0,-1,0.0,0.00283
96,2020-01-10 09:32:09,N,AAPL,311.13,2.0,311.17,4.0,1.0,3.0,2020-01-10 09:32:09.041403,311.08,311.14,0,0.040000000000020464,0.08608742545362702,0,1,-0.3333333333333333,0.00283
97,2020-01-10 09:32:10,N,AAPL,311.08,1.0,311.14,2.0,-2.0,1.0,2020-01-10 09:32:10.145782,311.1,311.17,0,0.060000000000002274,0.08611313035947887,0,1,-0.3333333333333333,0.00283
98,2020-01-10 09:32:11,N,AAPL,311.1,2.0,311.17,1.0,0.0,-1.0,2020-01-10 09:32:11.080368,311.08,311.13,0,0.06999999999999318,0.08529281544019796,0,1,0.3333333333333333,0.00283
99,2020-01-10 09:32:12,N,AAPL,311.08,1.0,311.13,2.0,0.0,0.0,2020-01-10 09:32:12.530906,311.08,311.14,0,0.05000000000001137,0.08527762311314291,0,-1,-0.3333333333333333,0.00283
100,2020-01-10 09:32:13,N,AAPL,311.08,2.0,311.14,4.0,1.0,2.0,2020-01-10 09:32:13.178571,310.92,310.95,-1,0.060000000000002274,0.0853330288498455,0,1,-0.3333333333333333,0.00283
101,2020-01-10 09:32:14,N,AAPL,310.92,6.0,310.95,2.0,3.0,0.0,2020-01-10 09:32:14.671811,310.92,310.97,0,0.029999999999972715,0.08535803385802865,0,-1,0.5,0.00283
102,2020-01-10 09:32:15,N,AAPL,310.92,6.0,310.97,2.0,0.0,-2.0,2020-01-10 09:32:15.103090,310.98,311.05,1,0.05000000000001137,0.0854597359688114,0,1,0.5,0.00283
103,2020-01-10 09:32:18,N,AAPL,310.98,2.0,311.05,2.0,-4.0,-7.0,2020-01-10 09:32:18.040757,311.05,311.09,0,0.06999999999999318,0.08529512097237557,0,1,0.0,0.00283
104,2020-01-10 09:32:19,N,AAPL,311.05,2.0,311.09,2.0,-8.0,1.0,2020-01-10 09:32:19.347424,311.03,311.09,0,0.03999999999996362,0.08484921951423985,0,-1,0.0,0.00283
105,2020-01-10 09:32:20,N,AAPL,311.03,4.0,311.09,15.0,3.0,13.0,2020-01-10 09:32:20.974245,311.02,311.09,0,0.060000000000002274,0.08579208457570076,0,1,-0.5789473684210527,0.00283
106,2020-01-10 09:32:21,N,AAPL,311.02,6.0,311.09,15.0,2.0,0.0,2020-01-10 09:32:21.011943,311.02,311.08,0,0.06999999999999318,0.08625254582489106,0,1,-0.42857142857142855,0.00283
107,2020-01-10 09:32:22,N,AAPL,311.02,2.0,311.08,1.0,1.0,-1.0,2020-01-10 09:32:22.012883,311.06,311.09,0,0.060000000000002274,0.08585864396377474,0,-1,0.3333333333333333,0.00283
108,2020-01-10 09:32:24,N,AAPL,311.06,2.0,311.09,4.0,0.0,3.0,2020-01-10 09:32:24.929670,311.02,311.05,-1,0.029999999999972715,0.08562499999999318,0,-1,-0.3333333333333333,0.00283
109,2020-01-10 09:32:26,N,AAPL,311.02,1.0,311.05,2.0,-1.0,-1.0,2020-01-10 09:32:26.256509,310.99,311.01,-1,0.03000000000002956,0.08547254438309437,0,1,-0.3333333333333333,0.00283
110,2020-01-10 09:32:27,N,AAPL,310.99,2.0,311.01,2.0,1.0,0.0,2020-01-10 09:32:27.585978,310.92,310.97,-1,0.01999999999998181,0.0851043343652691,0,-1,0.0,0.00283
111,2020-01-10 09:32:28,N,AAPL,310.92,1.0,310.97,2.0,-1.0,-2.0,2020-01-10 09:32:28.059694,310.94,310.99,0,0.05000000000001137,0.08494491171120444,0,1,-0.3333333333333333,0.00283
112,2020-01-10 09:32:29,N,AAPL,310.94,1.0,310.99,4.0,0.0,-2.0,2020-01-10 09:32:29.434551,310.92,310.98,0,0.05000000000001137,0.08466032228642462,0,1,-0.6,0.00283
113,2020-01-10 09:32:30,N,AAPL,310.92,1.0,310.98,10.0,0.0,8.0,2020-01-10 09:32:30.315352,310.82,310.87,-1,0.060000000000002274,0.08382805440623997,0,1,-0.8181818181818182,0.00283
114,2020-01-10 09:32:31,N,AAPL,310.82,2.0,310.87,2.0,0.0,0.0,2020-01-10 09:32:31.923571,310.84,310.9,0,0.05000000000001137,0.08396953573782184,0,-1,0.0,0.00283
115,2020-01-10 09:32:32,N,AAPL,310.84,1.0,310.9,4.0,0.0,0.0,2020-01-10 09:32:32.009440,310.86,310.92,0,0.060000000000002274,0.08331930032954915,0,1,-0.6,0.00283
116,2020-01-10 09:32:35,N,AAPL,310.86,3.0,310.92,4.0,2.0,2.0,2020-01-10 09:32:35.020002,310.87,310.93,0,0.060000000000002274,0.08325736405697626,0,1,-0.14285714285714285,0.00283
117,2020-01-10 09:32:36,N,AAPL,310.87,2.0,310.93,2.0,-1.0,-2.0,2020-01-10 09:32:36.262803,310.88,310.92,0,0.060000000000002274,0.083323013064728,0,1,0.0,0.00283
118,2020-01-10 09:32:39,N,AAPL,310.88,4.0,310.92,4.0,2.0,-7.0,2020-01-10 09:32:39.330374,310.93,310.95,1,0.040000000000020464,0.0832538817456907,0,-1,0.0,0.00283
119,2020-01-10 09:32:41,N,AAPL,310.93,2.0,310.95,2.0,1.0,-10.0,2020-01-10 09:32:41.629011,310.97,311.01,1,0.01999999999998181,0.08303569068067418,0,-1,0.0,0.00283
120,2020-01-10 09:32:42,N,AAPL,310.97,1.0,311.01,4.0,0.0,3.0,2020-01-10 09:32:42.266799,310.94,310.98,0,0.03999999999996362,0.0828566211339421,0,1,-0.6,0.00283
121,2020-01-10 09:32:43,N,AAPL,310.94,3.0,310.98,2.0,0.0,0.0,2020-01-10 09:32:43.116345,310.94,310.99,0,0.040000000000020464,0.08269186046504728,0,1,0.2,0.00283
122,2020-01-10 09:32:44,N,AAPL,310.94,4.0,310.99,2.0,3.0,-9.0,2020-01-10 09:32:44.341210,310.95,310.98,0,0.05000000000001137,0.08256192475710122,0,1,0.3333333333333333,0.00283
123,2020-01-10 09:32:45,N,AAPL,310.95,1.0,310.98,1.0,-1.0,-1.0,2020-01-10 09:32:45.058842,310.95,310.99,0,0.03000000000002956,0.08245368244968176,0,-1,0.0,0.00283
124,2020-01-10 09:32:47,N,AAPL,310.95,9.0,310.99,2.0,5.0,-7.0,2020-01-10 09:32:47.558161,310.83,310.85,-1,0.040000000000020464,0.08205858233810659,0,1,0.6363636363636364,0.00283
125,2020-01-10 09:32:48,N,AAPL,310.83,1.0,310.85,4.0,0.0,2.0,2020-01-10 09:32:48.987182,310.76,310.82,-1,0.020000000000038654,0.08111527162571974,0,-1,-0.6,0.00283
126,2020-01-10 09:32:49,N,AAPL,310.76,2.0,310.82,4.0,-10.0,2.0,2020-01-10 09:32:49.128530,310.75,310.81,0,0.060000000000002274,0.08065976066069425,0,1,-0.3333333333333333,0.00283
127,2020-01-10 09:32:50,N,AAPL,310.75,3.0,310.81,4.0,0.0,0.0,2020-01-10 09:32:50.120899,310.73,310.81,0,0.060000000000002274,0.08071058654093122,0,1,-0.14285714285714285,0.00337
128,2020-01-10 09:32:51,N,AAPL,310.73,3.0,310.81,2.0,0.0,-7.0,2020-01-10 09:32:51.012758,310.73,310.8,0,0.07999999999998408,0.08165627604762449,0,1,0.2,0.00337
129,2020-01-10 09:32:52,N,AAPL,310.73,1.0,310.8,1.0,0.0,-1.0,2020-01-10 09:32:52.161160,310.73,310.78,0,0.06999999999999318,0.08182608695653926,0,-1,0.0,0.00337
130,2020-01-10 09:32:53,N,AAPL,310.73,1.0,310.78,4.0,0.0,3.0,2020-01-10 09:32:53.542867,310.71,310.78,0,0.049999999999954525,0.08070619270017687,0,-1,-0.6,0.00337
131,2020-01-10 09:32:54,N,AAPL,310.71,1.0,310.78,8.0,0.0,4.0,2020-01-10 09:32:54.013491,310.64,310.71,0,0.06999999999999318,0.078034681534632,1,1,-0.7777777777777778,0.00337
132,2020-01-10 09:32:55,N,AAPL,310.64,1.0,310.71,1.0,0.0,-3.0,2020-01-10 09:32:55.010900,310.68,310.71,0,0.06999999999999318,0.07829897028449295,1,1,0.0,0.00337
133,2020-01-10 09:32:58,N,AAPL,310.68,2.0,310.71,2.0,1.0,1.0,2020-01-10 09:32:58.508475,310.64,310.7,0,0.029999999999972715,0.07860585149779808,1,-1,0.0,0.00337
134,2020-01-10 09:32:59,N,AAPL,310.64,4.0,310.7,4.0,2.0,2.0,2020-01-10 09:32:59.665086,310.61,310.65,0,0.060000000000002274,0.07955356120260149,0,1,0.0,0.00337
135,2020-01-10 09:33:01,N,AAPL,310.61,1.0,310.65,4.0,0.0,2.0,2020-01-10 09:33:01.443707,310.62,310.67,0,0.03999999999996362,0.07794304228264082,1,-1,-0.6,0.00337
136,2020-01-10 09:33:02,N,AAPL,310.62,2.0,310.67,2.0,1.0,-8.0,2020-01-10 09:33:02.514792,310.66,310.71,0,0.05000000000001137,0.07841340530808338,1,1,0.0,0.00337
137,2020-01-10 09:33:03,N,AAPL,310.66,3.0,310.71,2.0,2.0,1.0,2020-01-10 09:33:03.948118,310.7,310.75,0,0.049999999999954525,0.07949035010074113,0,-1,0.2,0.00337
138,2020-01-10 09:33:04,N,AAPL,310.7,2.0,310.75,1.0,1.0,0.0,2020-01-10 09:33:04.237063,310.73,310.76,0,0.05000000000001137,0.08021985157699874,0,1,0.3333333333333333,0.00337
139,2020-01-10 09:33:05,N,AAPL,310.73,2.0,310.76,1.0,-1.0,0.0,2020-01-10 09:33:05.519183,310.69,310.72,-1,0.029999999999972715,0.08080077036800049,0,-1,0.3333333333333333,0.00337
140,2020-01-10 09:33:06,N,AAPL,310.69,1.0,310.72,1.0,-3.0,-1.0,2020-01-10 09:33:06.306152,310.77,310.8,1,0.03000000000002956,0.0809184868076045,0,1,0.0,0.00337
141,2020-01-10 09:33:07,N,AAPL,310.77,2.0,310.8,9.0,0.0,0.0,2020-01-10 09:33:07.129095,310.76,310.79,0,0.03000000000002956,0.078665082830355,1,1,-0.6363636363636364,0.00337
142,2020-01-10 09:33:08,N,AAPL,310.76,1.0,310.79,4.0,-3.0,0.0,2020-01-10 09:33:08.131075,310.76,310.8,0,0.03000000000002956,0.07769167801234289,1,1,-0.6,0.00337
143,2020-01-10 09:33:09,N,AAPL,310.76,4.0,310.8,6.0,3.0,4.0,2020-01-10 09:33:09.747625,310.74,310.77,0,0.040000000000020464,0.07736401238804547,1,1,-0.2,0.00337
144,2020-01-10 09:33:10,N,AAPL,310.74,2.0,310.77,4.0,0.0,-2.0,2020-01-10 09:33:10.553582,310.72,310.76,0,0.029999999999972715,0.07679077584327842,1,-1,-0.3333333333333333,0.00337
145,2020-01-10 09:33:11,N,AAPL,310.72,2.0,310.76,2.0,1.0,-5.0,2020-01-10 09:33:11.619558,310.74,310.74,0,0.03999999999996362,0.07701742160276126,1,1,0.0,0.00337
146,2020-01-10 09:33:12,N,AAPL,310.74,2.0,310.74,1.0,0.0,-1.0,2020-01-10 09:33:12.444385,310.7,310.74,0,0.0,0.07748352333447883,1,-1,0.3333333333333333,0.00337
147,2020-01-10 09:33:13,N,AAPL,310.7,2.0,310.74,2.0,1.0,1.0,2020-01-10 09:33:13.579483,310.67,310.71,0,0.040000000000020464,0.07773314221009286,1,1,0.0,0.00337
148,2020-01-10 09:33:14,N,AAPL,310.67,1.0,310.71,2.0,-1.0,0.0,2020-01-10 09:33:14.233926,310.66,310.68,0,0.03999999999996362,0.07742845736191839,1,-1,-0.3333333333333333,0.00337
149,2020-01-10 09:33:15,N,AAPL,310.66,2.0,310.68,4.0,0.0,2.0,2020-01-10 09:33:15.416627,310.65,310.7,0,0.01999999999998181,0.07668458696474545,1,-1,-0.3333333333333333,0.00337
150,2020-01-10 09:33:16,N,AAPL,310.65,2.0,310.7,2.0,1.0,0.0,2020-01-10 09:33:16.067448,310.72,310.77,1,0.05000000000001137,0.07704645116831443,1,1,0.0,0.00337
151,2020-01-10 09:33:18,N,AAPL,310.72,2.0,310.77,8.0,0.0,-2.0,2020-01-10 09:33:18.371673,310.71,310.77,0,0.049999999999954525,0.07522959144415609,1,-1,-0.6,0.00337
152,2020-01-10 09:33:19,N,AAPL,310.71,4.0,310.77,9.0,2.0,1.0,2020-01-10 09:33:19.154809,310.72,310.76,0,0.060000000000002274,0.07415068256432278,1,1,-0.38461538461538464,0.00337
153,2020-01-10 09:33:20,N,AAPL,310.72,2.0,310.76,4.0,-2.0,-5.0,2020-01-10 09:33:20.047646,310.71,310.76,0,0.03999999999996362,0.07368141421943619,1,-1,-0.3333333333333333,0.00337
154,2020-01-10 09:33:21,N,AAPL,310.71,9.0,310.76,2.0,-3.0,0.0,2020-01-10 09:33:21.391639,310.7,310.73,0,0.05000000000001137,0.07717085108311039,1,1,0.6363636363636364,0.00337
155,2020-01-10 09:33:22,N,AAPL,310.7,2.0,310.73,4.0,0.0,2.0,2020-01-10 09:33:22.078480,310.61,310.65,-1,0.03000000000002956,0.07658965466538348,1,-1,-0.3333333333333333,0.00337
156,2020-01-10 09:33:23,N,AAPL,310.61,1.0,310.65,4.0,0.0,0.0,2020-01-10 09:33:23.334531,310.54,310.59,-1,0.03999999999996362,0.07527226560841882,1,1,-0.6,0.00337
157,2020-01-10 09:33:24,N,AAPL,310.54,1.0,310.59,2.0,0.0,-2.0,2020-01-10 09:33:24.289062,310.51,310.55,0,0.049999999999954525,0.0749414065954852,1,1,-0.3333333333333333,0.00337
158,2020-01-10 09:33:25,N,AAPL,310.51,1.0,310.55,1.0,0.0,-1.0,2020-01-10 09:33:25.788598,310.44,310.52,0,0.040000000000020464,0.07520472163491831,1,-1,0.0,0.00337
159,2020-01-10 09:33:26,N,AAPL,310.44,2.0,310.52,2.0,1.0,-2.0,2020-01-10 09:33:26.033414,310.45,310.52,0,0.07999999999998408,0.07595802562377685,1,1,0.0,0.00337
160,2020-01-10 09:33:27,N,AAPL,310.45,1.0,310.52,2.0,-1.0,0.0,2020-01-10 09:33:27.200190,310.43,310.46,0,0.06999999999999318,0.07562588691951078,1,-1,-0.3333333333333333,0.00337
161,2020-01-10 09:33:29,N,AAPL,310.43,3.0,310.46,2.0,2.0,0.0,2020-01-10 09:33:29.554348,310.35,310.4,-1,0.029999999999972715,0.07729653965890293,1,-1,0.2,0.00337
162,2020-01-10 09:33:30,N,AAPL,310.35,2.0,310.4,1.0,0.0,-1.0,2020-01-10 09:33:30.025884,310.37,310.46,0,0.049999999999954525,0.07892084779518882,0,1,0.3333333333333333,0.00337
163,2020-01-10 09:33:31,N,AAPL,310.37,2.0,310.46,5.0,0.0,-4.0,2020-01-10 09:33:31.010334,310.38,310.44,0,0.08999999999997499,0.0774964826838982,1,1,-0.42857142857142855,0.00337
164,2020-01-10 09:33:32,N,AAPL,310.38,6.0,310.44,1.0,5.0,-4.0,2020-01-10 09:33:32.057123,310.4,310.43,0,0.060000000000002274,0.08355109642246816,0,-1,0.7142857142857143,0.00337
165,2020-01-10 09:33:33,N,AAPL,310.4,1.0,310.43,11.0,-10.0,7.0,2020-01-10 09:33:33.303885,310.34,310.41,0,0.03000000000002956,0.07602672789352027,1,-1,-0.8333333333333334,0.00337
166,2020-01-10 09:33:34,N,AAPL,310.34,2.0,310.41,2.0,-9.0,-9.0,2020-01-10 09:33:34.184001,310.34,310.43,0,0.07000000000005002,0.07684046829041336,1,1,0.0,0.00337
167,2020-01-10 09:33:35,N,AAPL,310.34,3.0,310.43,13.0,2.0,1.0,2020-01-10 09:33:35.254504,310.34,310.42,0,0.09000000000003183,0.07065273399422267,1,1,-0.625,0.00337
168,2020-01-10 09:33:36,N,AAPL,310.34,4.0,310.42,2.0,1.0,-11.0,2020-01-10 09:33:36.373666,310.34,310.39,0,0.08000000000004093,0.07384141076664719,1,-1,0.3333333333333333,0.00349
169,2020-01-10 09:33:37,N,AAPL,310.34,1.0,310.39,1.0,0.0,-1.0,2020-01-10 09:33:37.237105,310.37,310.39,0,0.05000000000001137,0.07421184861016172,1,-1,0.0,0.00349
170,2020-01-10 09:33:38,N,AAPL,310.37,2.0,310.39,1.0,0.0,-8.0,2020-01-10 09:33:38.585996,310.38,310.43,0,0.01999999999998181,0.0755973930588425,1,-1,0.3333333333333333,0.00349
171,2020-01-10 09:33:39,N,AAPL,310.38,2.0,310.43,11.0,-4.0,9.0,2020-01-10 09:33:39.363563,310.39,310.42,0,0.05000000000001137,0.06982178554727625,1,1,-0.6923076923076923,0.00349
172,2020-01-10 09:33:40,N,AAPL,310.39,4.0,310.42,1.0,2.0,-10.0,2020-01-10 09:33:40.046671,310.34,310.36,-1,0.03000000000002956,0.07318129182658595,1,-1,0.6,0.00349
173,2020-01-10 09:33:42,N,AAPL,310.34,3.0,310.36,2.0,-4.0,0.0,2020-01-10 09:33:42.069285,310.36,310.41,0,0.020000000000038654,0.07491587097246111,1,-1,0.2,0.00349
174,2020-01-10 09:33:43,N,AAPL,310.36,3.0,310.41,2.0,2.0,1.0,2020-01-10 09:33:43.383186,310.32,310.35,-1,0.05000000000001137,0.07662857412856283,1,1,0.2,0.00349
175,2020-01-10 09:33:44,N,AAPL,310.32,9.0,310.35,2.0,8.0,1.0,2020-01-10 09:33:44.393839,310.3,310.32,0,0.03000000000002956,0.0850228559870061,0,-1,0.6363636363636364,0.00349
176,2020-01-10 09:33:45,N,AAPL,310.3,10.0,310.32,4.0,0.0,0.0,2020-01-10 09:33:45.150407,310.28,310.36,0,0.01999999999998181,0.09275763546793314,1,-1,0.42857142857142855,0.00349
177,2020-01-10 09:33:46,N,AAPL,310.28,2.0,310.36,2.0,0.0,1.0,2020-01-10 09:33:46.072091,310.32,310.37,0,0.08000000000004093,0.09344843493130384,1,1,0.0,0.00349
178,2020-01-10 09:33:48,N,AAPL,310.32,1.0,310.37,1.0,-8.0,-1.0,2020-01-10 09:33:48.040516,310.28,310.33,0,0.05000000000001137,0.09372280609852623,1,-1,0.0,0.00349
179,2020-01-10 09:33:49,N,AAPL,310.28,7.0,310.33,17.0,0.0,13.0,2020-01-10 09:33:49.198781,310.27,310.31,0,0.05000000000001137,0.08788228187916047,1,1,-0.4166666666666667,0.00349
180,2020-01-10 09:33:50,N,AAPL,310.27,1.0,310.31,2.0,-1.0,-2.0,2020-01-10 09:33:50.027094,310.25,310.31,0,0.040000000000020464,0.08737833569801978,1,-1,-0.3333333333333333,0.00349
181,2020-01-10 09:33:51,N,AAPL,310.25,3.0,310.31,10.0,-13.0,8.0,2020-01-10 09:33:51.036384,310.3,310.32,0,0.060000000000002274,0.08287719381013403,0,1,-0.5384615384615384,0.00349
182,2020-01-10 09:33:52,N,AAPL,310.3,2.0,310.32,2.0,-1.0,-8.0,2020-01-10 09:33:52.940772,310.37,310.4,1,0.01999999999998181,0.08339262187087115,0,-1,0.0,0.00349
183,2020-01-10 09:33:53,N,AAPL,310.37,2.0,310.4,1.0,0.0,0.0,2020-01-10 09:33:53.103202,310.41,310.46,1,0.029999999999972715,0.08448860339825615,0,1,0.3333333333333333,0.00349
184,2020-01-10 09:33:54,N,AAPL,310.41,2.0,310.46,2.0,-1.0,0.0,2020-01-10 09:33:54.022740,310.45,310.53,0,0.049999999999954525,0.0849209510575406,0,1,0.0,0.00349
185,2020-01-10 09:33:56,N,AAPL,310.45,3.0,310.53,3.0,0.0,-1.0,2020-01-10 09:33:56.481324,310.46,310.5,0,0.07999999999998408,0.08559821121423283,0,1,0.0,0.00349
186,2020-01-10 09:33:57,N,AAPL,310.46,2.0,310.5,1.0,-5.0,-1.0,2020-01-10 09:33:57.807047,310.45,310.52,0,0.040000000000020464,0.08643963091577689,0,-1,0.3333333333333333,0.00349
187,2020-01-10 09:33:58,N,AAPL,310.45,7.0,310.52,3.0,5.0,1.0,2020-01-10 09:33:58.412399,310.4,310.46,0,0.06999999999999318,0.08978075223325277,1,1,0.4,0.00349
188,2020-01-10 09:34:00,N,AAPL,310.4,3.0,310.46,4.0,-4.0,1.0,2020-01-10 09:34:00.145982,310.31,310.36,-1,0.060000000000002274,0.08984429249051118,1,-1,-0.14285714285714285,0.00349
189,2020-01-10 09:34:01,N,AAPL,310.31,1.0,310.36,1.0,-2.0,-3.0,2020-01-10 09:34:01.051757,310.24,310.29,-1,0.05000000000001137,0.0900919130288571,1,-1,0.0,0.00349
190,2020-01-10 09:34:02,N,AAPL,310.24,1.0,310.29,2.0,-5.0,0.0,2020-01-10 09:34:02.187738,310.13,310.2,-1,0.05000000000001137,0.08960785128806492,1,1,-0.3333333333333333,0.00349
191,2020-01-10 09:34:03,N,AAPL,310.13,2.0,310.2,2.0,1.0,-2.0,2020-01-10 09:34:03.074986,310.16,310.21,0,0.06999999999999318,0.09036696779583053,1,1,0.0,0.00349
192,2020-01-10 09:34:04,N,AAPL,310.16,8.0,310.21,1.0,7.0,-1.0,2020-01-10 09:34:04.114382,310.17,310.25,0,0.049999999999954525,0.09898016604392978,1,-1,0.7777777777777778,0.00349
193,2020-01-10 09:34:05,N,AAPL,310.17,2.0,310.25,1.0,1.0,0.0,2020-01-10 09:34:05.946266,310.18,310.26,0,0.07999999999998408,0.10045423623995475,1,1,0.3333333333333333,0.00349
194,2020-01-10 09:34:06,N,AAPL,310.18,2.0,310.26,2.0,0.0,1.0,2020-01-10 09:34:06.770355,310.17,310.24,0,0.07999999999998408,0.10109088029651048,1,1,0.0,0.00349
195,2020-01-10 09:34:08,N,AAPL,310.17,4.0,310.24,2.0,2.0,0.0,2020-01-10 09:34:08.697835,310.16,310.18,0,0.06999999999999318,0.10394436903209225,1,-1,0.3333333333333333,0.00349
196,2020-01-10 09:34:09,N,AAPL,310.16,8.0,310.18,4.0,3.0,3.0,2020-01-10 09:34:09.558640,310.11,310.14,-1,0.01999999999998181,0.1093213528424144,1,-1,0.3333333333333333,0.00349
197,2020-01-10 09:34:10,N,AAPL,310.11,1.0,310.14,1.0,-1.0,0.0,2020-01-10 09:34:10.280577,310.08,310.15,0,0.029999999999972715,0.10957513738094349,1,1,0.0,0.00349
198,2020-01-10 09:34:11,N,AAPL,310.08,1.0,310.15,2.0,-1.0,0.0,2020-01-10 09:34:11.147954,310.09,310.14,0,0.06999999999999318,0.10897525085147208,1,1,-0.3333333333333333,0.00349
199,2020-01-10 09:34:12,N,AAPL,310.09,2.0,310.14,4.0,0.0,2.0,2020-01-10 09:34:12.148878,310.17,310.23,1,0.05000000000001137,0.10770366857502722,1,-1,-0.3333333333333333,0.00349
200,2020-01-10 09:34:15,N,AAPL,310.17,1.0,310.23,2.0,-2.0,0.0,2020-01-10 09:34:15.943664,310.18,310.22,0,0.060000000000002274,0.1071577555619001,1,1,-0.3333333333333333,0.00349
201,2020-01-10 09:34:16,N,AAPL,310.18,1.0,310.22,4.0,-1.0,2.0,2020-01-10 09:34:16.348851,310.09,310.14,-1,0.040000000000020464,0.10495357993926291,1,-1,-0.6,0.00349
202,2020-01-10 09:34:17,N,AAPL,310.09,2.0,310.14,2.0,0.0,1.0,2020-01-10 09:34:17.376619,310.07,310.11,0,0.05000000000001137,0.10553878836725517,1,1,0.0,0.00349
203,2020-01-10 09:34:18,N,AAPL,310.07,1.0,310.11,2.0,-2.0,0.0,2020-01-10 09:34:18.785434,310.02,310.05,-1,0.040000000000020464,0.10488965761152258,1,-1,-0.3333333333333333,0.00349
204,2020-01-10 09:34:20,N,AAPL,310.02,21.0,310.05,4.0,20.0,2.0,2020-01-10 09:34:20.289801,310.0,310.05,0,0.03000000000002956,0.12746766119585118,1,-1,0.68,0.00349
205,2020-01-10 09:34:21,N,AAPL,310.0,2.0,310.05,2.0,1.0,-3.0,2020-01-10 09:34:21.076865,310.0,310.08,0,0.05000000000001137,0.12797386364843533,1,1,0.0,0.00352
206,2020-01-10 09:34:22,N,AAPL,310.0,3.0,310.08,4.0,2.0,3.0,2020-01-10 09:34:22.698594,310.0,310.05,0,0.07999999999998408,0.1278799507534245,1,1,-0.14285714285714285,0.00352
207,2020-01-10 09:34:23,N,AAPL,310.0,2.0,310.05,1.0,-2.0,0.0,2020-01-10 09:34:23.054976,309.94,309.97,-1,0.05000000000001137,0.12935501827854523,1,-1,0.3333333333333333,0.00352
208,2020-01-10 09:34:24,N,AAPL,309.94,1.0,309.97,4.0,-1.0,3.0,2020-01-10 09:34:24.063703,309.9,309.97,0,0.03000000000002956,0.12637518055390728,1,-1,-0.6,0.00352
209,2020-01-10 09:34:25,N,AAPL,309.9,2.0,309.97,2.0,-1.0,0.0,2020-01-10 09:34:25.120662,309.92,309.98,0,0.07000000000005002,0.12701021241332455,1,1,0.0,0.00352
210,2020-01-10 09:34:26,N,AAPL,309.92,2.0,309.98,3.0,-33.0,1.0,2020-01-10 09:34:26.003493,309.89,309.97,0,0.060000000000002274,0.12654677871154263,1,-1,-0.2,0.00352
211,2020-01-10 09:34:27,N,AAPL,309.89,1.0,309.97,4.0,0.0,2.0,2020-01-10 09:34:27.010019,309.89,309.97,0,0.08000000000004093,0.12372135102538095,1,1,-0.6,0.00352
212,2020-01-10 09:34:28,N,AAPL,309.89,1.0,309.97,2.0,0.0,-2.0,2020-01-10 09:34:28.014921,309.91,309.97,0,0.08000000000004093,0.12301247513141789,1,1,-0.3333333333333333,0.00352
213,2020-01-10 09:34:29,N,AAPL,309.91,2.0,309.97,2.0,0.0,0.0,2020-01-10 09:34:29.681255,309.91,309.93,0,0.060000000000002274,0.12361492844217992,1,-1,0.0,0.00352
214,2020-01-10 09:34:30,N,AAPL,309.91,1.0,309.93,2.0,-1.0,0.0,2020-01-10 09:34:30.141447,309.87,309.94,0,0.01999999999998181,0.12278323353291398,1,-1,-0.3333333333333333,0.00352
215,2020-01-10 09:34:31,N,AAPL,309.87,2.0,309.94,2.0,0.0,-1.0,2020-01-10 09:34:31.173248,309.88,309.97,0,0.06999999999999318,0.12344026482810477,1,1,0.0,0.00352
216,2020-01-10 09:34:32,N,AAPL,309.88,3.0,309.97,1.0,0.0,-1.0,2020-01-10 09:34:32.201576,309.89,309.96,0,0.09000000000003183,0.12651359987376054,1,1,0.5,0.00352
217,2020-01-10 09:34:33,N,AAPL,309.89,1.0,309.96,3.0,0.0,1.0,2020-01-10 09:34:33.073020,309.91,309.94,0,0.06999999999999318,0.12475402534306568,1,-1,-0.5,0.00352
218,2020-01-10 09:34:34,N,AAPL,309.91,1.0,309.94,2.0,0.0,-1.0,2020-01-10 09:34:34.517107,309.94,310.0,0,0.029999999999972715,0.12395545445480138,1,-1,-0.3333333333333333,0.00352
219,2020-01-10 09:34:35,N,AAPL,309.94,1.0,310.0,5.0,0.0,0.0,2020-01-10 09:34:35.029781,309.95,309.99,0,0.060000000000002274,0.12034694637537768,1,1,-0.6666666666666666,0.00352
220,2020-01-10 09:34:36,N,AAPL,309.95,2.0,309.99,2.0,1.0,1.0,2020-01-10 09:34:36.018650,309.99,310.02,0,0.040000000000020464,0.12085110896811102,1,-1,0.0,0.00352
221,2020-01-10 09:34:37,N,AAPL,309.99,2.0,310.02,2.0,-4.0,-2.0,2020-01-10 09:34:37.428600,309.98,310.02,0,0.029999999999972715,0.1212880880050875,1,-1,0.0,0.00352
222,2020-01-10 09:34:38,N,AAPL,309.98,1.0,310.02,2.0,0.0,-2.0,2020-01-10 09:34:38.948366,309.94,309.96,-1,0.03999999999996362,0.12059031293085809,1,1,-0.3333333333333333,0.00352
223,2020-01-10 09:34:39,N,AAPL,309.94,6.0,309.96,1.0,5.0,-1.0,2020-01-10 09:34:39.546801,309.96,309.99,0,0.01999999999998181,0.1268898714205875,1,-1,0.7142857142857143,0.00352
224,2020-01-10 09:34:40,N,AAPL,309.96,1.0,309.99,4.0,0.0,0.0,2020-01-10 09:34:40.439435,309.93,309.98,0,0.03000000000002956,0.12423023771077624,1,1,-0.6,0.00352
225,2020-01-10 09:34:41,N,AAPL,309.93,2.0,309.98,2.0,1.0,-4.0,2020-01-10 09:34:41.980636,309.95,309.97,0,0.05000000000001137,0.12473116954419083,1,1,0.0,0.00352
226,2020-01-10 09:34:44,N,AAPL,309.95,1.0,309.97,2.0,-1.0,0.0,2020-01-10 09:34:44.262665,309.95,309.98,0,0.020000000000038654,0.12396701193529225,1,-1,-0.3333333333333333,0.00352
227,2020-01-10 09:34:45,N,AAPL,309.95,1.0,309.98,2.0,-3.0,0.0,2020-01-10 09:34:45.093898,309.96,309.98,0,0.03000000000002956,0.12323117681938811,1,1,-0.3333333333333333,0.00352
228,2020-01-10 09:34:46,N,AAPL,309.96,10.0,309.98,2.0,9.0,0.0,2020-01-10 09:34:46.279529,309.96,310.0,0,0.020000000000038654,0.13268386218845762,1,-1,0.6666666666666666,0.00352
229,2020-01-10 09:34:47,N,AAPL,309.96,10.0,310.0,2.0,0.0,0.0,2020-01-10 09:34:47.494448,309.93,309.95,-1,0.040000000000020464,0.1418388023644752,1,1,0.6666666666666666,0.00352
230,2020-01-10 09:34:48,N,AAPL,309.93,1.0,309.95,4.0,-9.0,2.0,2020-01-10 09:34:48.117279,309.88,309.9,-1,0.01999999999998181,0.1390757345694169,1,-1,-0.6,0.00352
231,2020-01-10 09:34:49,N,AAPL,309.88,1.0,309.9,4.0,0.0,1.0,2020-01-10 09:34:49.036584,309.83,309.88,0,0.01999999999998181,0.13619401562465328,1,1,-0.6,0.00352
232,2020-01-10 09:34:50,N,AAPL,309.83,3.0,309.88,4.0,-6.0,0.0,2020-01-10 09:34:50.135982,309.8,309.84,0,0.05000000000001137,0.13587048265998192,1,1,-0.14285714285714285,0.00352
233,2020-01-10 09:34:51,N,AAPL,309.8,1.0,309.84,3.0,-1.0,0.0,2020-01-10 09:34:51.312177,309.88,309.91,1,0.03999999999996362,0.13396606334850958,1,-1,-0.5,0.00352
234,2020-01-10 09:34:52,N,AAPL,309.88,1.0,309.91,2.0,-1.0,1.0,2020-01-10 09:34:52.238992,309.79,309.85,-1,0.03000000000002956,0.13317613464965916,1,-1,-0.3333333333333333,0.00352
235,2020-01-10 09:34:53,N,AAPL,309.79,2.0,309.85,2.0,0.0,0.0,2020-01-10 09:34:53.172928,309.75,309.79,0,0.060000000000002274,0.1337073003326168,1,1,0.0,0.00352
236,2020-01-10 09:34:54,N,AAPL,309.75,3.0,309.79,2.0,1.0,0.0,2020-01-10 09:34:54.403208,309.83,309.87,1,0.040000000000020464,0.13558087832296906,1,-1,0.2,0.00352
237,2020-01-10 09:34:56,N,AAPL,309.83,1.0,309.87,5.0,-2.0,4.0,2020-01-10 09:34:56.775158,309.82,309.85,0,0.040000000000020464,0.1317467751674144,1,1,-0.6666666666666666,0.00352
238,2020-01-10 09:34:57,N,AAPL,309.82,1.0,309.85,4.0,0.0,-1.0,2020-01-10 09:34:57.034331,309.86,309.92,1,0.03000000000002956,0.12888971535426208,1,-1,-0.6,0.00352
239,2020-01-10 09:34:58,N,AAPL,309.86,1.0,309.92,1.0,-1.0,-1.0,2020-01-10 09:34:58.038056,309.82,309.89,0,0.060000000000002274,0.12912989377838358,1,1,0.0,0.00352
240,2020-01-10 09:34:59,N,AAPL,309.82,1.0,309.89,1.0,-5.0,-1.0,2020-01-10 09:34:59.466173,309.84,309.91,0,0.06999999999999318,0.12939589008840358,1,1,0.0,0.00352
241,2020-01-10 09:35:00,N,AAPL,309.84,1.0,309.91,1.0,0.0,0.0,2020-01-10 09:35:00.657041,309.8,309.84,0,0.07000000000005002,0.1296522100827815,1,1,0.0,0.00352
242,2020-01-10 09:35:01,N,AAPL,309.8,8.0,309.84,2.0,2.0,0.0,2020-01-10 09:35:01.280520,309.8,309.89,0,0.03999999999996362,0.1375996071272425,1,-1,0.6,0.00352
243,2020-01-10 09:35:02,N,AAPL,309.8,39.0,309.89,2.0,29.0,0.0,2020-01-10 09:35:02.442540,309.83,309.89,0,0.08999999999997499,0.1811621207018561,1,1,0.9024390243902439,0.00352
244,2020-01-10 09:35:03,N,AAPL,309.83,2.0,309.89,2.0,1.0,-4.0,2020-01-10 09:35:03.418909,309.91,309.96,1,0.060000000000002274,0.18135614568467417,1,-1,0.0,0.00352
245,2020-01-10 09:35:04,N,AAPL,309.91,4.0,309.96,2.0,0.0,0.0,2020-01-10 09:35:04.466309,309.98,310.01,1,0.049999999999954525,0.1833423831070604,1,-1,0.3333333333333333,0.00426
246,2020-01-10 09:35:05,N,AAPL,309.98,7.0,310.01,2.0,4.0,1.0,2020-01-10 09:35:05.587263,309.97,310.03,0,0.029999999999972715,0.18747408569970503,1,-1,0.5555555555555556,0.00426
247,2020-01-10 09:35:06,N,AAPL,309.97,1.0,310.03,1.0,-1.0,-1.0,2020-01-10 09:35:06.298627,309.94,310.0,0,0.05999999999994543,0.18750794161286422,1,1,0.0,0.00426
248,2020-01-10 09:35:07,N,AAPL,309.94,1.0,310.0,3.0,0.0,2.0,2020-01-10 09:35:07.215650,309.97,310.02,0,0.060000000000002274,0.18590239902880512,1,1,-0.5,0.00426
249,2020-01-10 09:35:08,N,AAPL,309.97,2.0,310.02,2.0,1.0,1.0,2020-01-10 09:35:08.931851,310.01,310.05,0,0.049999999999954525,0.18595256554732487,1,-1,0.0,0.00426
250,2020-01-10 09:35:09,N,AAPL,310.01,1.0,310.05,2.0,-1.0,0.0,2020-01-10 09:35:09.677900,310.05,310.12,0,0.040000000000020464,0.18519292729666859,1,-1,-0.3333333333333333,0.00426
251,2020-01-10 09:35:10,N,AAPL,310.05,1.0,310.12,3.0,0.0,1.0,2020-01-10 09:35:10.045485,310.16,310.24,1,0.06999999999999318,0.18385376910708828,1,1,-0.5,0.00426
252,2020-01-10 09:35:11,N,AAPL,310.16,1.0,310.24,7.0,-1.0,6.0,2020-01-10 09:35:11.210962,310.23,310.3,0,0.07999999999998408,0.180586819094799,1,1,-0.75,0.00426
253,2020-01-10 09:35:12,N,AAPL,310.23,3.0,310.3,5.0,1.0,4.0,2020-01-10 09:35:12.277778,310.2,310.27,0,0.06999999999999318,0.17958089789817677,1,-1,-0.25,0.00426
254,2020-01-10 09:35:13,N,AAPL,310.2,2.0,310.27,4.0,0.0,3.0,2020-01-10 09:35:13.114065,310.21,310.29,0,0.06999999999999318,0.17855980136192784,1,1,-0.3333333333333333,0.00426
255,2020-01-10 09:35:14,N,AAPL,310.21,4.0,310.29,3.0,3.0,1.0,2020-01-10 09:35:14.346373,310.2,310.24,0,0.08000000000004093,0.17903306282710219,1,1,0.14285714285714285,0.00426
256,2020-01-10 09:35:15,N,AAPL,310.2,3.0,310.24,1.0,1.0,-1.0,2020-01-10 09:35:15.405927,310.2,310.29,0,0.040000000000020464,0.17996056289581475,1,-1,0.5,0.00426
257,2020-01-10 09:35:16,N,AAPL,310.2,3.0,310.29,2.0,1.0,0.0,2020-01-10 09:35:16.039622,310.23,310.29,0,0.09000000000003183,0.1804572624922116,1,1,0.2,0.00426
258,2020-01-10 09:35:17,N,AAPL,310.23,2.0,310.29,4.0,-3.0,2.0,2020-01-10 09:35:17.523338,310.24,310.29,0,0.060000000000002274,0.1794503574939199,1,-1,-0.3333333333333333,0.00426
259,2020-01-10 09:35:18,N,AAPL,310.24,1.0,310.29,2.0,-1.0,-2.0,2020-01-10 09:35:18.008943,310.25,310.3,0,0.05000000000001137,0.17893767813188788,1,-1,-0.3333333333333333,0.00426
260,2020-01-10 09:35:19,N,AAPL,310.25,5.0,310.3,1.0,4.0,-1.0,2020-01-10 09:35:19.607716,310.29,310.36,0,0.05000000000001137,0.1805118105830843,1,1,0.6666666666666666,0.00426
261,2020-01-10 09:35:20,N,AAPL,310.29,3.0,310.36,1.0,1.0,0.0,2020-01-10 09:35:20.016901,310.43,310.48,1,0.06999999999999318,0.18116585625170956,1,1,0.5,0.00426
262,2020-01-10 09:35:22,N,AAPL,310.43,4.0,310.48,3.0,2.0,1.0,2020-01-10 09:35:22.120002,310.54,310.59,1,0.05000000000001137,0.18101478234945034,1,-1,0.14285714285714285,0.00426
263,2020-01-10 09:35:23,N,AAPL,310.54,2.0,310.59,2.0,-2.0,0.0,2020-01-10 09:35:23.004631,310.58,310.65,0,0.049999999999954525,0.18074733545756771,1,-1,0.0,0.00426
264,2020-01-10 09:35:24,N,AAPL,310.58,4.0,310.65,2.0,2.0,0.0,2020-01-10 09:35:24.202082,310.58,310.64,0,0.06999999999999318,0.18042561082023667,1,1,0.3333333333333333,0.00426
265,2020-01-10 09:35:25,N,AAPL,310.58,4.0,310.64,1.0,2.0,-3.0,2020-01-10 09:35:25.391845,310.57,310.61,0,0.060000000000002274,0.18018061155908072,1,-1,0.6,0.00426
266,2020-01-10 09:35:26,N,AAPL,310.57,4.0,310.61,5.0,-4.0,0.0,2020-01-10 09:35:26.030172,310.47,310.54,-1,0.040000000000020464,0.17945493944364443,1,-1,-0.1111111111111111,0.00426
267,2020-01-10 09:35:27,N,AAPL,310.47,3.0,310.54,1.0,0.0,0.0,2020-01-10 09:35:27.005536,310.47,310.5,0,0.06999999999999318,0.17957303265831115,1,1,0.5,0.00426
268,2020-01-10 09:35:28,N,AAPL,310.47,1.0,310.5,2.0,-2.0,0.0,2020-01-10 09:35:28.224726,310.47,310.52,0,0.029999999999972715,0.17920135010047034,1,-1,-0.3333333333333333,0.00426
269,2020-01-10 09:35:29,N,AAPL,310.47,1.0,310.52,7.0,-2.0,5.0,2020-01-10 09:35:29.167583,310.38,310.41,-1,0.049999999999954525,0.17779736850422978,1,1,-0.75,0.00426
270,2020-01-10 09:35:30,N,AAPL,310.38,2.0,310.41,2.0,1.0,0.0,2020-01-10 09:35:30.307811,310.23,310.32,-1,0.03000000000002956,0.177584457552598,1,-1,0.0,0.00426
271,2020-01-10 09:35:31,N,AAPL,310.23,13.0,310.32,2.0,12.0,0.0,2020-01-10 09:35:31.087126,310.18,310.24,0,0.08999999999997499,0.18201329622758067,1,1,0.7333333333333333,0.00426
272,2020-01-10 09:35:32,N,AAPL,310.18,5.0,310.24,2.0,-14.0,0.0,2020-01-10 09:35:32.862425,310.15,310.23,0,0.060000000000002274,0.18331253657424895,1,-1,0.42857142857142855,0.00426
273,2020-01-10 09:35:34,N,AAPL,310.15,3.0,310.23,5.0,2.0,3.0,2020-01-10 09:35:34.357901,310.21,310.3,0,0.08000000000004093,0.18227202380955987,1,1,-0.25,0.00426
274,2020-01-10 09:35:35,N,AAPL,310.21,1.0,310.3,2.0,-4.0,0.0,2020-01-10 09:35:35.331858,310.26,310.35,0,0.09000000000003183,0.18182888174413847,1,1,-0.3333333333333333,0.00426
275,2020-01-10 09:35:36,N,AAPL,310.26,5.0,310.35,2.0,0.0,0.0,2020-01-10 09:35:36.000214,310.34,310.41,0,0.09000000000003183,0.18282014557820503,1,1,0.42857142857142855,0.00426
276,2020-01-10 09:35:37,N,AAPL,310.34,2.0,310.41,1.0,1.0,-1.0,2020-01-10 09:35:37.910215,310.34,310.42,0,0.07000000000005002,0.18299894203130407,1,-1,0.3333333333333333,0.00426
277,2020-01-10 09:35:38,N,AAPL,310.34,3.0,310.42,1.0,1.0,0.0,2020-01-10 09:35:38.132921,310.33,310.35,0,0.08000000000004093,0.18343063590634756,1,1,0.5,0.00426
278,2020-01-10 09:35:40,N,AAPL,310.33,2.0,310.35,2.0,0.0,1.0,2020-01-10 09:35:40.170049,310.21,310.28,-1,0.020000000000038654,0.18319579447052092,1,-1,0.0,0.00426
279,2020-01-10 09:35:41,N,AAPL,310.21,2.0,310.28,2.0,0.0,-2.0,2020-01-10 09:35:41.171895,310.2,310.23,0,0.06999999999999318,0.183115493720436,1,1,0.0,0.00426
280,2020-01-10 09:35:42,N,AAPL,310.2,4.0,310.23,4.0,-1.0,2.0,2020-01-10 09:35:42.354024,310.15,310.16,-1,0.03000000000002956,0.18280275280278602,1,-1,0.0,0.00426
281,2020-01-10 09:35:43,N,AAPL,310.15,1.0,310.16,4.0,-3.0,0.0,2020-01-10 09:35:43.847403,310.15,310.16,0,0.010000000000047748,0.18105163208349495,1,-1,-0.6,0.00426
282,2020-01-10 09:35:44,N,AAPL,310.15,1.0,310.16,4.0,0.0,2.0,2020-01-10 09:35:44.065922,310.13,310.19,0,0.010000000000047748,0.17931697547896874,1,1,-0.6,0.00426
283,2020-01-10 09:35:46,N,AAPL,310.13,4.0,310.19,2.0,3.0,1.0,2020-01-10 09:35:46.185397,310.22,310.28,1,0.060000000000002274,0.18024123729884423,1,1,0.3333333333333333,0.00426
284,2020-01-10 09:35:47,N,AAPL,310.22,2.0,310.28,4.0,0.0,2.0,2020-01-10 09:35:47.020615,310.24,310.33,0,0.05999999999994543,0.17929191510660303,1,-1,-0.3333333333333333,0.00426
285,2020-01-10 09:35:48,N,AAPL,310.24,3.0,310.33,2.0,2.0,1.0,2020-01-10 09:35:48.029841,310.22,310.3,0,0.08999999999997499,0.1795967350226988,1,1,0.2,0.00453
286,2020-01-10 09:35:49,N,AAPL,310.22,4.0,310.3,3.0,2.0,1.0,2020-01-10 09:35:49.176230,310.25,310.32,0,0.07999999999998408,0.17987974326422318,1,-1,0.14285714285714285,0.00453
287,2020-01-10 09:35:50,N,AAPL,310.25,1.0,310.32,2.0,-1.0,0.0,2020-01-10 09:35:50.003713,310.26,310.31,0,0.06999999999999318,0.17945286335350374,1,-1,-0.3333333333333333,0.00453
288,2020-01-10 09:35:51,N,AAPL,310.26,1.0,310.31,3.0,0.0,1.0,2020-01-10 09:35:51.004575,310.24,310.32,0,0.05000000000001137,0.17860902088921193,1,-1,-0.5,0.00453
289,2020-01-10 09:35:52,N,AAPL,310.24,1.0,310.32,4.0,0.0,2.0,2020-01-10 09:35:52.091576,310.23,310.28,0,0.07999999999998408,0.1774493453294781,1,1,-0.6,0.00453
290,2020-01-10 09:35:53,N,AAPL,310.23,2.0,310.28,1.0,0.0,-1.0,2020-01-10 09:35:53.796404,310.24,310.29,0,0.049999999999954525,0.1777466470717286,1,-1,0.3333333333333333,0.00453
291,2020-01-10 09:35:54,N,AAPL,310.24,5.0,310.29,2.0,3.0,1.0,2020-01-10 09:35:54.270651,310.32,310.38,1,0.05000000000001137,0.17864423748119407,1,1,0.42857142857142855,0.00453
292,2020-01-10 09:35:55,N,AAPL,310.32,2.0,310.38,4.0,0.0,3.0,2020-01-10 09:35:55.148199,310.33,310.41,0,0.060000000000002274,0.1778784103252633,1,1,-0.3333333333333333,0.00453
293,2020-01-10 09:35:56,N,AAPL,310.33,4.0,310.41,4.0,1.0,2.0,2020-01-10 09:35:56.084843,310.37,310.47,0,0.08000000000004093,0.1776696832579887,1,1,0.0,0.00453
294,2020-01-10 09:35:58,N,AAPL,310.37,4.0,310.47,2.0,2.0,0.0,2020-01-10 09:35:58.023454,310.39,310.44,0,0.10000000000002274,0.1779468190788407,1,1,0.3333333333333333,0.00453
295,2020-01-10 09:36:00,N,AAPL,310.39,1.0,310.44,4.0,0.0,2.0,2020-01-10 09:36:00.406237,310.45,310.49,1,0.05000000000001137,0.1771032840227349,1,-1,-0.6,0.00453
296,2020-01-10 09:36:01,N,AAPL,310.45,1.0,310.49,2.0,0.0,0.0,2020-01-10 09:36:01.398516,310.42,310.46,0,0.040000000000020464,0.17678738317761145,1,-1,-0.3333333333333333,0.00453
297,2020-01-10 09:36:02,N,AAPL,310.42,2.0,310.46,4.0,1.0,2.0,2020-01-10 09:36:02.263185,310.39,310.44,0,0.03999999999996362,0.17611542449947137,1,-1,-0.3333333333333333,0.00453
298,2020-01-10 09:36:03,N,AAPL,310.39,1.0,310.44,2.0,0.0,0.0,2020-01-10 09:36:03.019635,310.38,310.46,0,0.05000000000001137,0.17577859609053803,1,1,-0.3333333333333333,0.00453
299,2020-01-10 09:36:04,N,AAPL,310.38,4.0,310.46,1.0,2.0,0.0,2020-01-10 09:36:04.042188,310.31,310.36,-1,0.07999999999998408,0.1762143959405762,1,1,0.6,0.00453
300,2020-01-10 09:36:05,N,AAPL,310.31,1.0,310.36,4.0,-3.0,2.0,2020-01-10 09:36:05.075127,310.2,310.29,-1,0.05000000000001137,0.17518187362293247,1,-1,-0.6,0.00453
301,2020-01-10 09:36:06,N,AAPL,310.2,32.0,310.29,2.0,31.0,0.0,2020-01-10 09:36:06.221739,310.17,310.23,0,0.09000000000003183,0.18607447032786695,1,1,0.8823529411764706,0.00453
302,2020-01-10 09:36:07,N,AAPL,310.17,2.0,310.23,1.0,1.0,0.0,2020-01-10 09:36:07.356004,310.16,310.21,0,0.060000000000002274,0.1868392519897384,1,-1,0.3333333333333333,0.00453
303,2020-01-10 09:36:08,N,AAPL,310.16,1.0,310.21,2.0,-2.0,1.0,2020-01-10 09:36:08.009950,310.16,310.2,0,0.049999999999954525,0.1865075200067281,1,-1,-0.3333333333333333,0.00453
304,2020-01-10 09:36:09,N,AAPL,310.16,2.0,310.2,1.0,1.0,0.0,2020-01-10 09:36:09.138954,310.23,310.29,1,0.03999999999996362,0.18681028270577826,1,-1,0.3333333333333333,0.00453
305,2020-01-10 09:36:10,N,AAPL,310.23,1.0,310.29,3.0,0.0,0.0,2020-01-10 09:36:10.120724,310.27,310.31,0,0.060000000000002274,0.18598697013271703,1,1,-0.5,0.00453
306,2020-01-10 09:36:11,N,AAPL,310.27,3.0,310.31,4.0,2.0,2.0,2020-01-10 09:36:11.666339,310.27,310.32,0,0.040000000000020464,0.18613217055070663,1,-1,-0.14285714285714285,0.00453
307,2020-01-10 09:36:12,N,AAPL,310.27,3.0,310.32,4.0,0.0,-2.0,2020-01-10 09:36:12.482700,310.27,310.31,0,0.05000000000001137,0.18545426707999013,1,1,-0.14285714285714285,0.00453
308,2020-01-10 09:36:13,N,AAPL,310.27,2.0,310.31,4.0,-1.0,2.0,2020-01-10 09:36:13.180812,310.21,310.26,-1,0.040000000000020464,0.1846288532287872,1,-1,-0.3333333333333333,0.00453
309,2020-01-10 09:36:14,N,AAPL,310.21,2.0,310.26,2.0,1.0,-2.0,2020-01-10 09:36:14.475874,310.19,310.26,0,0.05000000000001137,0.18379736250085443,1,1,0.0,0.00453
310,2020-01-10 09:36:15,N,AAPL,310.19,1.0,310.26,2.0,-1.0,0.0,2020-01-10 09:36:15.041894,310.2,310.26,0,0.06999999999999318,0.1838899659303479,1,1,-0.3333333333333333,0.00453
311,2020-01-10 09:36:16,N,AAPL,310.2,4.0,310.26,2.0,2.0,1.0,2020-01-10 09:36:16.444541,310.24,310.28,0,0.060000000000002274,0.18335656145899293,1,-1,0.3333333333333333,0.00453
312,2020-01-10 09:36:19,N,AAPL,310.24,2.0,310.28,4.0,1.0,0.0,2020-01-10 09:36:19.556820,310.27,310.31,0,0.03999999999996362,0.1837176525717723,1,-1,-0.3333333333333333,0.00453
313,2020-01-10 09:36:22,N,AAPL,310.27,2.0,310.31,2.0,0.0,1.0,2020-01-10 09:36:22.288779,310.3,310.34,0,0.040000000000020464,0.18363290864817827,1,1,0.0,0.00453
314,2020-01-10 09:36:23,N,AAPL,310.3,40.0,310.34,2.0,38.0,-2.0,2020-01-10 09:36:23.045035,310.36,310.41,1,0.03999999999996362,0.19226398366237163,1,-1,0.9047619047619048,0.00453
315,2020-01-10 09:36:24,N,AAPL,310.36,2.0,310.41,1.0,-20.0,-1.0,2020-01-10 09:36:24.024983,310.37,310.42,0,0.05000000000001137,0.19140543649621122,1,1,0.3333333333333333,0.00453
316,2020-01-10 09:36:25,N,AAPL,310.37,2.0,310.42,2.0,-2.0,0.0,2020-01-10 09:36:25.132742,310.34,310.4,0,0.05000000000001137,0.19186910078332176,1,1,0.0,0.00453
317,2020-01-10 09:36:26,N,AAPL,310.34,6.0,310.4,4.0,0.0,0.0,2020-01-10 09:36:26.029240,310.37,310.41,0,0.060000000000002274,0.19206426463978232,1,1,0.2,0.00453
318,2020-01-10 09:36:28,N,AAPL,310.37,2.0,310.41,4.0,1.0,2.0,2020-01-10 09:36:28.459556,310.42,310.5,1,0.040000000000020464,0.19131922196811502,1,-1,-0.3333333333333333,0.00471
319,2020-01-10 09:36:29,N,AAPL,310.42,2.0,310.5,5.0,1.0,3.0,2020-01-10 09:36:29.243097,310.49,310.51,0,0.07999999999998408,0.19177923820859633,1,1,-0.42857142857142855,0.00471
320,2020-01-10 09:36:30,N,AAPL,310.49,4.0,310.51,2.0,2.0,0.0,2020-01-10 09:36:30.846851,310.51,310.55,0,0.01999999999998181,0.19273866825682262,1,-1,0.3333333333333333,0.00471
321,2020-01-10 09:36:31,N,AAPL,310.51,1.0,310.55,1.0,-1.0,-1.0,2020-01-10 09:36:31.063796,310.52,310.59,0,0.040000000000020464,0.19447879122213863,1,1,0.0,0.00471
322,2020-01-10 09:36:32,N,AAPL,310.52,2.0,310.59,3.0,0.0,2.0,2020-01-10 09:36:32.089271,310.42,310.49,-1,0.06999999999999318,0.1941788925502692,1,1,-0.2,0.00471
323,2020-01-10 09:36:33,N,AAPL,310.42,2.0,310.49,2.0,0.0,-2.0,2020-01-10 09:36:33.030726,310.41,310.45,0,0.06999999999999318,0.19408591167160694,1,1,0.0,0.00471
324,2020-01-10 09:36:35,N,AAPL,310.41,1.0,310.45,4.0,-1.0,1.0,2020-01-10 09:36:35.042397,310.45,310.48,0,0.03999999999996362,0.19345316843043747,1,-1,-0.6,0.00471
325,2020-01-10 09:36:36,N,AAPL,310.45,2.0,310.48,2.0,0.0,0.0,2020-01-10 09:36:36.646702,310.42,310.47,0,0.03000000000002956,0.19465574962703158,1,-1,0.0,0.00471
326,2020-01-10 09:36:37,N,AAPL,310.42,2.0,310.47,2.0,0.0,0.0,2020-01-10 09:36:37.057216,310.41,310.44,0,0.05000000000001137,0.19606037703800894,1,1,0.0,0.00471
327,2020-01-10 09:36:39,N,AAPL,310.41,1.0,310.44,4.0,-1.0,2.0,2020-01-10 09:36:39.466720,310.42,310.46,0,0.029999999999972715,0.19546276675851004,1,-1,-0.6,0.00471
328,2020-01-10 09:36:40,N,AAPL,310.42,1.0,310.46,2.0,0.0,0.0,2020-01-10 09:36:40.199243,310.36,310.44,0,0.03999999999996362,0.19537381034285772,1,1,-0.3333333333333333,0.00471
329,2020-01-10 09:36:44,N,AAPL,310.36,4.0,310.44,2.0,3.0,0.0,2020-01-10 09:36:44.410529,310.4,310.45,0,0.07999999999998408,0.1958065937791389,1,1,0.3333333333333333,0.00471
330,2020-01-10 09:36:45,N,AAPL,310.4,1.0,310.45,2.0,-2.0,1.0,2020-01-10 09:36:45.154996,310.44,310.46,0,0.05000000000001137,0.19604918168954555,1,-1,-0.3333333333333333,0.00471
331,2020-01-10 09:36:46,N,AAPL,310.44,2.0,310.46,2.0,1.0,1.0,2020-01-10 09:36:46.436470,310.35,310.41,-1,0.01999999999998181,0.1956064404452036,1,-1,0.0,0.00471
332,2020-01-10 09:36:47,N,AAPL,310.35,5.0,310.41,4.0,3.0,2.0,2020-01-10 09:36:47.290086,310.35,310.38,0,0.060000000000002274,0.19628894561003563,1,1,0.1111111111111111,0.00471
333,2020-01-10 09:36:48,N,AAPL,310.35,4.0,310.38,1.0,0.0,0.0,2020-01-10 09:36:48.974376,310.4,310.46,1,0.029999999999972715,0.197865897459792,1,-1,0.6,0.00471
334,2020-01-10 09:36:50,N,AAPL,310.4,2.0,310.46,1.0,-2.0,-2.0,2020-01-10 09:36:50.034424,310.39,310.43,0,0.060000000000002274,0.1986408927264165,1,1,0.3333333333333333,0.00471
335,2020-01-10 09:36:51,N,AAPL,310.39,1.0,310.43,4.0,-1.0,3.0,2020-01-10 09:36:51.185608,310.39,310.46,0,0.040000000000020464,0.1990420712526202,1,-1,-0.6,0.00471
336,2020-01-10 09:36:52,N,AAPL,310.39,1.0,310.46,3.0,0.0,1.0,2020-01-10 09:36:52.565409,310.39,310.44,0,0.06999999999999318,0.19974164011665607,1,1,-0.5,0.00471
337,2020-01-10 09:36:53,N,AAPL,310.39,1.0,310.44,1.0,0.0,-3.0,2020-01-10 09:36:53.394562,310.39,310.44,0,0.05000000000001137,0.19980146180824931,1,-1,0.0,0.00471
338,2020-01-10 09:36:54,N,AAPL,310.39,2.0,310.44,1.0,0.0,-3.0,2020-01-10 09:36:54.094442,310.41,310.45,0,0.05000000000001137,0.19926681000441704,1,1,0.3333333333333333,0.00471
339,2020-01-10 09:36:55,N,AAPL,310.41,1.0,310.45,2.0,0.0,1.0,2020-01-10 09:36:55.075988,310.43,310.46,0,0.03999999999996362,0.19850967492249083,1,-1,-0.3333333333333333,0.00471
340,2020-01-10 09:36:56,N,AAPL,310.43,1.0,310.46,5.0,-1.0,3.0,2020-01-10 09:36:56.350578,310.41,310.45,0,0.029999999999972715,0.19757981402608493,1,-1,-0.6666666666666666,0.00471
341,2020-01-10 09:36:57,N,AAPL,310.41,1.0,310.45,4.0,-3.0,-1.0,2020-01-10 09:36:57.298009,310.39,310.43,0,0.03999999999996362,0.19690653421019988,1,1,-0.6,0.00471
342,2020-01-10 09:36:58,N,AAPL,310.39,1.0,310.43,2.0,-1.0,-1.0,2020-01-10 09:36:58.499528,310.39,310.43,0,0.040000000000020464,0.19705816416967536,1,1,-0.3333333333333333,0.00471
343,2020-01-10 09:36:59,N,AAPL,310.39,1.0,310.43,4.0,0.0,0.0,2020-01-10 09:36:59.009922,310.39,310.4,0,0.040000000000020464,0.196334817391687,1,1,-0.6,0.00471
344,2020-01-10 09:37:00,N,AAPL,310.39,1.0,310.4,4.0,-3.0,2.0,2020-01-10 09:37:00.245177,310.26,310.33,-1,0.009999999999990905,0.1941073826233719,1,-1,-0.6,0.00471
345,2020-01-10 09:37:01,N,AAPL,310.26,1.0,310.33,1.0,-1.0,-1.0,2020-01-10 09:37:01.595699,310.25,310.32,0,0.06999999999999318,0.19457646924035998,1,1,0.0,0.00471
346,2020-01-10 09:37:02,N,AAPL,310.25,3.0,310.32,4.0,2.0,3.0,2020-01-10 09:37:02.250145,310.3,310.33,0,0.06999999999999318,0.1939384931304744,1,1,-0.14285714285714285,0.00471
347,2020-01-10 09:37:03,N,AAPL,310.3,1.0,310.33,1.0,-1.0,0.0,2020-01-10 09:37:03.981056,310.27,310.32,0,0.029999999999972715,0.19607964601755157,1,-1,0.0,0.00471
348,2020-01-10 09:37:04,N,AAPL,310.27,1.0,310.32,1.0,0.0,-4.0,2020-01-10 09:37:04.002010,310.28,310.32,0,0.05000000000001137,0.19611956735491276,1,1,0.0,0.00471
349,2020-01-10 09:37:05,N,AAPL,310.28,1.0,310.32,1.0,-1.0,0.0,2020-01-10 09:37:05.218366,310.29,310.33,0,0.040000000000020464,0.19755710197591725,1,-1,0.0,0.00471
350,2020-01-10 09:37:06,N,AAPL,310.29,2.0,310.33,2.0,1.0,1.0,2020-01-10 09:37:06.387516,310.26,310.3,0,0.03999999999996362,0.19632488150296012,1,-1,0.0,0.00471
351,2020-01-10 09:37:07,N,AAPL,310.26,2.0,310.3,5.0,0.0,4.0,2020-01-10 09:37:07.174258,310.24,310.3,0,0.040000000000020464,0.19259361704223465,1,1,-0.42857142857142855,0.00471
352,2020-01-10 09:37:08,N,AAPL,310.24,2.0,310.3,1.0,0.0,0.0,2020-01-10 09:37:08.266853,310.25,310.29,0,0.060000000000002274,0.17950551651176738,1,1,0.3333333333333333,0.00471
353,2020-01-10 09:37:09,N,AAPL,310.25,2.0,310.29,1.0,1.0,0.0,2020-01-10 09:37:09.037323,310.32,310.38,1,0.040000000000020464,0.1765823125587076,1,-1,0.3333333333333333,0.00471
354,2020-01-10 09:37:10,N,AAPL,310.32,3.0,310.38,2.0,1.0,0.0,2020-01-10 09:37:10.521016,310.28,310.32,0,0.060000000000002274,0.17689747426317126,1,1,0.2,0.00471
355,2020-01-10 09:37:11,N,AAPL,310.28,2.0,310.32,5.0,1.0,4.0,2020-01-10 09:37:11.248703,310.29,310.34,0,0.040000000000020464,0.17602658399533766,1,-1,-0.42857142857142855,0.00471
356,2020-01-10 09:37:13,N,AAPL,310.29,2.0,310.34,1.0,0.0,-1.0,2020-01-10 09:37:13.348249,310.28,310.32,0,0.049999999999954525,0.1726333761515093,1,1,0.3333333333333333,0.00471
357,2020-01-10 09:37:14,N,AAPL,310.28,2.0,310.32,2.0,0.0,1.0,2020-01-10 09:37:14.823349,310.28,310.31,0,0.040000000000020464,0.17346417518973567,1,-1,0.0,0.00471
358,2020-01-10 09:37:15,N,AAPL,310.28,2.0,310.31,4.0,0.0,2.0,2020-01-10 09:37:15.168768,310.23,310.28,0,0.03000000000002956,0.16844603115242762,1,-1,-0.3333333333333333,0.00471
359,2020-01-10 09:37:16,N,AAPL,310.23,4.0,310.28,2.0,3.0,1.0,2020-01-10 09:37:16.740093,310.23,310.27,0,0.049999999999954525,0.16349338162262939,1,1,0.3333333333333333,0.00471
360,2020-01-10 09:37:17,N,AAPL,310.23,3.0,310.27,4.0,2.0,2.0,2020-01-10 09:37:17.446178,310.23,310.27,0,0.03999999999996362,0.16315987814186883,1,-1,-0.14285714285714285,0.00471
361,2020-01-10 09:37:18,N,AAPL,310.23,5.0,310.27,4.0,3.0,1.0,2020-01-10 09:37:18.048491,310.14,310.17,-1,0.03999999999996362,0.1631090461494864,1,1,0.1111111111111111,0.00471
362,2020-01-10 09:37:19,N,AAPL,310.14,3.0,310.17,1.0,-2.0,-3.0,2020-01-10 09:37:19.588229,310.06,310.09,-1,0.03000000000002956,0.16141706851578874,1,-1,0.5,0.00471
363,2020-01-10 09:37:20,N,AAPL,310.06,2.0,310.09,4.0,-23.0,3.0,2020-01-10 09:37:20.300840,310.02,310.04,-1,0.029999999999972715,0.15763821434762804,1,-1,-0.3333333333333333,0.00471
364,2020-01-10 09:37:23,N,AAPL,310.02,8.0,310.04,4.0,7.0,2.0,2020-01-10 09:37:23.245998,310.02,310.05,0,0.020000000000038654,0.15600914480432948,1,-1,0.3333333333333333,0.00471
365,2020-01-10 09:37:24,N,AAPL,310.02,1.0,310.05,4.0,0.0,2.0,2020-01-10 09:37:24.005588,310.02,310.07,0,0.03000000000002956,0.1570308341447344,1,1,-0.6,0.00471
366,2020-01-10 09:37:25,N,AAPL,310.02,2.0,310.07,1.0,0.0,-1.0,2020-01-10 09:37:25.581090,310.06,310.12,0,0.05000000000001137,0.15850347753519145,1,1,0.3333333333333333,0.00614
367,2020-01-10 09:37:26,N,AAPL,310.06,3.0,310.12,4.0,2.0,3.0,2020-01-10 09:37:26.280266,310.07,310.12,0,0.060000000000002274,0.16384083851653486,1,1,-0.14285714285714285,0.00614
368,2020-01-10 09:37:27,N,AAPL,310.07,2.0,310.12,2.0,0.0,1.0,2020-01-10 09:37:27.342458,310.1,310.13,0,0.05000000000001137,0.16589545769966207,1,-1,0.0,0.00614
369,2020-01-10 09:37:28,N,AAPL,310.1,2.0,310.13,2.0,1.0,-1.0,2020-01-10 09:37:28.818030,310.09,310.13,0,0.029999999999972715,0.1660272337085189,1,-1,0.0,0.00614
370,2020-01-10 09:37:31,N,AAPL,310.09,4.0,310.13,1.0,3.0,0.0,2020-01-10 09:37:31.328868,310.1,310.12,0,0.040000000000020464,0.16737640491390948,1,1,0.6,0.00614
371,2020-01-10 09:37:32,N,AAPL,310.1,1.0,310.12,4.0,-1.0,2.0,2020-01-10 09:37:32.084049,310.09,310.09,-1,0.01999999999998181,0.1636606176020905,1,-1,-0.6,0.00614
372,2020-01-10 09:37:34,N,AAPL,310.09,3.0,310.09,8.0,-1.0,6.0,2020-01-10 09:37:34.592984,310.09,310.12,0,0.0,0.17699633122691694,1,-1,-0.45454545454545453,0.00614
373,2020-01-10 09:37:35,N,AAPL,310.09,2.0,310.12,1.0,1.0,-2.0,2020-01-10 09:37:35.214268,310.07,310.1,0,0.03000000000002956,0.17256533160599474,1,1,0.3333333333333333,0.00614
374,2020-01-10 09:37:37,N,AAPL,310.07,1.0,310.1,4.0,-1.0,3.0,2020-01-10 09:37:37.429239,310.05,310.09,0,0.03000000000002956,0.1713429902599728,1,1,-0.6,0.00614
375,2020-01-10 09:37:38,N,AAPL,310.05,1.0,310.09,3.0,0.0,2.0,2020-01-10 09:37:38.198653,310.06,310.09,0,0.03999999999996362,0.16267721668748436,1,1,-0.5,0.00614
376,2020-01-10 09:37:39,N,AAPL,310.06,1.0,310.09,1.0,0.0,-2.0,2020-01-10 09:37:39.957976,310.07,310.09,0,0.029999999999972715,0.16373585731190587,1,-1,0.0,0.00614
377,2020-01-10 09:37:40,N,AAPL,310.07,1.0,310.09,2.0,0.0,1.0,2020-01-10 09:37:40.193919,310.02,310.08,0,0.01999999999998181,0.16086944725384456,1,-1,-0.3333333333333333,0.00614
378,2020-01-10 09:37:41,N,AAPL,310.02,2.0,310.08,5.0,1.0,2.0,2020-01-10 09:37:41.525370,310.02,310.05,0,0.060000000000002274,0.16187588888084292,1,1,-0.42857142857142855,0.00614
379,2020-01-10 09:37:42,N,AAPL,310.02,1.0,310.05,7.0,-1.0,2.0,2020-01-10 09:37:42.097505,309.91,309.95,-1,0.03000000000002956,0.16043572698197295,1,-1,-0.75,0.00614
380,2020-01-10 09:37:43,N,AAPL,309.91,4.0,309.95,1.0,-8.0,0.0,2020-01-10 09:37:43.050102,309.97,310.0,1,0.03999999999996362,0.15756643807992532,1,1,0.6,0.00614
381,2020-01-10 09:37:44,N,AAPL,309.97,2.0,310.0,84.0,1.0,83.0,2020-01-10 09:37:44.132849,309.97,310.0,0,0.029999999999972715,0.11038943248991018,1,-1,-0.9534883720930233,0.00614
382,2020-01-10 09:37:46,N,AAPL,309.97,3.0,310.0,40.0,1.0,-44.0,2020-01-10 09:37:46.401004,309.96,309.98,0,0.029999999999972715,0.09047313395404899,1,1,-0.8604651162790697,0.00614
383,2020-01-10 09:37:48,N,AAPL,309.96,2.0,309.98,4.0,1.0,2.0,2020-01-10 09:37:48.470847,309.94,309.99,0,0.020000000000038654,0.07479556650247332,1,-1,-0.3333333333333333,0.00614
384,2020-01-10 09:37:49,N,AAPL,309.94,1.0,309.99,1.0,-1.0,-3.0,2020-01-10 09:37:49.531268,310.06,310.09,1,0.05000000000001137,0.061288791853314706,1,1,0.0,0.00614
385,2020-01-10 09:37:53,N,AAPL,310.06,2.0,310.09,1.0,1.0,-27.0,2020-01-10 09:37:53.854457,310.06,310.11,0,0.029999999999972715,0.053380590203914835,1,-1,0.3333333333333333,0.00614
386,2020-01-10 09:37:54,N,AAPL,310.06,2.0,310.11,1.0,0.0,0.0,2020-01-10 09:37:54.333950,310.06,310.11,0,0.05000000000001137,0.0550229458707463,1,1,0.3333333333333333,0.00614
387,2020-01-10 09:37:55,N,AAPL,310.06,2.0,310.11,1.0,0.0,-2.0,2020-01-10 09:37:55.077636,310.06,310.11,0,0.05000000000001137,0.05785558729297691,1,1,0.3333333333333333,0.00614
388,2020-01-10 09:37:56,N,AAPL,310.06,2.0,310.11,1.0,0.0,0.0,2020-01-10 09:37:56.370575,310.02,310.06,0,0.05000000000001137,0.058530704486258855,1,1,0.3333333333333333,0.00614
389,2020-01-10 09:37:58,N,AAPL,310.02,1.0,310.06,2.0,0.0,0.0,2020-01-10 09:37:58.642912,310.03,310.1,0,0.040000000000020464,0.05750740964464285,1,-1,-0.3333333333333333,0.00665
390,2020-01-10 09:37:59,N,AAPL,310.03,2.0,310.1,4.0,0.0,2.0,2020-01-10 09:37:59.098510,310.03,310.1,0,0.07000000000005002,0.055518780893123676,1,1,-0.3333333333333333,0.00665
391,2020-01-10 09:38:00,N,AAPL,310.03,2.0,310.1,3.0,0.0,2.0,2020-01-10 09:38:00.000317,310.03,310.07,0,0.07000000000005002,0.06268574114574221,1,1,-0.2,0.00665
392,2020-01-10 09:38:01,N,AAPL,310.03,1.0,310.07,1.0,0.0,-3.0,2020-01-10 09:38:01.005103,310.02,310.09,0,0.040000000000020464,0.06414955829291102,1,-1,0.0,0.00665
393,2020-01-10 09:38:02,N,AAPL,310.02,4.0,310.09,1.0,1.0,-3.0,2020-01-10 09:38:02.238985,310.02,310.05,0,0.06999999999999318,0.06897515172329349,1,1,0.6,0.00665
394,2020-01-10 09:38:03,N,AAPL,310.02,5.0,310.05,1.0,3.0,-1.0,2020-01-10 09:38:03.223827,310.07,310.12,1,0.03000000000002956,0.06962989988676327,1,-1,0.6666666666666666,0.00665
395,2020-01-10 09:38:04,N,AAPL,310.07,3.0,310.12,2.0,2.0,1.0,2020-01-10 09:38:04.120603,310.07,310.12,0,0.05000000000001137,0.07123229242932894,1,1,0.2,0.00665
396,2020-01-10 09:38:05,N,AAPL,310.07,2.0,310.12,4.0,-1.0,2.0,2020-01-10 09:38:05.121927,310.08,310.13,0,0.05000000000001137,0.07108462213579969,1,1,-0.3333333333333333,0.00665
397,2020-01-10 09:38:06,N,AAPL,310.08,4.0,310.13,22.0,2.0,21.0,2020-01-10 09:38:06.522546,310.11,310.16,0,0.05000000000001137,0.06572321497043276,1,1,-0.6923076923076923,0.00665
398,2020-01-10 09:38:07,N,AAPL,310.11,2.0,310.16,1.0,0.0,0.0,2020-01-10 09:38:07.274822,310.11,310.16,0,0.05000000000001137,0.06529540453431082,1,1,0.3333333333333333,0.00665
399,2020-01-10 09:38:08,N,AAPL,310.11,1.0,310.16,1.0,-1.0,0.0,2020-01-10 09:38:08.219069,310.15,310.18,0,0.05000000000001137,0.06639001716848725,1,1,0.0,0.00665
400,2020-01-10 09:38:10,N,AAPL,310.15,1.0,310.18,2.0,0.0,0.0,2020-01-10 09:38:10.099425,310.24,310.29,1,0.03000000000002956,0.06557772566748099,1,-1,-0.3333333333333333,0.00665
401,2020-01-10 09:38:11,N,AAPL,310.24,1.0,310.29,2.0,-1.0,1.0,2020-01-10 09:38:11.773954,310.19,310.25,0,0.05000000000001137,0.06420485414219002,1,1,-0.3333333333333333,0.00665
402,2020-01-10 09:38:12,N,AAPL,310.19,2.0,310.25,1.0,-1.0,0.0,2020-01-10 09:38:12.024611,310.14,310.21,0,0.060000000000002274,0.06760730249590097,1,1,0.3333333333333333,0.00665
403,2020-01-10 09:38:13,N,AAPL,310.14,1.0,310.21,2.0,-1.0,1.0,2020-01-10 09:38:13.226779,310.11,310.18,0,0.06999999999999318,0.0708017805540635,1,1,-0.3333333333333333,0.00665
404,2020-01-10 09:38:14,N,AAPL,310.11,4.0,310.18,1.0,0.0,-1.0,2020-01-10 09:38:14.334622,310.14,310.15,0,0.06999999999999318,0.0716478132735574,1,1,0.6,0.00665
405,2020-01-10 09:38:15,N,AAPL,310.14,4.0,310.15,1.0,0.0,-3.0,2020-01-10 09:38:15.582788,310.15,310.16,0,0.009999999999990905,0.07239242375010235,1,-1,0.6,0.00665
406,2020-01-10 09:38:16,N,AAPL,310.15,4.0,310.16,1.0,0.0,0.0,2020-01-10 09:38:16.263934,310.22,310.26,1,0.010000000000047748,0.06488163808205627,1,1,0.6,0.00665
407,2020-01-10 09:38:17,N,AAPL,310.22,2.0,310.26,1.0,1.0,0.0,2020-01-10 09:38:17.140749,310.23,310.28,0,0.03999999999996362,0.05846631179775841,1,1,0.3333333333333333,0.00665
408,2020-01-10 09:38:18,N,AAPL,310.23,1.0,310.28,1.0,0.0,0.0,2020-01-10 09:38:18.388908,310.23,310.28,0,0.049999999999954525,0.0594742568623019,1,1,0.0,0.00665
409,2020-01-10 09:38:19,N,AAPL,310.23,3.0,310.28,4.0,2.0,3.0,2020-01-10 09:38:19.501081,310.2,310.22,-1,0.049999999999954525,0.058117819868755305,1,1,-0.14285714285714285,0.00665
410,2020-01-10 09:38:20,N,AAPL,310.2,4.0,310.22,2.0,0.0,0.0,2020-01-10 09:38:20.415005,310.24,310.29,1,0.020000000000038654,0.05755573179851581,1,-1,0.3333333333333333,0.00665
411,2020-01-10 09:38:21,N,AAPL,310.24,2.0,310.29,4.0,0.0,1.0,2020-01-10 09:38:21.007993,310.23,310.27,0,0.05000000000001137,0.057795033649142624,1,1,-0.3333333333333333,0.00665
412,2020-01-10 09:38:22,N,AAPL,310.23,2.0,310.27,1.0,1.0,0.0,2020-01-10 09:38:22.671804,310.19,310.23,0,0.03999999999996362,0.057224601906966654,1,-1,0.3333333333333333,0.00665
413,2020-01-10 09:38:23,N,AAPL,310.19,1.0,310.23,4.0,0.0,2.0,2020-01-10 09:38:23.004043,310.14,310.18,-1,0.040000000000020464,0.054970862978507284,1,1,-0.6,0.00665
414,2020-01-10 09:38:24,N,AAPL,310.14,7.0,310.18,3.0,5.0,1.0,2020-01-10 09:38:24.722388,310.14,310.18,0,0.040000000000020464,0.04922946212661827,1,1,0.4,0.00665
415,2020-01-10 09:38:25,N,AAPL,310.14,7.0,310.18,2.0,0.0,0.0,2020-01-10 09:38:25.434011,310.13,310.16,0,0.040000000000020464,0.04999155304795977,1,1,0.5555555555555556,0.00665
416,2020-01-10 09:38:26,N,AAPL,310.13,7.0,310.16,5.0,0.0,3.0,2020-01-10 09:38:26.242682,310.1,310.13,0,0.03000000000002956,0.04839015847852579,1,-1,0.16666666666666666,0.00665
417,2020-01-10 09:38:27,N,AAPL,310.1,1.0,310.13,1.0,0.0,-2.0,2020-01-10 09:38:27.387815,310.08,310.14,0,0.029999999999972715,0.04790568023753394,1,-1,0.0,0.00665
418,2020-01-10 09:38:29,N,AAPL,310.08,4.0,310.14,3.0,3.0,2.0,2020-01-10 09:38:29.010912,310.08,310.13,0,0.060000000000002274,0.04829691690446225,1,1,0.14285714285714285,0.00665
419,2020-01-10 09:38:30,N,AAPL,310.08,1.0,310.13,4.0,-31.0,1.0,2020-01-10 09:38:30.050328,310.1,310.14,0,0.05000000000001137,0.04815787452042741,1,-1,-0.6,0.00665
420,2020-01-10 09:38:31,N,AAPL,310.1,2.0,310.14,5.0,-30.0,4.0,2020-01-10 09:38:31.093869,310.11,310.13,0,0.03999999999996362,0.0479495626368589,1,-1,-0.42857142857142855,0.00665
421,2020-01-10 09:38:32,N,AAPL,310.11,4.0,310.13,1.0,2.0,-4.0,2020-01-10 09:38:32.785197,310.15,310.18,1,0.01999999999998181,0.04617895447000819,1,-1,0.6,0.00665
422,2020-01-10 09:38:33,N,AAPL,310.15,4.0,310.18,1.0,-1.0,0.0,2020-01-10 09:38:33.882582,310.15,310.19,0,0.03000000000002956,0.047434808090145,1,1,0.6,0.00665
423,2020-01-10 09:38:34,N,AAPL,310.15,1.0,310.19,1.0,-3.0,0.0,2020-01-10 09:38:34.006591,310.14,310.17,0,0.040000000000020464,0.049228878316000646,1,1,0.0,0.00665
424,2020-01-10 09:38:35,N,AAPL,310.14,4.0,310.17,1.0,0.0,-4.0,2020-01-10 09:38:35.008129,310.11,310.17,0,0.03000000000002956,0.049612428160912714,1,-1,0.6,0.00665
425,2020-01-10 09:38:36,N,AAPL,310.11,1.0,310.17,2.0,0.0,-2.0,2020-01-10 09:38:36.029783,310.13,310.18,0,0.060000000000002274,0.055609991299263584,1,1,-0.3333333333333333,0.00665
426,2020-01-10 09:38:37,N,AAPL,310.13,7.0,310.18,1.0,-2.0,0.0,2020-01-10 09:38:37.353758,310.15,310.19,0,0.05000000000001137,0.05450755769999205,1,-1,0.75,0.00665
427,2020-01-10 09:38:38,N,AAPL,310.15,1.0,310.19,4.0,-1.0,3.0,2020-01-10 09:38:38.312040,310.13,310.17,0,0.040000000000020464,0.05320584438828746,1,-1,-0.6,0.00665
428,2020-01-10 09:38:40,N,AAPL,310.13,7.0,310.17,1.0,0.0,-1.0,2020-01-10 09:38:40.304886,310.11,310.13,0,0.040000000000020464,0.05335121682355748,1,1,0.75,0.00665
429,2020-01-10 09:38:42,N,AAPL,310.11,1.0,310.13,4.0,-6.0,3.0,2020-01-10 09:38:42.095354,310.1,310.12,0,0.01999999999998181,0.053552320514768326,1,-1,-0.6,0.00665
430,2020-01-10 09:38:44,N,AAPL,310.1,21.0,310.12,5.0,-16.0,4.0,2020-01-10 09:38:44.927270,310.04,310.09,-1,0.01999999999998181,0.055425829583953146,1,1,0.6153846153846154,0.00778
431,2020-01-10 09:38:45,N,AAPL,310.04,2.0,310.09,1.0,-2.0,-1.0,2020-01-10 09:38:45.334753,310.03,310.06,0,0.049999999999954525,0.054043711035319575,1,1,0.3333333333333333,0.00778
432,2020-01-10 09:38:46,N,AAPL,310.03,1.0,310.06,1.0,-1.0,-4.0,2020-01-10 09:38:46.408834,310.02,310.07,0,0.03000000000002956,0.05021620343006816,1,-1,0.0,0.00778
433,2020-01-10 09:38:47,N,AAPL,310.02,2.0,310.07,3.0,-1.0,2.0,2020-01-10 09:38:47.075410,310.01,310.07,0,0.05000000000001137,0.05005839204386575,1,1,-0.2,0.00778
434,2020-01-10 09:38:48,N,AAPL,310.01,2.0,310.07,3.0,-59.0,0.0,2020-01-10 09:38:48.549053,310.02,310.05,0,0.060000000000002274,0.05002605040749586,1,1,-0.2,0.00778
435,2020-01-10 09:38:49,N,AAPL,310.02,2.0,310.05,1.0,1.0,-3.0,2020-01-10 09:38:49.387943,310.01,310.05,0,0.03000000000002956,0.05030784441424885,1,-1,0.3333333333333333,0.00778
436,2020-01-10 09:38:50,N,AAPL,310.01,1.0,310.05,2.0,0.0,-3.0,2020-01-10 09:38:50.023129,309.94,309.98,-1,0.040000000000020464,0.048873965912548556,1,1,-0.3333333333333333,0.00778
437,2020-01-10 09:38:51,N,AAPL,309.94,7.0,309.98,1.0,0.0,0.0,2020-01-10 09:38:51.028278,309.95,310.0,0,0.040000000000020464,0.050672381168567426,1,1,0.75,0.00778
438,2020-01-10 09:38:52,N,AAPL,309.95,5.0,310.0,1.0,-2.0,0.0,2020-01-10 09:38:52.323838,309.95,310.0,0,0.05000000000001137,0.05235998376633688,1,1,0.6666666666666666,0.00778
439,2020-01-10 09:38:53,N,AAPL,309.95,4.0,310.0,2.0,3.0,1.0,2020-01-10 09:38:53.340345,309.91,309.95,0,0.05000000000001137,0.053521141666465155,1,1,0.3333333333333333,0.00778
440,2020-01-10 09:38:55,N,AAPL,309.91,31.0,309.95,4.0,27.0,2.0,2020-01-10 09:38:55.339405,309.82,309.87,-1,0.03999999999996362,0.0623077726679071,1,-1,0.7714285714285715,0.00778
441,2020-01-10 09:38:56,N,AAPL,309.82,4.0,309.87,2.0,3.0,0.0,2020-01-10 09:38:56.087328,309.8,309.82,0,0.05000000000001137,0.06312092534165004,1,1,0.3333333333333333,0.00778
442,2020-01-10 09:38:57,N,AAPL,309.8,8.0,309.82,1.0,-32.0,-1.0,2020-01-10 09:38:57.068918,309.86,309.89,1,0.01999999999998181,0.061846058677872406,1,-1,0.7777777777777778,0.00778
443,2020-01-10 09:38:58,N,AAPL,309.86,2.0,309.89,2.0,0.0,0.0,2020-01-10 09:38:58.100343,309.84,309.89,0,0.029999999999972715,0.0600515584931145,1,1,0.0,0.00778
444,2020-01-10 09:38:59,N,AAPL,309.84,4.0,309.89,2.0,3.0,0.0,2020-01-10 09:38:59.069473,309.88,309.93,0,0.05000000000001137,0.059615795090735446,1,1,0.3333333333333333,0.00778
445,2020-01-10 09:39:00,N,AAPL,309.88,3.0,309.93,2.0,1.0,1.0,2020-01-10 09:39:00.020542,309.8,309.85,-1,0.05000000000001137,0.05880257231791575,1,1,0.2,0.00778
446,2020-01-10 09:39:01,N,AAPL,309.8,7.0,309.85,4.0,6.0,-3.0,2020-01-10 09:39:01.004175,309.77,309.81,0,0.05000000000001137,0.05995457174179819,1,1,0.2727272727272727,0.00778
447,2020-01-10 09:39:02,N,AAPL,309.77,5.0,309.81,4.0,4.0,3.0,2020-01-10 09:39:02.151236,309.73,309.81,0,0.040000000000020464,0.060944311996763645,1,-1,0.1111111111111111,0.00778
448,2020-01-10 09:39:03,N,AAPL,309.73,2.0,309.81,3.0,0.0,2.0,2020-01-10 09:39:03.366161,309.71,309.75,0,0.07999999999998408,0.060582136766811345,1,1,-0.2,0.00778
449,2020-01-10 09:39:04,N,AAPL,309.71,2.0,309.75,2.0,1.0,-1.0,2020-01-10 09:39:04.060564,309.71,309.75,0,0.040000000000020464,0.06002808802782056,1,-1,0.0,0.00778
450,2020-01-10 09:39:05,N,AAPL,309.71,2.0,309.75,4.0,-14.0,2.0,2020-01-10 09:39:05.927277,309.71,309.75,0,0.040000000000020464,0.058081182592388814,1,1,-0.3333333333333333,0.00778
451,2020-01-10 09:39:06,N,AAPL,309.71,2.0,309.75,1.0,-5.0,0.0,2020-01-10 09:39:06.502522,309.75,309.8,0,0.040000000000020464,0.05853676784477102,1,1,0.3333333333333333,0.00778
452,2020-01-10 09:39:07,N,AAPL,309.75,2.0,309.8,2.0,0.0,-1.0,2020-01-10 09:39:07.430283,309.75,309.8,0,0.05000000000001137,0.054914787823122424,1,1,0.0,0.00778
453,2020-01-10 09:39:08,N,AAPL,309.75,2.0,309.8,2.0,0.0,-1.0,2020-01-10 09:39:08.379350,309.74,309.79,0,0.05000000000001137,0.05177202445156581,1,1,0.0,0.00778
454,2020-01-10 09:39:09,N,AAPL,309.74,2.0,309.79,2.0,0.0,0.0,2020-01-10 09:39:09.479698,309.74,309.76,0,0.05000000000001137,0.05053493493505812,1,1,0.0,0.00778
455,2020-01-10 09:39:10,N,AAPL,309.74,1.0,309.76,1.0,0.0,-2.0,2020-01-10 09:39:10.027328,309.76,309.79,0,0.01999999999998181,0.05470284873445053,1,-1,0.0,0.00778
456,2020-01-10 09:39:11,N,AAPL,309.76,1.0,309.79,1.0,0.0,-1.0,2020-01-10 09:39:11.542573,309.77,309.8,0,0.03000000000002956,0.053538691222001944,1,1,0.0,0.00778
457,2020-01-10 09:39:12,N,AAPL,309.77,2.0,309.8,2.0,1.0,1.0,2020-01-10 09:39:12.269906,309.92,309.97,1,0.03000000000002956,0.05197798637328788,1,1,0.0,0.00778
458,2020-01-10 09:39:13,N,AAPL,309.92,1.0,309.97,1.0,-1.0,-1.0,2020-01-10 09:39:13.234419,309.91,309.95,0,0.05000000000001137,0.051526344914861966,1,1,0.0,0.00778
459,2020-01-10 09:39:14,N,AAPL,309.91,1.0,309.95,1.0,-1.0,-1.0,2020-01-10 09:39:14.678667,309.84,309.89,-1,0.03999999999996362,0.05151309165910334,1,-1,0.0,0.00778
460,2020-01-10 09:39:15,N,AAPL,309.84,1.0,309.89,1.0,-1.0,-1.0,2020-01-10 09:39:15.353055,309.78,309.82,-1,0.05000000000001137,0.051429270475068734,1,1,0.0,0.00778
461,2020-01-10 09:39:17,N,AAPL,309.78,1.0,309.82,2.0,0.0,0.0,2020-01-10 09:39:17.416689,309.84,309.88,1,0.040000000000020464,0.050618364883632694,1,-1,-0.3333333333333333,0.00778
462,2020-01-10 09:39:18,N,AAPL,309.84,1.0,309.88,4.0,-1.0,0.0,2020-01-10 09:39:18.389374,309.84,309.88,0,0.040000000000020464,0.04996302190488677,1,1,-0.6,0.00778
463,2020-01-10 09:39:19,N,AAPL,309.84,1.0,309.88,2.0,-1.0,0.0,2020-01-10 09:39:19.001763,309.79,309.84,0,0.040000000000020464,0.04985043571451797,1,1,-0.3333333333333333,0.00778
464,2020-01-10 09:39:20,N,AAPL,309.79,2.0,309.84,2.0,1.0,0.0,2020-01-10 09:39:20.036314,309.78,309.84,0,0.049999999999954525,0.0488281022626893,1,1,0.0,0.00778
465,2020-01-10 09:39:21,N,AAPL,309.78,4.0,309.84,4.0,3.0,-1.0,2020-01-10 09:39:21.015773,309.8,309.83,0,0.060000000000002274,0.05018754961929517,1,1,0.0,0.00778
466,2020-01-10 09:39:22,N,AAPL,309.8,1.0,309.83,4.0,0.0,2.0,2020-01-10 09:39:22.220993,309.8,309.86,0,0.029999999999972715,0.04626189554625171,1,-1,-0.6,0.00778
467,2020-01-10 09:39:23,N,AAPL,309.8,3.0,309.86,2.0,2.0,1.0,2020-01-10 09:39:23.003907,309.79,309.81,0,0.060000000000002274,0.04656560694576228,1,1,0.2,0.00778
468,2020-01-10 09:39:24,N,AAPL,309.79,1.0,309.81,10.0,0.0,8.0,2020-01-10 09:39:24.393988,309.85,309.89,1,0.01999999999998181,0.03995356256626792,1,-1,-0.8181818181818182,0.00778
469,2020-01-10 09:39:25,N,AAPL,309.85,1.0,309.89,3.0,0.0,0.0,2020-01-10 09:39:25.000384,309.84,309.89,0,0.03999999999996362,0.039719560874516446,1,1,-0.5,0.00778
470,2020-01-10 09:39:26,N,AAPL,309.84,4.0,309.89,1.0,0.0,-1.0,2020-01-10 09:39:26.128322,309.88,309.91,0,0.05000000000001137,0.04061853333803356,1,1,0.6,0.00778
471,2020-01-10 09:39:27,N,AAPL,309.88,3.0,309.91,2.0,-1.0,1.0,2020-01-10 09:39:27.376090,309.93,309.97,1,0.03000000000002956,0.041127819548762545,1,-1,0.2,0.00778
472,2020-01-10 09:39:28,N,AAPL,309.93,1.0,309.97,1.0,-1.0,-1.0,2020-01-10 09:39:28.077920,310.01,310.05,1,0.040000000000020464,0.038394416231426476,1,1,0.0,0.00778
473,2020-01-10 09:39:29,N,AAPL,310.01,1.0,310.05,2.0,0.0,1.0,2020-01-10 09:39:29.028911,309.94,309.99,-1,0.040000000000020464,0.03915427539260463,1,1,-0.3333333333333333,0.00778
474,2020-01-10 09:39:30,N,AAPL,309.94,2.0,309.99,3.0,0.0,1.0,2020-01-10 09:39:30.046084,309.92,310.0,0,0.05000000000001137,0.039255886962564546,1,1,-0.2,0.00778
475,2020-01-10 09:39:31,N,AAPL,309.92,2.0,310.0,2.0,0.0,1.0,2020-01-10 09:39:31.036581,309.98,310.03,0,0.07999999999998408,0.039563680937419576,1,1,0.0,0.00778
476,2020-01-10 09:39:32,N,AAPL,309.98,2.0,310.03,4.0,0.0,2.0,2020-01-10 09:39:32.014134,309.95,309.99,0,0.049999999999954525,0.040885959976094455,1,-1,-0.3333333333333333,0.00778
477,2020-01-10 09:39:33,N,AAPL,309.95,6.0,309.99,5.0,0.0,4.0,2020-01-10 09:39:33.136693,309.96,309.99,0,0.040000000000020464,0.04236741222513274,1,-1,0.09090909090909091,0.00778
478,2020-01-10 09:39:34,N,AAPL,309.96,11.0,309.99,1.0,9.0,0.0,2020-01-10 09:39:34.342097,309.99,310.03,0,0.03000000000002956,0.04388158634253614,1,-1,0.8333333333333334,0.00778
479,2020-01-10 09:39:36,N,AAPL,309.99,2.0,310.03,2.0,1.0,1.0,2020-01-10 09:39:36.331780,310.02,310.07,0,0.03999999999996362,0.04385720490449785,1,1,0.0,0.00778
480,2020-01-10 09:39:37,N,AAPL,310.02,2.0,310.07,2.0,0.0,0.0,2020-01-10 09:39:37.011635,310.1,310.14,1,0.05000000000001137,0.04176848250915555,1,1,0.0,0.00778
481,2020-01-10 09:39:38,N,AAPL,310.1,1.0,310.14,4.0,0.0,3.0,2020-01-10 09:39:38.660758,310.21,310.25,1,0.03999999999996362,0.04155697638464062,1,-1,-0.6,0.00778
482,2020-01-10 09:39:39,N,AAPL,310.21,1.0,310.25,1.0,-1.0,0.0,2020-01-10 09:39:39.027269,310.19,310.22,0,0.040000000000020464,0.04018913307322691,1,1,0.0,0.00778
483,2020-01-10 09:39:40,N,AAPL,310.19,2.0,310.22,2.0,1.0,0.0,2020-01-10 09:39:40.264122,310.15,310.16,-1,0.03000000000002956,0.04020305713163452,1,-1,0.0,0.00778
484,2020-01-10 09:39:41,N,AAPL,310.15,5.0,310.16,1.0,4.0,0.0,2020-01-10 09:39:41.444437,310.1,310.15,0,0.010000000000047748,0.040262343404435796,1,-1,0.6666666666666666,0.00778
485,2020-01-10 09:39:42,N,AAPL,310.1,2.0,310.15,2.0,1.0,0.0,2020-01-10 09:39:42.022198,310.1,310.15,0,0.049999999999954525,0.04023569147608441,1,1,0.0,0.00778
486,2020-01-10 09:39:43,N,AAPL,310.1,2.0,310.15,1.0,1.0,-2.0,2020-01-10 09:39:43.055834,310.1,310.14,0,0.049999999999954525,0.04006939198507098,1,1,0.3333333333333333,0.00778
487,2020-01-10 09:39:44,N,AAPL,310.1,2.0,310.14,1.0,0.0,0.0,2020-01-10 09:39:44.397984,310.13,310.16,0,0.03999999999996362,0.04044515124888903,1,-1,0.3333333333333333,0.00778
488,2020-01-10 09:39:45,N,AAPL,310.13,2.0,310.16,1.0,0.0,0.0,2020-01-10 09:39:45.010271,310.16,310.22,0,0.03000000000002956,0.04178415218433429,1,-1,0.3333333333333333,0.00778
489,2020-01-10 09:39:46,N,AAPL,310.16,1.0,310.22,1.0,0.0,0.0,2020-01-10 09:39:46.011729,310.25,310.3,1,0.060000000000002274,0.04134351396714919,1,1,0.0,0.00778
490,2020-01-10 09:39:47,N,AAPL,310.25,2.0,310.3,6.0,0.0,3.0,2020-01-10 09:39:47.074279,310.36,310.4,1,0.05000000000001137,0.042083495104634494,1,-1,-0.5,0.00778
491,2020-01-10 09:39:48,N,AAPL,310.36,1.0,310.4,1.0,0.0,0.0,2020-01-10 09:39:48.113289,310.38,310.44,0,0.03999999999996362,0.041907171046545955,1,-1,0.0,0.00778
492,2020-01-10 09:39:49,N,AAPL,310.38,1.0,310.44,1.0,0.0,0.0,2020-01-10 09:39:49.083691,310.38,310.46,0,0.060000000000002274,0.041872361451282814,1,1,0.0,0.00778
493,2020-01-10 09:39:50,N,AAPL,310.38,2.0,310.46,1.0,1.0,0.0,2020-01-10 09:39:50.020589,310.36,310.42,0,0.07999999999998408,0.04207647089765487,1,1,0.3333333333333333,0.00778
494,2020-01-10 09:39:51,N,AAPL,310.36,5.0,310.42,2.0,1.0,0.0,2020-01-10 09:39:51.322540,310.35,310.4,0,0.060000000000002274,0.04130553871709708,1,-1,0.42857142857142855,0.00778
495,2020-01-10 09:39:52,N,AAPL,310.35,2.0,310.4,2.0,-3.0,0.0,2020-01-10 09:39:52.092380,310.23,310.28,-1,0.049999999999954525,0.041248961630799386,1,-1,0.0,0.00778
496,2020-01-10 09:39:53,N,AAPL,310.23,1.0,310.28,2.0,-1.0,0.0,2020-01-10 09:39:53.013389,310.24,310.3,0,0.049999999999954525,0.041503806820742284,1,1,-0.3333333333333333,0.00778
497,2020-01-10 09:39:54,N,AAPL,310.24,3.0,310.3,2.0,1.0,1.0,2020-01-10 09:39:54.765286,310.24,310.28,0,0.060000000000002274,0.04175476743017725,1,1,0.2,0.00778
498,2020-01-10 09:39:55,N,AAPL,310.24,3.0,310.28,1.0,0.0,-1.0,2020-01-10 09:39:55.079494,310.27,310.33,0,0.03999999999996362,0.04146025873359349,1,-1,0.5,0.00778
499,2020-01-10 09:39:56,N,AAPL,310.27,2.0,310.33,3.0,0.0,2.0,2020-01-10 09:39:56.243370,310.34,310.39,1,0.060000000000002274,0.04168464285362461,1,1,-0.2,0.00778
500,2020-01-10 09:39:57,N,AAPL,310.34,4.0,310.39,3.0,1.0,-1.0,2020-01-10 09:39:57.293933,310.34,310.41,0,0.05000000000001137,0.04146066626543643,1,-1,0.14285714285714285,0.00778
501,2020-01-10 09:39:58,N,AAPL,310.34,1.0,310.41,6.0,0.0,4.0,2020-01-10 09:39:58.064910,310.29,310.37,0,0.07000000000005002,0.042885739115035904,1,1,-0.7142857142857143,0.00778
502,2020-01-10 09:39:59,N,AAPL,310.29,3.0,310.37,1.0,2.0,-1.0,2020-01-10 09:39:59.041914,310.29,310.37,0,0.07999999999998408,0.04226675983949235,1,1,0.5,0.00778
503,2020-01-10 09:40:00,N,AAPL,310.29,2.0,310.37,3.0,0.0,1.0,2020-01-10 09:40:00.000434,310.3,310.37,0,0.07999999999998408,0.04260274006816189,1,1,-0.2,0.00778
504,2020-01-10 09:40:01,N,AAPL,310.3,2.0,310.37,4.0,1.0,1.0,2020-01-10 09:40:01.071418,310.32,310.37,0,0.06999999999999318,0.043228573988756125,1,-1,-0.3333333333333333,0.00778
505,2020-01-10 09:40:02,N,AAPL,310.32,4.0,310.37,3.0,3.0,-1.0,2020-01-10 09:40:02.283877,310.24,310.28,-1,0.05000000000001137,0.041483959595609576,1,-1,0.14285714285714285,0.00778
506,2020-01-10 09:40:03,N,AAPL,310.24,1.0,310.28,3.0,-2.0,1.0,2020-01-10 09:40:03.038136,310.11,310.16,-1,0.03999999999996362,0.04176431230354183,1,-1,-0.5,0.00778
507,2020-01-10 09:40:04,N,AAPL,310.11,4.0,310.16,1.0,3.0,-2.0,2020-01-10 09:40:04.496023,310.12,310.15,0,0.05000000000001137,0.04171637916556392,1,1,0.6,0.00778
508,2020-01-10 09:40:06,N,AAPL,310.12,1.0,310.15,2.0,0.0,1.0,2020-01-10 09:40:06.556790,310.13,310.17,0,0.029999999999972715,0.04157539109928621,1,-1,-0.3333333333333333,0.00778
509,2020-01-10 09:40:07,N,AAPL,310.13,1.0,310.17,2.0,0.0,-2.0,2020-01-10 09:40:07.107927,310.13,310.17,0,0.040000000000020464,0.04222418630752145,1,1,-0.3333333333333333,0.00778
510,2020-01-10 09:40:08,N,AAPL,310.13,1.0,310.17,1.0,-1.0,-1.0,2020-01-10 09:40:08.204146,310.07,310.12,-1,0.040000000000020464,0.04216461505023972,1,1,0.0,0.00778
511,2020-01-10 09:40:09,N,AAPL,310.07,2.0,310.12,4.0,1.0,1.0,2020-01-10 09:40:09.424416,310.08,310.11,0,0.05000000000001137,0.04227004596509687,1,1,-0.3333333333333333,0.00778
512,2020-01-10 09:40:10,N,AAPL,310.08,1.0,310.11,2.0,0.0,0.0,2020-01-10 09:40:10.235856,310.1,310.14,0,0.03000000000002956,0.04278784776414568,1,-1,-0.3333333333333333,0.00778
513,2020-01-10 09:40:11,N,AAPL,310.1,2.0,310.14,2.0,1.0,0.0,2020-01-10 09:40:11.208724,310.17,310.22,1,0.03999999999996362,0.04294947705324148,1,1,0.0,0.00778
514,2020-01-10 09:40:12,N,AAPL,310.17,4.0,310.22,1.0,3.0,-1.0,2020-01-10 09:40:12.094439,310.22,310.27,0,0.05000000000001137,0.042723769441863624,1,1,0.6,0.00778
515,2020-01-10 09:40:13,N,AAPL,310.22,1.0,310.27,2.0,0.0,-3.0,2020-01-10 09:40:13.021193,310.18,310.24,0,0.049999999999954525,0.04315199556651805,1,-1,-0.3333333333333333,0.00849
516,2020-01-10 09:40:14,N,AAPL,310.18,1.0,310.24,2.0,0.0,1.0,2020-01-10 09:40:14.034490,310.22,310.26,0,0.060000000000002274,0.04321925285432826,1,1,-0.3333333333333333,0.00849
517,2020-01-10 09:40:15,N,AAPL,310.22,1.0,310.26,1.0,-1.0,0.0,2020-01-10 09:40:15.010623,310.2,310.25,0,0.03999999999996362,0.042649058972642706,1,-1,0.0,0.00849
518,2020-01-10 09:40:16,N,AAPL,310.2,2.0,310.25,2.0,1.0,1.0,2020-01-10 09:40:16.207758,310.21,310.27,0,0.05000000000001137,0.04308618913637474,1,1,0.0,0.00849
519,2020-01-10 09:40:17,N,AAPL,310.21,3.0,310.27,1.0,1.0,-1.0,2020-01-10 09:40:17.060921,310.24,310.29,0,0.060000000000002274,0.04315450327931103,1,1,0.5,0.00849
520,2020-01-10 09:40:18,N,AAPL,310.24,1.0,310.29,2.0,-1.0,0.0,2020-01-10 09:40:18.099117,310.25,310.28,0,0.05000000000001137,0.0440201953007886,1,-1,-0.3333333333333333,0.00849
521,2020-01-10 09:40:19,N,AAPL,310.25,2.0,310.28,1.0,0.0,-2.0,2020-01-10 09:40:19.611126,310.29,310.31,1,0.029999999999972715,0.043873152970547835,1,-1,0.3333333333333333,0.00849
522,2020-01-10 09:40:20,N,AAPL,310.29,1.0,310.31,4.0,0.0,2.0,2020-01-10 09:40:20.750823,310.25,310.28,-1,0.01999999999998181,0.044411402873436145,1,-1,-0.6,0.00849
523,2020-01-10 09:40:21,N,AAPL,310.25,1.0,310.28,1.0,-1.0,-4.0,2020-01-10 09:40:21.017836,310.3,310.33,1,0.029999999999972715,0.044565917225554585,1,1,0.0,0.00849
524,2020-01-10 09:40:22,N,AAPL,310.3,1.0,310.33,1.0,-3.0,-4.0,2020-01-10 09:40:22.954115,310.3,310.36,0,0.029999999999972715,0.04360029684642086,1,1,0.0,0.00849
525,2020-01-10 09:40:23,N,AAPL,310.3,1.0,310.36,11.0,0.0,9.0,2020-01-10 09:40:23.268033,310.34,310.39,0,0.060000000000002274,0.04649690318899502,1,1,-0.8333333333333334,0.00849
526,2020-01-10 09:40:24,N,AAPL,310.34,2.0,310.39,1.0,1.0,-1.0,2020-01-10 09:40:24.000600,310.37,310.4,0,0.05000000000001137,0.04624765981947121,1,-1,0.3333333333333333,0.00849
527,2020-01-10 09:40:25,N,AAPL,310.37,1.0,310.4,1.0,0.0,-1.0,2020-01-10 09:40:25.786333,310.39,310.41,0,0.029999999999972715,0.04648512210485478,1,-1,0.0,0.00849
528,2020-01-10 09:40:26,N,AAPL,310.39,2.0,310.41,1.0,0.0,0.0,2020-01-10 09:40:26.031391,310.44,310.48,1,0.020000000000038654,0.046384209552172706,1,-1,0.3333333333333333,0.00849
529,2020-01-10 09:40:27,N,AAPL,310.44,2.0,310.48,6.0,-3.0,0.0,2020-01-10 09:40:27.035789,310.46,310.49,0,0.040000000000020464,0.04642045454568233,1,1,-0.5,0.00849
530,2020-01-10 09:40:28,N,AAPL,310.46,2.0,310.49,1.0,0.0,-6.0,2020-01-10 09:40:28.065839,310.56,310.59,1,0.03000000000002956,0.04454388066108095,1,-1,0.3333333333333333,0.00849
531,2020-01-10 09:40:29,N,AAPL,310.56,2.0,310.59,2.0,0.0,0.0,2020-01-10 09:40:29.246138,310.53,310.55,-1,0.029999999999972715,0.045279701053289045,1,-1,0.0,0.00849
532,2020-01-10 09:40:31,N,AAPL,310.53,2.0,310.55,3.0,1.0,2.0,2020-01-10 09:40:31.409176,310.45,310.5,-1,0.020000000000038654,0.046607002915436624,1,-1,-0.2,0.00849
533,2020-01-10 09:40:32,N,AAPL,310.45,2.0,310.5,2.0,0.0,0.0,2020-01-10 09:40:32.252418,310.54,310.59,1,0.05000000000001137,0.046936049971122884,1,1,0.0,0.00849
534,2020-01-10 09:40:33,N,AAPL,310.54,2.0,310.59,1.0,1.0,0.0,2020-01-10 09:40:33.648338,310.6,310.64,1,0.049999999999954525,0.0472458957026447,1,-1,0.3333333333333333,0.00849
535,2020-01-10 09:40:34,N,AAPL,310.6,2.0,310.64,2.0,1.0,-1.0,2020-01-10 09:40:34.000747,310.54,310.57,-1,0.03999999999996362,0.047559305373567895,1,-1,0.0,0.00849
536,2020-01-10 09:40:35,N,AAPL,310.54,1.0,310.57,1.0,-1.0,-3.0,2020-01-10 09:40:35.242757,310.55,310.61,0,0.029999999999972715,0.047514876769184866,1,-1,0.0,0.00849
537,2020-01-10 09:40:36,N,AAPL,310.55,5.0,310.61,3.0,4.0,1.0,2020-01-10 09:40:36.084034,310.59,310.65,0,0.060000000000002274,0.04619501696629413,1,1,0.25,0.00849
538,2020-01-10 09:40:37,N,AAPL,310.59,3.0,310.65,15.0,1.0,0.0,2020-01-10 09:40:37.029197,310.6,310.65,0,0.060000000000002274,0.05402533070946447,1,1,-0.6666666666666666,0.00849
539,2020-01-10 09:40:38,N,AAPL,310.6,2.0,310.65,15.0,1.0,0.0,2020-01-10 09:40:38.002316,310.62,310.66,0,0.049999999999954525,0.061843678617833575,1,-1,-0.7647058823529411,0.00849
540,2020-01-10 09:40:39,N,AAPL,310.62,6.0,310.66,4.0,0.0,-11.0,2020-01-10 09:40:39.586648,310.58,310.64,0,0.040000000000020464,0.0606262120232941,1,-1,0.2,0.00849
541,2020-01-10 09:40:40,N,AAPL,310.58,4.0,310.64,2.0,0.0,0.0,2020-01-10 09:40:40.002780,310.61,310.66,0,0.060000000000002274,0.05961263839515141,1,1,0.3333333333333333,0.00849
542,2020-01-10 09:40:41,N,AAPL,310.61,2.0,310.66,2.0,1.0,0.0,2020-01-10 09:40:41.457616,310.63,310.69,0,0.05000000000001137,0.05956417163281458,1,-1,0.0,0.00849
543,2020-01-10 09:40:42,N,AAPL,310.63,2.0,310.69,14.0,0.0,12.0,2020-01-10 09:40:42.195710,310.62,310.66,0,0.060000000000002274,0.06358189429630556,1,1,-0.75,0.00849
544,2020-01-10 09:40:43,N,AAPL,310.62,1.0,310.66,10.0,0.0,0.0,2020-01-10 09:40:43.220465,310.66,310.68,0,0.040000000000020464,0.05239984408729015,1,-1,-0.8181818181818182,0.00849
545,2020-01-10 09:40:44,N,AAPL,310.66,4.0,310.68,6.0,3.0,1.0,2020-01-10 09:40:44.266545,310.64,310.67,0,0.01999999999998181,0.05298387717118658,1,-1,-0.2,0.00849
546,2020-01-10 09:40:45,N,AAPL,310.64,2.0,310.67,2.0,1.0,0.0,2020-01-10 09:40:45.284338,310.69,310.7,1,0.03000000000002956,0.05217744754349951,1,1,0.0,0.00849
547,2020-01-10 09:40:46,N,AAPL,310.69,4.0,310.7,1.0,0.0,0.0,2020-01-10 09:40:46.240215,310.71,310.74,1,0.009999999999990905,0.04909587495370715,1,-1,0.6,0.00849
548,2020-01-10 09:40:47,N,AAPL,310.71,4.0,310.74,2.0,0.0,1.0,2020-01-10 09:40:47.064802,310.71,310.77,0,0.03000000000002956,0.04765114988026653,1,1,0.3333333333333333,0.00849
549,2020-01-10 09:40:48,N,AAPL,310.71,2.0,310.77,2.0,0.0,0.0,2020-01-10 09:40:48.304798,310.72,310.76,0,0.060000000000002274,0.048030671575133965,1,1,0.0,0.00849
550,2020-01-10 09:40:49,N,AAPL,310.72,1.0,310.76,2.0,-1.0,-2.0,2020-01-10 09:40:49.362346,310.71,310.76,0,0.03999999999996362,0.04849903000547329,1,-1,-0.3333333333333333,0.00849
551,2020-01-10 09:40:50,N,AAPL,310.71,3.0,310.76,4.0,2.0,2.0,2020-01-10 09:40:50.347330,310.72,310.76,0,0.05000000000001137,0.049109210637539036,1,1,-0.14285714285714285,0.00849
552,2020-01-10 09:40:51,N,AAPL,310.72,2.0,310.76,2.0,1.0,1.0,2020-01-10 09:40:51.256481,310.72,310.76,0,0.03999999999996362,0.04919674389901729,1,-1,0.0,0.00849
553,2020-01-10 09:40:52,N,AAPL,310.72,2.0,310.76,1.0,0.0,-1.0,2020-01-10 09:40:52.684238,310.74,310.78,0,0.03999999999996362,0.048439843041990116,1,1,0.3333333333333333,0.00849
554,2020-01-10 09:40:53,N,AAPL,310.74,2.0,310.78,5.0,0.0,4.0,2020-01-10 09:40:53.324499,310.72,310.77,0,0.03999999999996362,0.04990656723191478,1,1,-0.42857142857142855,0.00849
555,2020-01-10 09:40:54,N,AAPL,310.72,2.0,310.77,2.0,0.0,1.0,2020-01-10 09:40:54.151173,310.78,310.8,1,0.049999999999954525,0.04970268343151929,1,1,0.0,0.00852
556,2020-01-10 09:40:56,N,AAPL,310.78,2.0,310.8,1.0,0.0,-4.0,2020-01-10 09:40:56.700505,310.78,310.82,0,0.020000000000038654,0.04884994290461009,1,-1,0.3333333333333333,0.00852
557,2020-01-10 09:40:57,N,AAPL,310.78,2.0,310.82,2.0,0.0,1.0,2020-01-10 09:40:57.589353,310.74,310.79,0,0.040000000000020464,0.048757857799159865,1,1,0.0,0.00852
558,2020-01-10 09:40:58,N,AAPL,310.74,4.0,310.79,1.0,2.0,0.0,2020-01-10 09:40:58.253089,310.76,310.81,0,0.05000000000001137,0.04668629969887661,1,1,0.6,0.00852
559,2020-01-10 09:40:59,N,AAPL,310.76,2.0,310.81,2.0,-3.0,0.0,2020-01-10 09:40:59.108049,310.82,310.85,1,0.05000000000001137,0.046467455621211684,1,1,0.0,0.00852
560,2020-01-10 09:41:00,N,AAPL,310.82,3.0,310.85,4.0,1.0,2.0,2020-01-10 09:41:00.217414,310.76,310.8,-1,0.03000000000002956,0.04686958874458469,1,-1,-0.14285714285714285,0.00852
561,2020-01-10 09:41:01,N,AAPL,310.76,4.0,310.8,2.0,-1.0,-2.0,2020-01-10 09:41:01.033156,310.76,310.79,0,0.040000000000020464,0.04567555845562765,1,1,0.3333333333333333,0.00852
562,2020-01-10 09:41:02,N,AAPL,310.76,4.0,310.79,2.0,3.0,0.0,2020-01-10 09:41:02.535872,310.74,310.75,-1,0.03000000000002956,0.044415726505519615,1,-1,0.3333333333333333,0.00852
563,2020-01-10 09:41:03,N,AAPL,310.74,1.0,310.75,2.0,-1.0,0.0,2020-01-10 09:41:03.192827,310.66,310.7,-1,0.009999999999990905,0.04519299948611888,1,-1,-0.3333333333333333,0.00852
564,2020-01-10 09:41:04,N,AAPL,310.66,2.0,310.7,1.0,-2.0,-3.0,2020-01-10 09:41:04.438488,310.56,310.59,-1,0.03999999999996362,0.04465353995180976,1,1,0.3333333333333333,0.00852
565,2020-01-10 09:41:05,N,AAPL,310.56,2.0,310.59,1.0,-2.0,0.0,2020-01-10 09:41:05.766826,310.58,310.62,0,0.029999999999972715,0.04508973199040156,1,-1,0.3333333333333333,0.00852
566,2020-01-10 09:41:06,N,AAPL,310.58,2.0,310.62,2.0,0.0,1.0,2020-01-10 09:41:06.526837,310.57,310.61,0,0.040000000000020464,0.04637844611528408,1,1,0.0,0.00852
567,2020-01-10 09:41:07,N,AAPL,310.57,2.0,310.61,2.0,-2.0,1.0,2020-01-10 09:41:07.043726,310.58,310.61,0,0.040000000000020464,0.046061973739085715,1,1,0.0,0.00852
568,2020-01-10 09:41:08,N,AAPL,310.58,1.0,310.61,4.0,-1.0,2.0,2020-01-10 09:41:08.017402,310.53,310.54,-1,0.03000000000002956,0.047851874003242756,1,-1,-0.6,0.00852
569,2020-01-10 09:41:09,N,AAPL,310.53,4.0,310.54,1.0,-2.0,-2.0,2020-01-10 09:41:09.822155,310.54,310.54,0,0.010000000000047748,0.04636376481857951,1,-1,0.6,0.00852
570,2020-01-10 09:41:10,N,AAPL,310.54,4.0,310.54,1.0,2.0,0.0,2020-01-10 09:41:10.320537,310.43,310.47,-1,0.0,0.04328178107891745,1,-1,0.6,0.00852
571,2020-01-10 09:41:11,N,AAPL,310.43,3.0,310.47,2.0,1.0,0.0,2020-01-10 09:41:11.073010,310.4,310.43,0,0.040000000000020464,0.04302498967768997,1,1,0.2,0.00852
572,2020-01-10 09:41:12,N,AAPL,310.4,3.0,310.43,1.0,1.0,0.0,2020-01-10 09:41:12.228657,310.47,310.52,1,0.03000000000002956,0.04278614985810236,1,-1,0.5,0.00852
573,2020-01-10 09:41:13,N,AAPL,310.47,3.0,310.52,4.0,1.0,3.0,2020-01-10 09:41:13.486485,310.51,310.54,0,0.049999999999954525,0.04291000231103226,1,1,-0.14285714285714285,0.00852
574,2020-01-10 09:41:14,N,AAPL,310.51,2.0,310.54,2.0,-1.0,1.0,2020-01-10 09:41:14.603539,310.5,310.53,0,0.03000000000002956,0.042719222404571155,1,-1,0.0,0.00852
575,2020-01-10 09:41:15,N,AAPL,310.5,1.0,310.53,4.0,-1.0,3.0,2020-01-10 09:41:15.256427,310.5,310.53,0,0.029999999999972715,0.04350316181847802,1,-1,-0.6,0.00852
576,2020-01-10 09:41:16,N,AAPL,310.5,1.0,310.53,1.0,0.0,-4.0,2020-01-10 09:41:16.065932,310.5,310.53,0,0.029999999999972715,0.043566553815196585,1,1,0.0,0.00852
577,2020-01-10 09:41:19,N,AAPL,310.5,3.0,310.53,1.0,2.0,0.0,2020-01-10 09:41:19.262842,310.48,310.52,0,0.029999999999972715,0.04295542583821543,1,1,0.5,0.00852
578,2020-01-10 09:41:20,N,AAPL,310.48,2.0,310.52,4.0,1.0,3.0,2020-01-10 09:41:20.274459,310.35,310.4,-1,0.03999999999996362,0.04378741080273585,1,1,-0.3333333333333333,0.00852
579,2020-01-10 09:41:21,N,AAPL,310.35,3.0,310.4,2.0,2.0,1.0,2020-01-10 09:41:21.216637,310.35,310.38,0,0.049999999999954525,0.04367485725026654,1,1,0.2,0.00852
580,2020-01-10 09:41:22,N,AAPL,310.35,2.0,310.38,2.0,-1.0,1.0,2020-01-10 09:41:22.089526,310.38,310.42,0,0.029999999999972715,0.04355679126086898,1,-1,0.0,0.00852
581,2020-01-10 09:41:24,N,AAPL,310.38,3.0,310.42,1.0,2.0,-1.0,2020-01-10 09:41:24.911854,310.4,310.45,0,0.040000000000020464,0.04317148428299333,1,1,0.5,0.00852
582,2020-01-10 09:41:25,N,AAPL,310.4,4.0,310.45,1.0,0.0,0.0,2020-01-10 09:41:25.124166,310.4,310.45,0,0.05000000000001137,0.042793317704934,1,1,0.6,0.00852
583,2020-01-10 09:41:26,N,AAPL,310.4,2.0,310.45,1.0,0.0,0.0,2020-01-10 09:41:26.073810,310.38,310.41,0,0.05000000000001137,0.0428868704215688,1,1,0.3333333333333333,0.00852
584,2020-01-10 09:41:27,N,AAPL,310.38,4.0,310.41,1.0,3.0,0.0,2020-01-10 09:41:27.029343,310.4,310.44,0,0.03000000000002956,0.04199574216607971,1,-1,0.6,0.00852
585,2020-01-10 09:41:28,N,AAPL,310.4,2.0,310.44,4.0,0.0,3.0,2020-01-10 09:41:28.170297,310.38,310.43,0,0.040000000000020464,0.042275496635511445,1,1,-0.3333333333333333,0.00852
586,2020-01-10 09:41:30,N,AAPL,310.38,2.0,310.43,5.0,0.0,3.0,2020-01-10 09:41:30.021391,310.39,310.42,0,0.05000000000001137,0.042787964079991525,1,1,-0.42857142857142855,0.00852
587,2020-01-10 09:41:32,N,AAPL,310.39,3.0,310.42,5.0,1.0,0.0,2020-01-10 09:41:32.833117,310.38,310.42,0,0.03000000000002956,0.042952483477506576,1,-1,-0.25,0.00852
588,2020-01-10 09:41:34,N,AAPL,310.38,2.0,310.42,4.0,1.0,-1.0,2020-01-10 09:41:34.210897,310.34,310.37,-1,0.040000000000020464,0.04318036978133932,1,1,-0.3333333333333333,0.00852
589,2020-01-10 09:41:35,N,AAPL,310.34,1.0,310.37,4.0,0.0,3.0,2020-01-10 09:41:35.327305,310.3,310.33,-1,0.03000000000002956,0.04341029930225204,1,-1,-0.6,0.00852
590,2020-01-10 09:41:36,N,AAPL,310.3,3.0,310.33,1.0,2.0,-4.0,2020-01-10 09:41:36.113140,310.31,310.35,0,0.029999999999972715,0.04291967842550548,1,-1,0.5,0.00852
