,last_interval,Exchange,Symbol,Best_Bid_Price,FB0,Best_Offer_Price,FA0,FB2,FA2,p_time,Next_Best_Bid,Next_Best_Offer,outcome,Spread,AWS,Anomaly,Spread Change,Quote IMB,VPIN
0,2020-01-09 09:30:00,N,AAPL,307.14,2.0,307.22,1.0,-1.0,0.0,2020-01-09 09:30:00.247996,307.35,307.35,1,0.08000000000004093,0.08000000000004093,0,0,0.3333333333333333,0.0012
1,2020-01-09 09:30:01,N,AAPL,307.35,6.0,307.35,14.0,1.0,11.0,2020-01-09 09:30:01.573813,307.37,307.43,1,0.0,0.043833333333395785,0,-1,-0.4,0.0012
2,2020-01-09 09:30:02,N,AAPL,307.37,3.0,307.43,1.0,-3.0,-13.0,2020-01-09 09:30:02.620220,307.31,307.32,-1,0.060000000000002274,0.02960227272734528,0,1,0.5,0.0012
3,2020-01-09 09:30:03,N,AAPL,307.31,1.0,307.32,6.0,-2.0,5.0,2020-01-09 09:30:03.430328,307.36,307.37,1,0.009999999999990905,0.022878787878823914,0,-1,-0.7142857142857143,0.0012
4,2020-01-09 09:30:05,N,AAPL,307.36,1.0,307.37,67.0,0.0,61.0,2020-01-09 09:30:05.864792,307.34,307.34,-1,0.009999999999990905,0.04247191011234008,0,1,-0.9705882352941176,0.0012
5,2020-01-09 09:30:06,N,AAPL,307.34,1.0,307.34,1.0,0.0,-66.0,2020-01-09 09:30:06.084392,307.51,307.54,1,0.0,0.04079365079371655,0,-1,0.0,0.0012
6,2020-01-09 09:30:16,N,AAPL,307.51,4.0,307.54,1.0,1.0,0.0,2020-01-09 09:30:16.406721,307.69,307.7,1,0.03000000000002956,0.00084249084250132,1,1,0.6,0.0012
7,2020-01-09 09:30:17,N,AAPL,307.69,2.0,307.7,14.0,-2.0,13.0,2020-01-09 09:30:17.465739,307.7,307.75,0,0.009999999999990905,0.012952380952413023,1,-1,-0.75,0.0012
8,2020-01-09 09:30:18,N,AAPL,307.7,1.0,307.75,8.0,0.0,0.0,2020-01-09 09:30:18.044622,307.5,307.59,-1,0.05000000000001137,0.022621154656576437,0,1,-0.7777777777777778,0.0012
9,2020-01-09 09:30:20,N,AAPL,307.5,8.0,307.59,3.0,7.0,-5.0,2020-01-09 09:30:20.994628,307.5,307.59,0,0.08999999999997499,0.0019827586207270542,1,1,0.45454545454545453,0.0012
10,2020-01-09 09:30:21,N,AAPL,307.5,8.0,307.59,5.0,0.0,2.0,2020-01-09 09:30:21.474367,307.5,307.55,0,0.08999999999997499,-0.005718114809042163,1,1,0.23076923076923078,0.0012
11,2020-01-09 09:30:22,N,AAPL,307.5,4.0,307.55,2.0,2.0,-1.0,2020-01-09 09:30:22.192777,307.53,307.57,0,0.05000000000001137,-0.008943089430943019,1,-1,0.3333333333333333,0.0012
12,2020-01-09 09:30:23,N,AAPL,307.53,1.0,307.57,1.0,0.0,0.0,2020-01-09 09:30:23.335613,307.51,307.55,0,0.040000000000020464,-0.009742703533106578,1,-1,0.0,0.0012
13,2020-01-09 09:30:24,N,AAPL,307.51,1.0,307.55,4.0,-1.0,3.0,2020-01-09 09:30:24.180030,307.56,307.6,1,0.040000000000020464,-0.007756177325632052,1,1,-0.6,0.0012
14,2020-01-09 09:30:25,N,AAPL,307.56,4.0,307.6,1.0,3.0,-12.0,2020-01-09 09:30:25.596622,307.63,307.67,1,0.040000000000020464,-0.01533729176981069,1,1,0.6,0.0012
15,2020-01-09 09:30:26,N,AAPL,307.63,5.0,307.67,2.0,1.0,0.0,2020-01-09 09:30:26.738801,307.61,307.72,0,0.040000000000020464,-0.027761303581883112,1,1,0.42857142857142855,0.0012
16,2020-01-09 09:30:27,N,AAPL,307.61,4.0,307.72,1.0,2.0,-2.0,2020-01-09 09:30:27.965941,307.61,307.64,0,0.11000000000001364,-0.034908008657907885,1,1,0.6,0.0012
17,2020-01-09 09:30:28,N,AAPL,307.61,1.0,307.64,13.0,-3.0,12.0,2020-01-09 09:30:28.079067,307.62,307.69,0,0.029999999999972715,-0.020499697519653637,1,-1,-0.8571428571428571,0.0012
18,2020-01-09 09:30:29,N,AAPL,307.62,3.0,307.69,12.0,2.0,10.0,2020-01-09 09:30:29.050737,307.74,307.76,1,0.06999999999999318,-0.010225053078556812,1,1,-0.6,0.0012
19,2020-01-09 09:30:30,N,AAPL,307.74,2.0,307.76,2.0,1.0,-9.0,2020-01-09 09:30:30.459141,307.73,307.63,-1,0.01999999999998181,-0.014581050923140992,1,-1,0.0,0.0012
20,2020-01-09 09:30:31,N,AAPL,307.73,42.0,307.63,1.0,40.0,-1.0,2020-01-09 09:30:31.091910,307.73,307.76,1,-0.10000000000002274,-0.10374038461543478,1,-1,0.9534883720930233,0.0012
21,2020-01-09 09:30:32,N,AAPL,307.73,1.0,307.76,14.0,-2.0,12.0,2020-01-09 09:30:32.586210,307.71,307.74,0,0.029999999999972715,-0.08355336617404419,1,1,-0.8666666666666667,0.00254
22,2020-01-09 09:30:33,N,AAPL,307.71,4.0,307.74,2.0,3.0,-4.0,2020-01-09 09:30:33.055406,307.83,307.87,1,0.03000000000002956,-0.0850907005838053,1,1,0.3333333333333333,0.00254
23,2020-01-09 09:30:34,N,AAPL,307.83,2.0,307.87,14.0,-6.0,13.0,2020-01-09 09:30:34.203933,307.8,307.83,0,0.040000000000020464,-0.06320815552396652,1,1,-0.75,0.00254
24,2020-01-09 09:30:35,N,AAPL,307.8,4.0,307.83,1.0,2.0,-13.0,2020-01-09 09:30:35.129795,307.81,307.84,0,0.029999999999972715,-0.06843523787847516,1,-1,0.6,0.00254
25,2020-01-09 09:30:36,N,AAPL,307.81,1.0,307.84,1.0,-4.0,-1.0,2020-01-09 09:30:36.107893,307.79,307.82,0,0.029999999999972715,-0.0685937499999909,1,1,0.0,0.00254
26,2020-01-09 09:30:37,N,AAPL,307.79,5.0,307.82,1.0,0.0,-1.0,2020-01-09 09:30:37.231703,307.8,307.85,0,0.029999999999972715,-0.07440757076170712,1,1,0.6666666666666666,0.00254
27,2020-01-09 09:30:38,N,AAPL,307.8,2.0,307.85,2.0,0.0,0.0,2020-01-09 09:30:38.336093,307.76,307.83,0,0.05000000000001137,-0.07419887429642813,1,1,0.0,0.00254
28,2020-01-09 09:30:39,N,AAPL,307.76,2.0,307.83,1.0,-1.0,0.0,2020-01-09 09:30:39.004267,307.79,307.85,0,0.06999999999999318,-0.0749330612244421,1,1,0.3333333333333333,0.00254
29,2020-01-09 09:30:40,N,AAPL,307.79,5.0,307.85,2.0,0.0,1.0,2020-01-09 09:30:40.260708,307.81,307.85,0,0.060000000000002274,-0.07818492618486061,1,-1,0.42857142857142855,0.00254
30,2020-01-09 09:30:41,N,AAPL,307.81,2.0,307.85,1.0,-3.0,-1.0,2020-01-09 09:30:41.144546,307.9,307.95,1,0.040000000000020464,-0.07937795035780937,1,-1,0.3333333333333333,0.00254
31,2020-01-09 09:30:42,N,AAPL,307.9,1.0,307.95,2.0,0.0,1.0,2020-01-09 09:30:42.285184,307.98,307.99,1,0.05000000000001137,-0.0774492200650343,1,1,-0.3333333333333333,0.00254
32,2020-01-09 09:30:44,N,AAPL,307.98,1.0,307.99,1.0,0.0,-1.0,2020-01-09 09:30:44.034527,307.95,308.0,0,0.009999999999990905,-0.07787498152794115,1,-1,0.0,0.00254
33,2020-01-09 09:30:46,N,AAPL,307.95,2.0,308.0,93.0,1.0,92.0,2020-01-09 09:30:46.036765,307.91,307.95,0,0.05000000000001137,0.05538384845465316,1,1,-0.9578947368421052,0.00254
34,2020-01-09 09:30:47,N,AAPL,307.91,2.0,307.95,3.0,-4.0,1.0,2020-01-09 09:30:47.370255,307.87,307.91,0,0.03999999999996362,0.054057484680470225,1,-1,-0.2,0.00254
35,2020-01-09 09:30:48,N,AAPL,307.87,1.0,307.91,1.0,-1.0,0.0,2020-01-09 09:30:48.045159,307.79,307.84,-1,0.040000000000020464,0.053160174201821064,1,1,0.0,0.00254
36,2020-01-09 09:30:50,N,AAPL,307.79,2.0,307.84,7.0,1.0,3.0,2020-01-09 09:30:50.288760,307.81,307.88,0,0.049999999999954525,0.0542984285913235,1,1,-0.5555555555555556,0.00254
37,2020-01-09 09:30:51,N,AAPL,307.81,1.0,307.88,4.0,-3.0,3.0,2020-01-09 09:30:51.383424,307.73,307.76,-1,0.06999999999999318,0.05542298955026581,1,1,-0.6,0.00254
38,2020-01-09 09:30:52,N,AAPL,307.73,1.0,307.76,1.0,-1.0,-3.0,2020-01-09 09:30:52.098976,307.73,307.75,0,0.029999999999972715,0.05505340318848084,1,-1,0.0,0.00254
39,2020-01-09 09:30:53,N,AAPL,307.73,1.0,307.75,12.0,0.0,11.0,2020-01-09 09:30:53.086189,307.81,307.87,1,0.01999999999998181,0.05603672170622076,1,-1,-0.8461538461538461,0.00254
40,2020-01-09 09:30:54,N,AAPL,307.81,2.0,307.87,23.0,0.0,13.0,2020-01-09 09:30:54.088321,307.82,307.89,0,0.060000000000002274,0.064487687069402,1,1,-0.84,0.00254
41,2020-01-09 09:30:55,N,AAPL,307.82,4.0,307.89,17.0,2.0,0.0,2020-01-09 09:30:55.042469,307.83,307.88,0,0.06999999999999318,0.06803305785120983,1,1,-0.6190476190476191,0.00254
42,2020-01-09 09:30:57,N,AAPL,307.83,4.0,307.88,2.0,-1.0,1.0,2020-01-09 09:30:57.238857,307.82,307.85,0,0.05000000000001137,0.06447749510761014,1,-1,0.3333333333333333,0.00414
43,2020-01-09 09:30:58,N,AAPL,307.82,1.0,307.85,1.0,0.0,-1.0,2020-01-09 09:30:58.081994,307.73,307.77,-1,0.03000000000002956,0.0638094482637257,1,-1,0.0,0.00414
44,2020-01-09 09:30:59,N,AAPL,307.73,2.0,307.77,2.0,1.0,1.0,2020-01-09 09:30:59.263650,307.67,307.72,-1,0.03999999999996362,0.06321777208529511,1,1,0.0,0.00414
45,2020-01-09 09:31:00,N,AAPL,307.67,2.0,307.72,2.0,1.0,1.0,2020-01-09 09:31:00.016817,307.74,307.81,1,0.05000000000001137,0.0631285058643698,1,1,0.0,0.00414
46,2020-01-09 09:31:01,N,AAPL,307.74,2.0,307.81,2.0,0.0,1.0,2020-01-09 09:31:01.430924,307.7,307.74,0,0.06999999999999318,0.0626549455686245,1,1,0.0,0.00414
47,2020-01-09 09:31:02,N,AAPL,307.7,1.0,307.74,6.0,-1.0,4.0,2020-01-09 09:31:02.586282,307.73,307.8,0,0.040000000000020464,0.06260141093480343,1,-1,-0.7142857142857143,0.00414
48,2020-01-09 09:31:03,N,AAPL,307.73,4.0,307.8,1.0,2.0,0.0,2020-01-09 09:31:03.164930,307.78,307.83,0,0.06999999999999318,0.06130432018312604,1,1,0.6,0.00414
49,2020-01-09 09:31:04,N,AAPL,307.78,1.0,307.83,2.0,0.0,1.0,2020-01-09 09:31:04.024095,307.92,307.96,1,0.05000000000001137,0.06116381410413396,1,-1,-0.3333333333333333,0.00414
50,2020-01-09 09:31:05,N,AAPL,307.92,2.0,307.96,2.0,-4.0,1.0,2020-01-09 09:31:05.860838,307.96,307.98,0,0.03999999999996362,0.05940534861809965,1,-1,0.0,0.00414
51,2020-01-09 09:31:07,N,AAPL,307.96,2.0,307.98,8.0,0.0,7.0,2020-01-09 09:31:07.138223,307.96,307.99,0,0.020000000000038654,0.06110811983074882,1,-1,-0.6,0.00414
52,2020-01-09 09:31:08,N,AAPL,307.96,2.0,307.99,7.0,0.0,-60.0,2020-01-09 09:31:08.543482,307.98,308.0,0,0.03000000000002956,0.06226624451744556,1,1,-0.5555555555555556,0.00414
53,2020-01-09 09:31:09,N,AAPL,307.98,2.0,308.0,48.0,0.0,-2.0,2020-01-09 09:31:09.228711,308.0,308.04,0,0.01999999999998181,0.08654247277388549,1,-1,-0.92,0.00414
54,2020-01-09 09:31:10,N,AAPL,308.0,2.0,308.04,1.0,0.0,-46.0,2020-01-09 09:31:10.605754,308.0,308.05,0,0.040000000000020464,0.08357259318245269,1,1,0.3333333333333333,0.00414
55,2020-01-09 09:31:11,N,AAPL,308.0,2.0,308.05,7.0,0.0,6.0,2020-01-09 09:31:11.576278,308.0,308.04,0,0.05000000000001137,0.0843822754904977,1,1,-0.5555555555555556,0.00414
56,2020-01-09 09:31:12,N,AAPL,308.0,1.0,308.04,1.0,-1.0,-1.0,2020-01-09 09:31:12.389939,308.01,308.08,0,0.040000000000020464,0.08324664224676326,1,-1,0.0,0.00414
57,2020-01-09 09:31:14,N,AAPL,308.01,1.0,308.08,4.0,-3.0,2.0,2020-01-09 09:31:14.140150,308.01,308.08,0,0.06999999999999318,0.08414376677632163,1,1,-0.6,0.00414
58,2020-01-09 09:31:15,N,AAPL,308.01,2.0,308.08,1.0,0.0,-1.0,2020-01-09 09:31:15.287685,308.02,308.09,0,0.06999999999999318,0.08134913281077161,1,1,0.3333333333333333,0.00414
59,2020-01-09 09:31:16,N,AAPL,308.02,2.0,308.09,4.0,1.0,0.0,2020-01-09 09:31:16.527474,308.02,308.09,0,0.06999999999999318,0.08054554986023277,1,1,-0.3333333333333333,0.00414
60,2020-01-09 09:31:17,N,AAPL,308.02,2.0,308.09,4.0,1.0,0.0,2020-01-09 09:31:17.142386,308.04,308.09,0,0.06999999999999318,0.07977067050597952,1,1,-0.3333333333333333,0.00414
61,2020-01-09 09:31:18,N,AAPL,308.04,1.0,308.09,2.0,-1.0,-2.0,2020-01-09 09:31:18.158473,308.01,308.05,0,0.049999999999954525,0.07928723404256743,1,-1,-0.3333333333333333,0.00414
62,2020-01-09 09:31:19,N,AAPL,308.01,2.0,308.05,3.0,-2.0,0.0,2020-01-09 09:31:19.008532,308.01,308.06,0,0.040000000000020464,0.07776799821965596,1,-1,-0.2,0.00414
63,2020-01-09 09:31:20,N,AAPL,308.01,4.0,308.06,5.0,-11.0,3.0,2020-01-09 09:31:20.060887,307.95,308.03,0,0.05000000000001137,0.0744263037570363,1,1,-0.1111111111111111,0.00414
64,2020-01-09 09:31:21,N,AAPL,307.95,2.0,308.03,2.0,0.0,1.0,2020-01-09 09:31:21.277509,307.93,307.97,0,0.07999999999998408,0.07303571428565192,1,1,0.0,0.00414
65,2020-01-09 09:31:22,N,AAPL,307.93,1.0,307.97,2.0,-7.0,-2.0,2020-01-09 09:31:22.264279,307.93,307.97,0,0.040000000000020464,0.0727023611432287,1,-1,-0.3333333333333333,0.00414
66,2020-01-09 09:31:23,N,AAPL,307.93,2.0,307.97,2.0,1.0,0.0,2020-01-09 09:31:23.072387,307.82,307.87,-1,0.040000000000020464,0.07132023755127648,1,1,0.0,0.00414
67,2020-01-09 09:31:25,N,AAPL,307.82,4.0,307.87,10.0,1.0,9.0,2020-01-09 09:31:25.663117,307.85,307.91,0,0.05000000000001137,0.0709417442810718,1,1,-0.42857142857142855,0.00414
68,2020-01-09 09:31:26,N,AAPL,307.85,2.0,307.91,2.0,1.0,0.0,2020-01-09 09:31:26.928489,307.86,307.9,0,0.060000000000002274,0.07017269866247489,1,1,0.0,0.00414
69,2020-01-09 09:31:27,N,AAPL,307.86,4.0,307.9,3.0,2.0,1.0,2020-01-09 09:31:27.725048,307.89,307.95,0,0.03999999999996362,0.06821374807032043,1,-1,0.14285714285714285,0.00414
70,2020-01-09 09:31:28,N,AAPL,307.89,4.0,307.95,5.0,2.0,3.0,2020-01-09 09:31:28.101189,307.94,307.99,0,0.060000000000002274,0.06668986139055733,1,1,-0.1111111111111111,0.00414
71,2020-01-09 09:31:29,N,AAPL,307.94,1.0,307.99,2.0,0.0,0.0,2020-01-09 09:31:29.821774,307.88,307.96,0,0.05000000000001137,0.06647279376454662,1,-1,-0.3333333333333333,0.00414
72,2020-01-09 09:31:31,N,AAPL,307.88,1.0,307.96,4.0,-1.0,3.0,2020-01-09 09:31:31.398393,307.97,308.01,1,0.07999999999998408,0.06705380756955037,1,1,-0.6,0.00414
73,2020-01-09 09:31:32,N,AAPL,307.97,2.0,308.01,3.0,-1.0,-3.0,2020-01-09 09:31:32.842450,307.9,307.99,0,0.03999999999996362,0.06609354928536959,1,-1,-0.2,0.00414
74,2020-01-09 09:31:33,N,AAPL,307.9,1.0,307.99,2.0,0.0,-4.0,2020-01-09 09:31:33.174779,307.92,308.0,0,0.09000000000003183,0.06606965351386407,1,1,-0.3333333333333333,0.00414
75,2020-01-09 09:31:34,N,AAPL,307.92,3.0,308.0,4.0,1.0,0.0,2020-01-09 09:31:34.136682,307.81,307.87,-1,0.07999999999998408,0.06509071569939806,1,-1,-0.14285714285714285,0.00414
76,2020-01-09 09:31:35,N,AAPL,307.81,8.0,307.87,2.0,4.0,0.0,2020-01-09 09:31:35.048794,307.81,307.88,0,0.060000000000002274,0.06281286407568132,1,-1,0.6,0.00414
77,2020-01-09 09:31:36,N,AAPL,307.81,2.0,307.88,3.0,1.0,1.0,2020-01-09 09:31:36.879729,307.84,307.91,0,0.06999999999999318,0.06264845841189981,1,1,-0.2,0.00514
78,2020-01-09 09:31:37,N,AAPL,307.84,3.0,307.91,2.0,1.0,-1.0,2020-01-09 09:31:37.271960,307.92,307.97,1,0.07000000000005002,0.06177927269192196,1,1,0.2,0.00514
79,2020-01-09 09:31:38,N,AAPL,307.92,1.0,307.97,2.0,-1.0,0.0,2020-01-09 09:31:38.162927,307.95,308.01,0,0.05000000000001137,0.06165135396514643,1,-1,-0.3333333333333333,0.00514
80,2020-01-09 09:31:39,N,AAPL,307.95,1.0,308.01,2.0,-1.0,0.0,2020-01-09 09:31:39.106086,308.0,308.05,0,0.060000000000002274,0.06154892868562456,1,1,-0.3333333333333333,0.00514
81,2020-01-09 09:31:40,N,AAPL,308.0,1.0,308.05,2.0,-3.0,1.0,2020-01-09 09:31:40.255063,307.96,308.0,0,0.05000000000001137,0.061387487706610955,1,-1,-0.3333333333333333,0.00514
82,2020-01-09 09:31:41,N,AAPL,307.96,1.0,308.0,2.0,-1.0,0.0,2020-01-09 09:31:41.096502,307.95,308.0,0,0.040000000000020464,0.061209045415864693,1,-1,-0.3333333333333333,0.00514
83,2020-01-09 09:31:42,N,AAPL,307.95,1.0,308.0,2.0,0.0,0.0,2020-01-09 09:31:42.443705,307.81,307.85,-1,0.05000000000001137,0.061074595641002816,1,1,-0.3333333333333333,0.00514
84,2020-01-09 09:31:43,N,AAPL,307.81,2.0,307.85,2.0,1.0,0.0,2020-01-09 09:31:43.084596,307.83,307.89,0,0.040000000000020464,0.06070431442719837,1,-1,0.0,0.00514
85,2020-01-09 09:31:44,N,AAPL,307.83,1.0,307.89,2.0,-3.0,1.0,2020-01-09 09:31:44.087858,307.87,307.92,0,0.060000000000002274,0.060666054484272536,1,1,-0.3333333333333333,0.00514
86,2020-01-09 09:31:45,N,AAPL,307.87,1.0,307.92,4.0,0.0,2.0,2020-01-09 09:31:45.215011,307.85,307.92,0,0.05000000000001137,0.06098538489470684,1,-1,-0.6,0.00514
87,2020-01-09 09:31:46,N,AAPL,307.85,4.0,307.92,2.0,3.0,-1.0,2020-01-09 09:31:46.090810,307.83,307.89,0,0.06999999999999318,0.05973587815697101,1,1,0.3333333333333333,0.00514
88,2020-01-09 09:31:47,N,AAPL,307.83,1.0,307.89,4.0,0.0,3.0,2020-01-09 09:31:47.273814,307.79,307.81,-1,0.060000000000002274,0.05999926686217805,1,-1,-0.6,0.00514
89,2020-01-09 09:31:48,N,AAPL,307.79,1.0,307.81,10.0,-1.0,9.0,2020-01-09 09:31:48.107363,307.62,307.67,-1,0.01999999999998181,0.05984366035573885,1,-1,-0.8181818181818182,0.00514
90,2020-01-09 09:31:49,N,AAPL,307.62,1.0,307.67,1.0,-11.0,-1.0,2020-01-09 09:31:49.127891,307.66,307.73,0,0.05000000000001137,0.06011393939405707,1,1,0.0,0.00514
91,2020-01-09 09:31:50,N,AAPL,307.66,1.0,307.73,2.0,-1.0,0.0,2020-01-09 09:31:50.507604,307.68,307.76,0,0.06999999999999318,0.06018759774406135,1,1,-0.3333333333333333,0.00514
92,2020-01-09 09:31:51,N,AAPL,307.68,4.0,307.76,2.0,2.0,1.0,2020-01-09 09:31:51.640709,307.69,307.76,0,0.07999999999998408,0.06109491584248872,1,1,0.3333333333333333,0.00514
93,2020-01-09 09:31:52,N,AAPL,307.69,2.0,307.76,1.0,0.0,0.0,2020-01-09 09:31:52.375612,307.69,307.73,0,0.06999999999999318,0.06145859399714482,1,-1,0.3333333333333333,0.00514
94,2020-01-09 09:31:53,N,AAPL,307.69,2.0,307.73,1.0,0.0,0.0,2020-01-09 09:31:53.284241,307.69,307.76,0,0.040000000000020464,0.06176271509610842,1,-1,0.3333333333333333,0.00514
95,2020-01-09 09:31:54,N,AAPL,307.69,1.0,307.76,19.0,-1.0,18.0,2020-01-09 09:31:54.257534,307.69,307.76,0,0.06999999999999318,0.06040233657125782,1,1,-0.9,0.00514
96,2020-01-09 09:31:55,N,AAPL,307.69,11.0,307.76,2.0,9.0,-2.0,2020-01-09 09:31:55.013434,307.62,307.67,-1,0.06999999999999318,0.06254474483517924,1,1,0.6923076923076923,0.00514
97,2020-01-09 09:31:56,N,AAPL,307.62,1.0,307.67,2.0,0.0,1.0,2020-01-09 09:31:56.044972,307.61,307.68,0,0.05000000000001137,0.06253788634097646,1,-1,-0.3333333333333333,0.00514
98,2020-01-09 09:31:57,N,AAPL,307.61,1.0,307.68,1.0,0.0,-1.0,2020-01-09 09:31:57.978913,307.62,307.69,0,0.06999999999999318,0.0628145627637764,1,1,0.0,0.00514
99,2020-01-09 09:31:58,N,AAPL,307.62,4.0,307.69,1.0,3.0,0.0,2020-01-09 09:31:58.227163,307.73,307.78,1,0.06999999999999318,0.06440122207044396,1,1,0.6,0.00514
100,2020-01-09 09:31:59,N,AAPL,307.73,2.0,307.78,1.0,0.0,0.0,2020-01-09 09:31:59.009981,307.74,307.78,0,0.049999999999954525,0.06444105967466385,1,-1,0.3333333333333333,0.00514
101,2020-01-09 09:32:00,N,AAPL,307.74,1.0,307.78,2.0,0.0,0.0,2020-01-09 09:32:00.875901,307.71,307.79,0,0.03999999999996362,0.06435924369742452,1,-1,-0.3333333333333333,0.00514
102,2020-01-09 09:32:01,N,AAPL,307.71,2.0,307.79,1.0,0.0,-2.0,2020-01-09 09:32:01.208365,307.74,307.78,0,0.08000000000004093,0.06455661859200745,1,1,0.3333333333333333,0.00514
103,2020-01-09 09:32:02,N,AAPL,307.74,1.0,307.78,2.0,-1.0,0.0,2020-01-09 09:32:02.083619,307.83,307.88,1,0.03999999999996362,0.0644747509365402,1,-1,-0.3333333333333333,0.00514
104,2020-01-09 09:32:04,N,AAPL,307.83,2.0,307.88,1.0,-2.0,-1.0,2020-01-09 09:32:04.010355,307.85,307.9,0,0.05000000000001137,0.06397662771280466,1,1,0.3333333333333333,0.00514
105,2020-01-09 09:32:05,N,AAPL,307.85,1.0,307.9,44.0,0.0,43.0,2020-01-09 09:32:05.260468,307.89,307.91,0,0.049999999999954525,0.07003295304997437,1,-1,-0.9555555555555556,0.00514
106,2020-01-09 09:32:06,N,AAPL,307.89,2.0,307.91,23.0,1.0,17.0,2020-01-09 09:32:06.299146,307.82,307.89,0,0.020000000000038654,0.072378003002882,1,-1,-0.84,0.00514
107,2020-01-09 09:32:07,N,AAPL,307.82,1.0,307.89,4.0,-2.0,3.0,2020-01-09 09:32:07.197082,307.77,307.84,0,0.06999999999999318,0.0725560605277451,1,1,-0.6,0.00514
108,2020-01-09 09:32:08,N,AAPL,307.77,2.0,307.84,2.0,0.0,1.0,2020-01-09 09:32:08.165481,307.75,307.8,0,0.06999999999999318,0.07244584560623935,1,1,0.0,0.00514
109,2020-01-09 09:32:09,N,AAPL,307.75,2.0,307.8,3.0,1.0,1.0,2020-01-09 09:32:09.844141,307.72,307.75,0,0.05000000000001137,0.07233143723919966,1,-1,-0.2,0.00514
110,2020-01-09 09:32:10,N,AAPL,307.72,1.0,307.75,1.0,-1.0,-1.0,2020-01-09 09:32:10.241120,307.77,307.85,1,0.029999999999972715,0.07231473654542242,1,-1,0.0,0.00514
111,2020-01-09 09:32:11,N,AAPL,307.77,5.0,307.85,2.0,2.0,0.0,2020-01-09 09:32:11.461551,307.8,307.88,0,0.08000000000004093,0.07197669715168331,1,1,0.42857142857142855,0.00514
112,2020-01-09 09:32:12,N,AAPL,307.8,3.0,307.88,1.0,0.0,0.0,2020-01-09 09:32:12.499772,307.8,307.88,0,0.07999999999998408,0.07151679037150416,1,-1,0.5,0.00514
113,2020-01-09 09:32:13,N,AAPL,307.8,3.0,307.88,3.0,0.0,2.0,2020-01-09 09:32:13.036808,307.77,307.82,0,0.07999999999998408,0.07125397817418389,1,1,0.0,0.00514
114,2020-01-09 09:32:14,N,AAPL,307.77,1.0,307.82,1.0,-1.0,0.0,2020-01-09 09:32:14.001191,307.85,307.91,1,0.05000000000001137,0.07117838448215252,1,-1,0.0,0.0056
115,2020-01-09 09:32:15,N,AAPL,307.85,4.0,307.91,1.0,3.0,0.0,2020-01-09 09:32:15.068760,307.85,307.91,0,0.060000000000002274,0.0699655725335333,1,1,0.6,0.0056
116,2020-01-09 09:32:16,N,AAPL,307.85,1.0,307.91,2.0,-1.0,1.0,2020-01-09 09:32:16.538246,307.86,307.91,0,0.060000000000002274,0.06990555248285091,1,1,-0.3333333333333333,0.0056
117,2020-01-09 09:32:17,N,AAPL,307.86,2.0,307.91,4.0,0.0,-3.0,2020-01-09 09:32:17.594810,307.87,307.92,0,0.05000000000001137,0.06972324859941637,1,-1,-0.3333333333333333,0.0056
118,2020-01-09 09:32:18,N,AAPL,307.87,2.0,307.92,5.0,0.0,4.0,2020-01-09 09:32:18.213132,307.86,307.91,0,0.05000000000001137,0.06968459518105874,1,1,-0.42857142857142855,0.0056
119,2020-01-09 09:32:19,N,AAPL,307.86,3.0,307.91,2.0,1.0,-3.0,2020-01-09 09:32:19.247882,307.85,307.9,0,0.05000000000001137,0.06889684451789435,1,1,0.2,0.0056
120,2020-01-09 09:32:20,N,AAPL,307.85,1.0,307.9,4.0,-1.0,-1.0,2020-01-09 09:32:20.306124,307.91,307.93,1,0.049999999999954525,0.06904703983116178,1,-1,-0.6,0.0056
121,2020-01-09 09:32:21,N,AAPL,307.91,2.0,307.93,2.0,1.0,-3.0,2020-01-09 09:32:21.265359,307.94,307.99,1,0.01999999999998181,0.06836570461263136,1,-1,0.0,0.0056
122,2020-01-09 09:32:22,N,AAPL,307.94,1.0,307.99,1.0,-1.0,-2.0,2020-01-09 09:32:22.705349,307.94,307.99,0,0.05000000000001137,0.06802106860527601,1,1,0.0,0.0056
123,2020-01-09 09:32:23,N,AAPL,307.94,2.0,307.99,1.0,1.0,0.0,2020-01-09 09:32:23.331516,307.94,307.99,0,0.05000000000001137,0.0670995534540566,1,1,0.3333333333333333,0.0056
124,2020-01-09 09:32:24,N,AAPL,307.94,1.0,307.99,2.0,0.0,0.0,2020-01-09 09:32:24.471415,307.92,307.97,0,0.05000000000001137,0.06700472201060848,1,1,-0.3333333333333333,0.0056
125,2020-01-09 09:32:25,N,AAPL,307.92,1.0,307.97,2.0,0.0,1.0,2020-01-09 09:32:25.152577,307.92,307.97,0,0.05000000000001137,0.06691564200849598,1,1,-0.3333333333333333,0.0056
126,2020-01-09 09:32:26,N,AAPL,307.92,3.0,307.97,2.0,0.0,1.0,2020-01-09 09:32:26.563289,307.9,307.95,0,0.05000000000001137,0.06582009157011726,1,1,0.2,0.0056
127,2020-01-09 09:32:27,N,AAPL,307.9,3.0,307.95,2.0,0.0,1.0,2020-01-09 09:32:27.236624,307.91,307.95,0,0.05000000000001137,0.06487419523813287,1,1,0.2,0.0056
128,2020-01-09 09:32:28,N,AAPL,307.91,2.0,307.95,3.0,-1.0,1.0,2020-01-09 09:32:28.151195,307.91,307.95,0,0.03999999999996362,0.06449419596555117,1,-1,-0.2,0.0056
129,2020-01-09 09:32:29,N,AAPL,307.91,3.0,307.95,1.0,1.0,0.0,2020-01-09 09:32:29.220561,308.0,308.01,1,0.03999999999996362,0.06331549607040188,1,1,0.5,0.0056
130,2020-01-09 09:32:35,N,AAPL,308.0,1.0,308.01,1.0,-1.0,-1.0,2020-01-09 09:32:35.050263,307.99,308.03,0,0.009999999999990905,0.06286372401973495,1,-1,0.0,0.0056
131,2020-01-09 09:32:37,N,AAPL,307.99,4.0,308.03,12.0,3.0,11.0,2020-01-09 09:32:37.656795,307.98,308.03,0,0.03999999999996362,0.06358046943842055,1,1,-0.5,0.0056
132,2020-01-09 09:32:38,N,AAPL,307.98,4.0,308.03,4.0,0.0,-8.0,2020-01-09 09:32:38.009919,307.97,308.03,0,0.049999999999954525,0.06217613520021814,1,1,0.0,0.0056
133,2020-01-09 09:32:40,N,AAPL,307.97,1.0,308.03,2.0,-2.0,-1.0,2020-01-09 09:32:40.125372,307.96,308.02,0,0.05999999999994543,0.06213648039090458,1,1,-0.3333333333333333,0.0056
134,2020-01-09 09:32:41,N,AAPL,307.96,2.0,308.02,4.0,1.0,2.0,2020-01-09 09:32:41.045580,307.96,308.0,0,0.060000000000002274,0.062061643305185044,1,1,-0.3333333333333333,0.0056
135,2020-01-09 09:32:42,N,AAPL,307.96,1.0,308.0,4.0,0.0,3.0,2020-01-09 09:32:42.072814,307.9,307.92,-1,0.040000000000020464,0.06243041474647271,1,-1,-0.6,0.0056
136,2020-01-09 09:32:43,N,AAPL,307.9,3.0,307.92,4.0,2.0,3.0,2020-01-09 09:32:43.171603,307.9,307.93,0,0.020000000000038654,0.061784702549516624,1,-1,-0.14285714285714285,0.0056
137,2020-01-09 09:32:46,N,AAPL,307.9,3.0,307.93,1.0,2.0,0.0,2020-01-09 09:32:46.244764,307.86,307.89,-1,0.03000000000002956,0.060807668651762015,1,1,0.5,0.0056
138,2020-01-09 09:32:48,N,AAPL,307.86,2.0,307.89,2.0,0.0,1.0,2020-01-09 09:32:48.140950,307.84,307.89,0,0.029999999999972715,0.060460540508302074,1,-1,0.0,0.0056
139,2020-01-09 09:32:49,N,AAPL,307.84,4.0,307.89,4.0,2.0,-2.0,2020-01-09 09:32:49.235279,307.85,307.91,0,0.05000000000001137,0.06000153671647013,1,1,0.0,0.0056
140,2020-01-09 09:32:50,N,AAPL,307.85,1.0,307.91,2.0,-1.0,0.0,2020-01-09 09:32:50.021543,307.84,307.89,0,0.060000000000002274,0.05999257617594367,1,1,-0.3333333333333333,0.0056
141,2020-01-09 09:32:53,N,AAPL,307.84,2.0,307.89,1.0,1.0,0.0,2020-01-09 09:32:53.267714,307.82,307.87,0,0.05000000000001137,0.05969161817318991,1,-1,0.3333333333333333,0.0056
142,2020-01-09 09:32:54,N,AAPL,307.82,2.0,307.87,2.0,1.0,0.0,2020-01-09 09:32:54.071471,307.73,307.76,-1,0.05000000000001137,0.0595286103541639,1,1,0.0,0.0056
143,2020-01-09 09:32:55,N,AAPL,307.73,2.0,307.76,1.0,-9.0,-1.0,2020-01-09 09:32:55.533210,307.7,307.74,0,0.029999999999972715,0.05966008924212929,1,-1,0.3333333333333333,0.0056
144,2020-01-09 09:32:56,N,AAPL,307.7,1.0,307.74,2.0,0.0,1.0,2020-01-09 09:32:56.150598,307.7,307.74,0,0.040000000000020464,0.05961436010062471,1,1,-0.3333333333333333,0.0056
145,2020-01-09 09:32:57,N,AAPL,307.7,4.0,307.74,3.0,2.0,-1.0,2020-01-09 09:32:57.068395,307.72,307.75,0,0.040000000000020464,0.060019198279860575,1,1,0.14285714285714285,0.0056
146,2020-01-09 09:32:58,N,AAPL,307.72,2.0,307.75,2.0,-2.0,-1.0,2020-01-09 09:32:58.234875,307.76,307.83,1,0.029999999999972715,0.060077570921976076,1,-1,0.0,0.0056
147,2020-01-09 09:32:59,N,AAPL,307.76,1.0,307.83,2.0,-3.0,1.0,2020-01-09 09:32:59.679962,307.75,307.81,0,0.06999999999999318,0.0601038961039535,1,1,-0.3333333333333333,0.0056
148,2020-01-09 09:33:00,N,AAPL,307.75,1.0,307.81,1.0,-1.0,-1.0,2020-01-09 09:33:00.186827,307.8,307.83,0,0.060000000000002274,0.06013073106458933,1,-1,0.0,0.0056
149,2020-01-09 09:33:01,N,AAPL,307.8,1.0,307.83,1.0,0.0,0.0,2020-01-09 09:33:01.194894,307.76,307.81,0,0.029999999999972715,0.06005133498302939,1,-1,0.0,0.0056
150,2020-01-09 09:33:02,N,AAPL,307.76,1.0,307.81,2.0,0.0,-2.0,2020-01-09 09:33:02.140156,307.8,307.85,0,0.05000000000001137,0.060025839793297564,1,1,-0.3333333333333333,0.0056
151,2020-01-09 09:33:03,N,AAPL,307.8,4.0,307.85,2.0,1.0,1.0,2020-01-09 09:33:03.543690,307.86,307.93,1,0.05000000000001137,0.05976481958765589,1,1,0.3333333333333333,0.0056
152,2020-01-09 09:33:04,N,AAPL,307.86,1.0,307.93,2.0,0.0,-2.0,2020-01-09 09:33:04.117960,307.89,307.93,0,0.06999999999999318,0.059788735685970096,1,1,-0.3333333333333333,0.0056
153,2020-01-09 09:33:05,N,AAPL,307.89,1.0,307.93,1.0,-2.0,-4.0,2020-01-09 09:33:05.152794,307.86,307.91,0,0.040000000000020464,0.05960720865732583,1,-1,0.0,0.0056
154,2020-01-09 09:33:06,N,AAPL,307.86,2.0,307.91,1.0,1.0,-1.0,2020-01-09 09:33:06.060092,307.85,307.88,0,0.05000000000001137,0.059249669574455766,1,1,0.3333333333333333,0.0056
155,2020-01-09 09:33:08,N,AAPL,307.85,1.0,307.88,2.0,-1.0,1.0,2020-01-09 09:33:08.120676,307.76,307.81,-1,0.029999999999972715,0.05917382757286305,1,-1,-0.3333333333333333,0.0056
156,2020-01-09 09:33:09,N,AAPL,307.76,5.0,307.81,2.0,3.0,-2.0,2020-01-09 09:33:09.698398,307.71,307.76,0,0.05000000000001137,0.059267196726409566,1,1,0.42857142857142855,0.0056
157,2020-01-09 09:33:10,N,AAPL,307.71,2.0,307.76,2.0,-3.0,1.0,2020-01-09 09:33:10.517513,307.7,307.75,0,0.05000000000001137,0.059397409206553675,1,1,0.0,0.0056
158,2020-01-09 09:33:11,N,AAPL,307.7,4.0,307.75,1.0,3.0,-3.0,2020-01-09 09:33:11.270565,307.72,307.77,0,0.05000000000001137,0.060005781448523976,1,1,0.6,0.0056
159,2020-01-09 09:33:12,N,AAPL,307.72,2.0,307.77,2.0,-11.0,0.0,2020-01-09 09:33:12.218410,307.71,307.77,0,0.049999999999954525,0.060103285852108,1,-1,0.0,0.0056
160,2020-01-09 09:33:13,N,AAPL,307.71,2.0,307.77,2.0,-2.0,0.0,2020-01-09 09:33:13.520237,307.77,307.81,0,0.060000000000002274,0.06024858870216576,1,1,0.0,0.0056
161,2020-01-09 09:33:16,N,AAPL,307.77,2.0,307.81,2.0,0.0,0.0,2020-01-09 09:33:16.030232,307.79,307.86,0,0.040000000000020464,0.060197044334984184,1,-1,0.0,0.0056
162,2020-01-09 09:33:17,N,AAPL,307.79,3.0,307.86,2.0,-1.0,1.0,2020-01-09 09:33:17.003850,307.86,307.88,0,0.06999999999999318,0.06012437145363947,1,1,0.2,0.0056
163,2020-01-09 09:33:18,N,AAPL,307.86,2.0,307.88,1.0,1.0,0.0,2020-01-09 09:33:18.104436,307.83,307.91,0,0.01999999999998181,0.0597488965509001,1,-1,0.3333333333333333,0.0056
164,2020-01-09 09:33:19,N,AAPL,307.83,2.0,307.91,2.0,-2.0,0.0,2020-01-09 09:33:19.097662,307.85,307.92,0,0.08000000000004093,0.059660379762988214,1,1,0.0,0.0056
165,2020-01-09 09:33:20,N,AAPL,307.85,1.0,307.92,2.0,-3.0,0.0,2020-01-09 09:33:20.095967,307.83,307.89,0,0.06999999999999318,0.059692934782674456,1,-1,-0.3333333333333333,0.0056
166,2020-01-09 09:33:21,N,AAPL,307.83,4.0,307.89,2.0,0.0,1.0,2020-01-09 09:33:21.013620,307.83,307.89,0,0.060000000000002274,0.05927531649348339,1,-1,0.3333333333333333,0.0056
167,2020-01-09 09:33:22,N,AAPL,307.83,1.0,307.89,1.0,0.0,-1.0,2020-01-09 09:33:22.103078,307.76,307.82,-1,0.060000000000002274,0.05920937891022504,1,1,0.0,0.0056
168,2020-01-09 09:33:23,N,AAPL,307.76,1.0,307.82,2.0,-1.0,0.0,2020-01-09 09:33:23.107141,307.78,307.82,0,0.060000000000002274,0.059210144927590136,1,1,-0.3333333333333333,0.00623
169,2020-01-09 09:33:24,N,AAPL,307.78,1.0,307.82,2.0,0.0,0.0,2020-01-09 09:33:24.090880,307.8,307.88,0,0.040000000000020464,0.05916340688810351,1,-1,-0.3333333333333333,0.00623
170,2020-01-09 09:33:25,N,AAPL,307.8,4.0,307.88,4.0,3.0,2.0,2020-01-09 09:33:25.722967,307.91,307.98,1,0.07999999999998408,0.059138811924356105,1,1,0.0,0.00623
171,2020-01-09 09:33:26,N,AAPL,307.91,4.0,307.98,2.0,3.0,-2.0,2020-01-09 09:33:26.378491,307.96,308.04,0,0.06999999999999318,0.058217170283626274,1,-1,0.3333333333333333,0.00623
172,2020-01-09 09:33:27,N,AAPL,307.96,2.0,308.04,2.0,0.0,1.0,2020-01-09 09:33:27.133976,307.96,308.01,0,0.08000000000004093,0.05786204147864282,1,1,0.0,0.00623
173,2020-01-09 09:33:28,N,AAPL,307.96,2.0,308.01,1.0,0.0,0.0,2020-01-09 09:33:28.650889,307.97,308.04,0,0.05000000000001137,0.057221193904752,1,-1,0.3333333333333333,0.00623
174,2020-01-09 09:33:29,N,AAPL,307.97,2.0,308.04,2.0,0.0,1.0,2020-01-09 09:33:29.278714,308.02,308.05,0,0.06999999999999318,0.056832335665831124,1,1,0.0,0.00623
175,2020-01-09 09:33:30,N,AAPL,308.02,2.0,308.05,1.0,0.0,-2.0,2020-01-09 09:33:30.290667,308.07,308.1,1,0.03000000000002956,0.05597994428660513,1,-1,0.3333333333333333,0.00623
176,2020-01-09 09:33:31,N,AAPL,308.07,2.0,308.1,2.0,1.0,1.0,2020-01-09 09:33:31.891644,308.12,308.16,1,0.03000000000002956,0.05529528132530004,1,1,0.0,0.00623
177,2020-01-09 09:33:32,N,AAPL,308.12,2.0,308.16,7.0,1.0,6.0,2020-01-09 09:33:32.154332,308.1,308.14,0,0.040000000000020464,0.0565054717538942,1,1,-0.5555555555555556,0.00623
178,2020-01-09 09:33:33,N,AAPL,308.1,1.0,308.14,1.0,0.0,0.0,2020-01-09 09:33:33.534351,308.13,308.17,0,0.03999999999996362,0.05614732354848684,1,-1,0.0,0.00623
179,2020-01-09 09:33:35,N,AAPL,308.13,1.0,308.17,2.0,-4.0,0.0,2020-01-09 09:33:35.431686,308.16,308.19,0,0.040000000000020464,0.056160681058202044,1,1,-0.3333333333333333,0.00623
180,2020-01-09 09:33:36,N,AAPL,308.16,1.0,308.19,1.0,0.0,0.0,2020-01-09 09:33:36.210547,308.17,308.19,0,0.029999999999972715,0.05573144057518675,1,-1,0.0,0.00623
181,2020-01-09 09:33:38,N,AAPL,308.17,3.0,308.19,2.0,0.0,1.0,2020-01-09 09:33:38.228133,308.13,308.17,0,0.01999999999998181,0.053972687621694604,1,-1,0.2,0.00623
182,2020-01-09 09:33:39,N,AAPL,308.13,1.0,308.17,4.0,-17.0,3.0,2020-01-09 09:33:39.531910,308.16,308.2,0,0.040000000000020464,0.054783391578553164,1,1,-0.6,0.00623
183,2020-01-09 09:33:40,N,AAPL,308.16,4.0,308.2,1.0,-24.0,-1.0,2020-01-09 09:33:40.629387,308.2,308.24,0,0.03999999999996362,0.051897908382215974,0,-1,0.6,0.00623
184,2020-01-09 09:33:41,N,AAPL,308.2,31.0,308.24,1.0,27.0,0.0,2020-01-09 09:33:41.491479,308.18,308.21,0,0.040000000000020464,0.025981884057841853,1,1,0.9375,0.00623
185,2020-01-09 09:33:42,N,AAPL,308.18,2.0,308.21,1.0,-29.0,0.0,2020-01-09 09:33:42.573381,308.17,308.21,0,0.029999999999972715,0.024916091545321706,1,-1,0.3333333333333333,0.00623
186,2020-01-09 09:33:43,N,AAPL,308.17,26.0,308.21,1.0,25.0,-1.0,2020-01-09 09:33:43.053019,308.15,308.18,0,0.03999999999996362,0.0073775281106236434,1,1,0.9259259259259259,0.00623
187,2020-01-09 09:33:45,N,AAPL,308.15,1.0,308.18,2.0,-25.0,0.0,2020-01-09 09:33:45.182991,308.15,308.22,0,0.03000000000002956,0.007562481486843353,1,-1,-0.3333333333333333,0.00623
188,2020-01-09 09:33:46,N,AAPL,308.15,1.0,308.22,2.0,-3.0,0.0,2020-01-09 09:33:46.782977,308.08,308.12,-1,0.07000000000005002,0.007840612168592997,1,1,-0.3333333333333333,0.00623
189,2020-01-09 09:33:47,N,AAPL,308.08,1.0,308.12,4.0,-1.0,2.0,2020-01-09 09:33:47.059724,308.08,308.14,0,0.040000000000020464,0.008665735866259183,1,-1,-0.6,0.00623
190,2020-01-09 09:33:48,N,AAPL,308.08,1.0,308.14,4.0,-1.0,2.0,2020-01-09 09:33:48.098173,308.17,308.22,1,0.060000000000002274,0.009574202496480666,1,1,-0.6,0.00623
191,2020-01-09 09:33:49,N,AAPL,308.17,1.0,308.22,2.0,0.0,-1.0,2020-01-09 09:33:49.029446,308.17,308.22,0,0.05000000000001137,0.009801401869140136,1,-1,-0.3333333333333333,0.00623
192,2020-01-09 09:33:50,N,AAPL,308.17,2.0,308.22,2.0,1.0,0.0,2020-01-09 09:33:50.081104,308.16,308.2,0,0.05000000000001137,0.009386379386398858,1,1,0.0,0.00623
193,2020-01-09 09:33:51,N,AAPL,308.16,1.0,308.2,2.0,-23.0,1.0,2020-01-09 09:33:51.268956,308.17,308.2,0,0.03999999999996362,0.009585674597872185,1,-1,-0.3333333333333333,0.00623
194,2020-01-09 09:33:53,N,AAPL,308.17,3.0,308.2,7.0,1.0,2.0,2020-01-09 09:33:53.291709,308.19,308.21,0,0.029999999999972715,0.01051969401697761,1,-1,-0.4,0.00623
195,2020-01-09 09:33:54,N,AAPL,308.19,2.0,308.21,2.0,0.0,-6.0,2020-01-09 09:33:54.018191,308.24,308.29,1,0.01999999999998181,0.010013132582002982,1,-1,0.0,0.00623
196,2020-01-09 09:33:55,N,AAPL,308.24,4.0,308.29,11.0,-21.0,9.0,2020-01-09 09:33:55.086626,308.19,308.24,0,0.05000000000001137,0.012469696969731103,1,1,-0.4666666666666667,0.00623
197,2020-01-09 09:33:56,N,AAPL,308.19,2.0,308.24,2.0,-1.0,0.0,2020-01-09 09:33:56.140789,308.14,308.21,0,0.05000000000001137,0.012036195610278355,1,1,0.0,0.00623
198,2020-01-09 09:33:57,N,AAPL,308.14,1.0,308.21,2.0,-3.0,0.0,2020-01-09 09:33:57.240223,308.15,308.19,0,0.06999999999999318,0.012278463754000768,1,1,-0.3333333333333333,0.00623
199,2020-01-09 09:33:58,N,AAPL,308.15,1.0,308.19,5.0,-1.0,0.0,2020-01-09 09:33:58.092025,308.06,308.09,-1,0.040000000000020464,0.013567136344761366,1,-1,-0.6666666666666666,0.00623
200,2020-01-09 09:34:00,N,AAPL,308.06,2.0,308.09,2.0,-8.0,-1.0,2020-01-09 09:34:00.483604,308.0,308.02,-1,0.029999999999972715,0.013285980907710382,1,-1,0.0,0.00623
201,2020-01-09 09:34:02,N,AAPL,308.0,5.0,308.02,4.0,4.0,3.0,2020-01-09 09:34:02.117133,307.99,308.04,0,0.01999999999998181,0.012589421751442842,1,-1,0.1111111111111111,0.00623
202,2020-01-09 09:34:03,N,AAPL,307.99,1.0,308.04,2.0,-1.0,1.0,2020-01-09 09:34:03.337426,307.99,308.04,0,0.05000000000001137,0.012725628638690978,1,1,-0.3333333333333333,0.00623
203,2020-01-09 09:34:04,N,AAPL,307.99,1.0,308.04,4.0,-1.0,3.0,2020-01-09 09:34:04.114388,308.0,308.05,0,0.05000000000001137,0.013252516714885587,1,1,-0.6,0.00623
204,2020-01-09 09:34:05,N,AAPL,308.0,1.0,308.05,1.0,0.0,0.0,2020-01-09 09:34:05.082455,307.93,307.99,-1,0.05000000000001137,0.013183372742844313,1,1,0.0,0.00623
205,2020-01-09 09:34:06,N,AAPL,307.93,1.0,307.99,5.0,0.0,3.0,2020-01-09 09:34:06.643086,307.89,307.91,-1,0.060000000000002274,0.01373128176390992,1,1,-0.6666666666666666,0.00623
206,2020-01-09 09:34:07,N,AAPL,307.89,1.0,307.91,4.0,0.0,-1.0,2020-01-09 09:34:07.841364,307.88,307.92,0,0.020000000000038654,0.01385785255376959,1,-1,-0.6,0.00623
207,2020-01-09 09:34:09,N,AAPL,307.88,2.0,307.92,2.0,0.0,-2.0,2020-01-09 09:34:09.475483,307.87,307.91,0,0.040000000000020464,0.013872813933119232,1,1,0.0,0.00623
208,2020-01-09 09:34:10,N,AAPL,307.87,1.0,307.91,1.0,-1.0,-1.0,2020-01-09 09:34:10.110239,307.87,307.91,0,0.040000000000020464,0.013887726569066672,1,1,0.0,0.00646
209,2020-01-09 09:34:11,N,AAPL,307.87,1.0,307.91,1.0,-1.0,0.0,2020-01-09 09:34:11.001039,307.85,307.89,0,0.040000000000020464,0.01390265645574118,1,1,0.0,0.00646
210,2020-01-09 09:34:12,N,AAPL,307.85,4.0,307.89,4.0,3.0,3.0,2020-01-09 09:34:12.258451,307.78,307.84,-1,0.03999999999996362,0.01402041838173318,1,-1,0.0,0.00646
211,2020-01-09 09:34:13,N,AAPL,307.78,1.0,307.84,1.0,-1.0,-3.0,2020-01-09 09:34:13.169805,307.77,307.78,0,0.060000000000002274,0.014121923893412713,1,1,0.0,0.00646
212,2020-01-09 09:34:14,N,AAPL,307.77,1.0,307.78,2.0,0.0,1.0,2020-01-09 09:34:14.019691,307.75,307.79,0,0.009999999999990905,0.014083377056692825,1,-1,-0.3333333333333333,0.00646
213,2020-01-09 09:34:15,N,AAPL,307.75,2.0,307.79,1.0,0.0,-1.0,2020-01-09 09:34:15.583331,307.72,307.76,0,0.040000000000020464,0.014365729518317494,1,1,0.3333333333333333,0.00646
214,2020-01-09 09:34:16,N,AAPL,307.72,2.0,307.76,2.0,0.0,1.0,2020-01-09 09:34:16.080233,307.63,307.68,-1,0.03999999999996362,0.01460714908466798,1,-1,0.0,0.00646
215,2020-01-09 09:34:17,N,AAPL,307.63,2.0,307.68,4.0,0.0,2.0,2020-01-09 09:34:17.902912,307.6,307.64,0,0.05000000000001137,0.014597762571156636,1,1,-0.3333333333333333,0.00646
216,2020-01-09 09:34:18,N,AAPL,307.6,1.0,307.64,1.0,0.0,-1.0,2020-01-09 09:34:18.644177,307.6,307.64,0,0.03999999999996362,0.014801564027379754,1,-1,0.0,0.00646
217,2020-01-09 09:34:19,N,AAPL,307.6,1.0,307.64,1.0,0.0,0.0,2020-01-09 09:34:19.173059,307.55,307.59,-1,0.03999999999996362,0.015004300277951188,1,1,0.0,0.00646
218,2020-01-09 09:34:20,N,AAPL,307.55,2.0,307.59,4.0,0.0,1.0,2020-01-09 09:34:20.777558,307.53,307.57,0,0.03999999999996362,0.014892630940209983,1,1,-0.3333333333333333,0.00646
219,2020-01-09 09:34:21,N,AAPL,307.53,2.0,307.57,2.0,0.0,-2.0,2020-01-09 09:34:21.053459,307.37,307.4,-1,0.040000000000020464,0.015390559299476081,1,1,0.0,0.00646
220,2020-01-09 09:34:22,N,AAPL,307.37,2.0,307.4,2.0,1.0,0.0,2020-01-09 09:34:22.805579,307.3,307.36,-1,0.029999999999972715,0.01608453704125168,1,-1,0.0,0.00646
221,2020-01-09 09:34:23,N,AAPL,307.3,3.0,307.36,2.0,1.0,0.0,2020-01-09 09:34:23.010064,307.34,307.39,0,0.060000000000002274,0.017882269300287135,1,1,0.2,0.00646
222,2020-01-09 09:34:24,N,AAPL,307.34,1.0,307.39,2.0,-3.0,-1.0,2020-01-09 09:34:24.138906,307.32,307.37,0,0.05000000000001137,0.01776335011760466,1,-1,-0.3333333333333333,0.00646
223,2020-01-09 09:34:25,N,AAPL,307.32,1.0,307.37,10.0,-1.0,7.0,2020-01-09 09:34:25.005166,307.38,307.4,1,0.05000000000001137,0.01354348992526866,1,1,-0.8181818181818182,0.00646
224,2020-01-09 09:34:26,N,AAPL,307.38,2.0,307.4,2.0,0.0,1.0,2020-01-09 09:34:26.783967,307.36,307.4,0,0.01999999999998181,0.014193853858330385,1,-1,0.0,0.00646
225,2020-01-09 09:34:27,N,AAPL,307.36,1.0,307.4,1.0,-1.0,0.0,2020-01-09 09:34:27.028426,307.38,307.44,0,0.03999999999996362,0.01455108089260193,1,1,0.0,0.00646
226,2020-01-09 09:34:28,N,AAPL,307.38,2.0,307.44,1.0,0.0,0.0,2020-01-09 09:34:28.349362,307.41,307.45,0,0.060000000000002274,0.015704063664884416,1,1,0.3333333333333333,0.00646
227,2020-01-09 09:34:29,N,AAPL,307.41,4.0,307.45,2.0,3.0,1.0,2020-01-09 09:34:29.092709,307.37,307.42,0,0.03999999999996362,0.01779473893549266,1,-1,0.3333333333333333,0.00646
228,2020-01-09 09:34:30,N,AAPL,307.37,2.0,307.42,4.0,-2.0,3.0,2020-01-09 09:34:30.991015,307.37,307.42,0,0.05000000000001137,0.017590826327534614,1,1,-0.3333333333333333,0.00646
229,2020-01-09 09:34:31,N,AAPL,307.37,4.0,307.42,2.0,3.0,1.0,2020-01-09 09:34:31.609174,307.4,307.44,0,0.05000000000001137,0.01984149307389771,1,1,0.3333333333333333,0.00646
230,2020-01-09 09:34:32,N,AAPL,307.4,2.0,307.44,1.0,-2.0,0.0,2020-01-09 09:34:32.847962,307.37,307.44,0,0.040000000000020464,0.020871249605193043,1,-1,0.3333333333333333,0.00646
231,2020-01-09 09:34:33,N,AAPL,307.37,2.0,307.44,5.0,0.0,3.0,2020-01-09 09:34:33.040825,307.41,307.44,0,0.06999999999999318,0.02031487460686776,1,1,-0.42857142857142855,0.00646
232,2020-01-09 09:34:34,N,AAPL,307.41,2.0,307.44,2.0,0.0,1.0,2020-01-09 09:34:34.615885,307.43,307.47,0,0.029999999999972715,0.020879677210643877,1,-1,0.0,0.00646
233,2020-01-09 09:34:35,N,AAPL,307.43,1.0,307.47,4.0,-3.0,1.0,2020-01-09 09:34:35.150897,307.45,307.49,0,0.040000000000020464,0.020006863748619708,1,1,-0.6,0.00646
234,2020-01-09 09:34:36,N,AAPL,307.45,2.0,307.49,1.0,1.0,-1.0,2020-01-09 09:34:36.395009,307.43,307.46,0,0.040000000000020464,0.020896455693616645,1,1,0.3333333333333333,0.00646
235,2020-01-09 09:34:39,N,AAPL,307.43,1.0,307.46,1.0,-1.0,-1.0,2020-01-09 09:34:39.332303,307.43,307.47,0,0.029999999999972715,0.02116096897736952,1,-1,0.0,0.00646
236,2020-01-09 09:34:40,N,AAPL,307.43,4.0,307.47,1.0,3.0,-1.0,2020-01-09 09:34:40.320745,307.34,307.36,-1,0.040000000000020464,0.023382059800724164,1,1,0.6,0.00646
237,2020-01-09 09:34:41,N,AAPL,307.34,7.0,307.36,2.0,5.0,0.0,2020-01-09 09:34:41.855557,307.34,307.38,0,0.020000000000038654,0.02790444754350574,1,-1,0.5555555555555556,0.00646
238,2020-01-09 09:34:42,N,AAPL,307.34,2.0,307.38,2.0,-5.0,1.0,2020-01-09 09:34:42.718976,307.41,307.45,1,0.040000000000020464,0.028516426490000413,1,1,0.0,0.00646
239,2020-01-09 09:34:44,N,AAPL,307.41,2.0,307.45,1.0,0.0,0.0,2020-01-09 09:34:44.236029,307.51,307.56,1,0.03999999999996362,0.0294312070950582,1,-1,0.3333333333333333,0.00646
240,2020-01-09 09:34:45,N,AAPL,307.51,2.0,307.56,2.0,0.0,1.0,2020-01-09 09:34:45.373330,307.58,307.62,1,0.05000000000001137,0.029841253366953424,1,1,0.0,0.00646
241,2020-01-09 09:34:47,N,AAPL,307.58,4.0,307.62,1.0,3.0,-1.0,2020-01-09 09:34:47.951652,307.59,307.64,0,0.040000000000020464,0.03110261751686494,1,-1,0.6,0.00646
242,2020-01-09 09:34:48,N,AAPL,307.59,2.0,307.64,2.0,0.0,0.0,2020-01-09 09:34:48.233588,307.61,307.66,0,0.05000000000001137,0.03140257648959732,1,1,0.0,0.00646
243,2020-01-09 09:34:49,N,AAPL,307.61,2.0,307.66,1.0,0.0,-1.0,2020-01-09 09:34:49.015665,307.53,307.58,-1,0.05000000000001137,0.0318558033538352,1,1,0.3333333333333333,0.00646
244,2020-01-09 09:34:50,N,AAPL,307.53,2.0,307.58,1.0,-2.0,-1.0,2020-01-09 09:34:50.497265,307.51,307.56,0,0.05000000000001137,0.03248069354845029,1,1,0.3333333333333333,0.00646
245,2020-01-09 09:34:51,N,AAPL,307.51,2.0,307.56,4.0,-2.0,3.0,2020-01-09 09:34:51.056208,307.54,307.6,0,0.05000000000001137,0.03230659480033182,1,1,-0.3333333333333333,0.00646
246,2020-01-09 09:34:52,N,AAPL,307.54,2.0,307.6,1.0,1.0,-1.0,2020-01-09 09:34:52.102411,307.6,307.64,0,0.060000000000002274,0.03291099052330537,1,1,0.3333333333333333,0.00646
247,2020-01-09 09:34:53,N,AAPL,307.6,6.0,307.64,2.0,4.0,1.0,2020-01-09 09:34:53.814826,307.61,307.65,0,0.03999999999996362,0.0344448543032172,1,-1,0.5,0.00646
248,2020-01-09 09:34:54,N,AAPL,307.61,2.0,307.65,2.0,0.0,1.0,2020-01-09 09:34:54.984362,307.59,307.65,0,0.03999999999996362,0.034675324675390584,1,1,0.0,0.00646
249,2020-01-09 09:34:55,N,AAPL,307.59,2.0,307.65,2.0,0.0,0.0,2020-01-09 09:34:55.025592,307.6,307.65,0,0.060000000000002274,0.034966103255214875,1,1,0.0,0.00646
250,2020-01-09 09:34:56,N,AAPL,307.6,2.0,307.65,2.0,1.0,0.0,2020-01-09 09:34:56.933614,307.6,307.62,0,0.049999999999954525,0.03522302683154521,1,-1,0.0,0.00646
251,2020-01-09 09:34:59,N,AAPL,307.6,1.0,307.62,1.0,-1.0,-1.0,2020-01-09 09:34:59.224046,307.52,307.57,-1,0.01999999999998181,0.03532075460014994,0,-1,0.0,0.00646
252,2020-01-09 09:35:00,N,AAPL,307.52,2.0,307.57,1.0,0.0,0.0,2020-01-09 09:35:00.098660,307.52,307.54,0,0.05000000000001137,0.03592671177534612,0,1,0.3333333333333333,0.00646
253,2020-01-09 09:35:01,N,AAPL,307.52,2.0,307.54,2.0,0.0,-2.0,2020-01-09 09:35:01.165813,307.49,307.54,0,0.020000000000038654,0.03620597286959537,0,-1,0.0,0.00646
254,2020-01-09 09:35:02,N,AAPL,307.49,2.0,307.54,1.0,0.0,0.0,2020-01-09 09:35:02.017642,307.53,307.57,0,0.05000000000001137,0.036865725461382226,0,1,0.3333333333333333,0.00646
255,2020-01-09 09:35:03,N,AAPL,307.53,2.0,307.57,2.0,0.0,1.0,2020-01-09 09:35:03.417104,307.52,307.56,0,0.040000000000020464,0.03716606871392969,0,-1,0.0,0.00646
256,2020-01-09 09:35:04,N,AAPL,307.52,3.0,307.56,2.0,-3.0,0.0,2020-01-09 09:35:04.220281,307.48,307.52,0,0.040000000000020464,0.03789640288641749,0,1,0.2,0.00646
257,2020-01-09 09:35:05,N,AAPL,307.48,9.0,307.52,1.0,7.0,0.0,2020-01-09 09:35:05.396943,307.47,307.49,0,0.03999999999996362,0.04187263554246101,0,-1,0.8,0.00646
258,2020-01-09 09:35:06,N,AAPL,307.47,1.0,307.49,4.0,-8.0,3.0,2020-01-09 09:35:06.741225,307.41,307.43,-1,0.01999999999998181,0.04101117974181534,0,-1,-0.6,0.00646
259,2020-01-09 09:35:07,N,AAPL,307.41,6.0,307.43,2.0,4.0,1.0,2020-01-09 09:35:07.837072,307.4,307.43,0,0.01999999999998181,0.04363647410372096,0,1,0.5,0.00646
260,2020-01-09 09:35:08,N,AAPL,307.4,3.0,307.43,4.0,-3.0,2.0,2020-01-09 09:35:08.022516,307.36,307.39,-1,0.03000000000002956,0.04380068234615919,0,1,-0.14285714285714285,0.00646
261,2020-01-09 09:35:09,N,AAPL,307.36,1.0,307.39,2.0,-2.0,0.0,2020-01-09 09:35:09.626524,307.34,307.39,0,0.029999999999972715,0.04357753725207658,0,-1,-0.3333333333333333,0.00677
262,2020-01-09 09:35:10,N,AAPL,307.34,2.0,307.39,2.0,-2.0,0.0,2020-01-09 09:35:10.016274,307.3,307.35,0,0.05000000000001137,0.04404323507191066,0,1,0.0,0.00677
263,2020-01-09 09:35:11,N,AAPL,307.3,4.0,307.35,1.0,3.0,-2.0,2020-01-09 09:35:11.361926,307.27,307.32,0,0.05000000000001137,0.04642694139016612,1,1,0.6,0.00677
264,2020-01-09 09:35:12,N,AAPL,307.27,2.0,307.32,1.0,0.0,0.0,2020-01-09 09:35:12.007410,307.26,307.29,0,0.05000000000001137,0.04743443700505168,1,1,0.3333333333333333,0.00677
265,2020-01-09 09:35:13,N,AAPL,307.26,2.0,307.29,2.0,0.0,0.0,2020-01-09 09:35:13.070668,307.24,307.26,0,0.03000000000002956,0.047915565262997006,1,-1,0.0,0.00677
266,2020-01-09 09:35:14,N,AAPL,307.24,2.0,307.26,2.0,-7.0,-1.0,2020-01-09 09:35:14.589996,307.24,307.3,0,0.01999999999998181,0.04839225642660949,1,-1,0.0,0.00677
267,2020-01-09 09:35:15,N,AAPL,307.24,3.0,307.3,2.0,2.0,0.0,2020-01-09 09:35:15.001459,307.21,307.27,0,0.060000000000002274,0.04971778217583278,1,1,0.2,0.00677
268,2020-01-09 09:35:16,N,AAPL,307.21,1.0,307.27,2.0,0.0,0.0,2020-01-09 09:35:16.022373,307.17,307.22,0,0.060000000000002274,0.04947071469587172,1,1,-0.3333333333333333,0.00677
269,2020-01-09 09:35:17,N,AAPL,307.17,1.0,307.22,1.0,0.0,-1.0,2020-01-09 09:35:17.078596,307.13,307.16,-1,0.05000000000001137,0.049765189520655895,1,-1,0.0,0.00677
270,2020-01-09 09:35:18,N,AAPL,307.13,2.0,307.16,2.0,1.0,1.0,2020-01-09 09:35:18.027210,307.15,307.23,0,0.03000000000002956,0.050350343381467155,1,-1,0.0,0.00677
271,2020-01-09 09:35:19,N,AAPL,307.15,2.0,307.23,2.0,0.0,0.0,2020-01-09 09:35:19.032177,307.12,307.22,0,0.08000000000004093,0.05100613358075634,1,1,0.0,0.00677
272,2020-01-09 09:35:20,N,AAPL,307.12,2.0,307.22,2.0,-2.0,0.0,2020-01-09 09:35:20.010600,307.16,307.2,0,0.10000000000002274,0.05172306652610814,1,1,0.0,0.00677
273,2020-01-09 09:35:21,N,AAPL,307.16,1.0,307.2,1.0,0.0,-4.0,2020-01-09 09:35:21.002229,307.17,307.24,0,0.03999999999996362,0.05200267485577115,1,-1,0.0,0.00677
274,2020-01-09 09:35:22,N,AAPL,307.17,2.0,307.24,6.0,0.0,4.0,2020-01-09 09:35:22.051425,307.18,307.21,0,0.06999999999999318,0.05041601962926734,1,1,-0.5,0.00677
275,2020-01-09 09:35:23,N,AAPL,307.18,2.0,307.21,2.0,0.0,-1.0,2020-01-09 09:35:23.173294,307.12,307.19,0,0.029999999999972715,0.05093617107593218,1,-1,0.0,0.00677
276,2020-01-09 09:35:24,N,AAPL,307.12,2.0,307.19,2.0,0.0,0.0,2020-01-09 09:35:24.330921,307.13,307.19,0,0.06999999999999318,0.05158403436558956,1,1,0.0,0.00677
277,2020-01-09 09:35:25,N,AAPL,307.13,5.0,307.19,2.0,3.0,1.0,2020-01-09 09:35:25.346337,307.13,307.19,0,0.060000000000002274,0.05486067764610425,1,-1,0.42857142857142855,0.00677
278,2020-01-09 09:35:26,N,AAPL,307.13,2.0,307.19,4.0,-3.0,0.0,2020-01-09 09:35:26.066644,307.16,307.21,0,0.060000000000002274,0.05428797053264134,1,1,-0.3333333333333333,0.00677
279,2020-01-09 09:35:27,N,AAPL,307.16,2.0,307.21,4.0,0.0,3.0,2020-01-09 09:35:27.000636,307.2,307.22,0,0.049999999999954525,0.05371357791995024,1,-1,-0.3333333333333333,0.00677
280,2020-01-09 09:35:28,N,AAPL,307.2,2.0,307.22,1.0,0.0,-1.0,2020-01-09 09:35:28.112222,307.18,307.23,0,0.020000000000038654,0.05471209832256818,1,-1,0.3333333333333333,0.00677
281,2020-01-09 09:35:29,N,AAPL,307.18,2.0,307.23,2.0,1.0,1.0,2020-01-09 09:35:29.208893,307.23,307.28,0,0.05000000000001137,0.055230825458295385,1,1,0.0,0.00677
282,2020-01-09 09:35:30,N,AAPL,307.23,2.0,307.28,4.0,0.0,3.0,2020-01-09 09:35:30.518332,307.15,307.19,-1,0.049999999999954525,0.054723834570665986,1,-1,-0.3333333333333333,0.00677
283,2020-01-09 09:35:32,N,AAPL,307.15,3.0,307.19,1.0,2.0,-1.0,2020-01-09 09:35:32.361630,307.18,307.21,0,0.040000000000020464,0.056641421798019564,1,-1,0.5,0.00677
284,2020-01-09 09:35:33,N,AAPL,307.18,1.0,307.21,2.0,0.0,1.0,2020-01-09 09:35:33.285606,307.22,307.25,1,0.029999999999972715,0.05632513882579815,1,-1,-0.3333333333333333,0.00677
285,2020-01-09 09:35:34,N,AAPL,307.22,2.0,307.25,3.0,0.0,0.0,2020-01-09 09:35:34.341120,307.23,307.25,0,0.029999999999972715,0.0562439635769465,1,1,-0.2,0.00677
286,2020-01-09 09:35:35,N,AAPL,307.23,1.0,307.25,1.0,-1.0,-2.0,2020-01-09 09:35:35.037766,307.16,307.24,0,0.01999999999998181,0.056443497400323395,1,-1,0.0,0.00677
287,2020-01-09 09:35:36,N,AAPL,307.16,3.0,307.24,2.0,1.0,0.0,2020-01-09 09:35:36.392653,307.13,307.22,0,0.07999999999998408,0.057811406045459535,1,1,0.2,0.00677
288,2020-01-09 09:35:37,N,AAPL,307.13,2.0,307.22,3.0,0.0,1.0,2020-01-09 09:35:37.043153,307.12,307.16,0,0.09000000000003183,0.05788647544079595,1,1,-0.2,0.00677
289,2020-01-09 09:35:42,N,AAPL,307.12,1.0,307.16,2.0,0.0,0.0,2020-01-09 09:35:42.352950,307.11,307.19,0,0.040000000000020464,0.0575628419971963,1,-1,-0.3333333333333333,0.00677
290,2020-01-09 09:35:43,N,AAPL,307.11,5.0,307.19,4.0,3.0,2.0,2020-01-09 09:35:43.738195,307.02,307.06,-1,0.07999999999998408,0.05960926301958125,1,1,0.1111111111111111,0.00677
291,2020-01-09 09:35:45,N,AAPL,307.02,4.0,307.06,2.0,2.0,-1.0,2020-01-09 09:35:45.050685,307.11,307.18,1,0.040000000000020464,0.06212468501411195,1,-1,0.3333333333333333,0.00677
292,2020-01-09 09:35:46,N,AAPL,307.11,3.0,307.18,2.0,1.0,0.0,2020-01-09 09:35:46.074509,307.19,307.22,1,0.06999999999999318,0.06350956862593193,1,1,0.2,0.00677
293,2020-01-09 09:35:47,N,AAPL,307.19,2.0,307.22,2.0,0.0,0.0,2020-01-09 09:35:47.284425,307.23,307.28,1,0.03000000000002956,0.06391185926821663,1,-1,0.0,0.00677
294,2020-01-09 09:35:48,N,AAPL,307.23,2.0,307.28,1.0,0.0,-1.0,2020-01-09 09:35:48.230641,307.25,307.3,0,0.049999999999954525,0.0647747922232611,1,1,0.3333333333333333,0.00677
295,2020-01-09 09:35:49,N,AAPL,307.25,4.0,307.3,1.0,2.0,-3.0,2020-01-09 09:35:49.813620,307.24,307.29,0,0.05000000000001137,0.06685539280960029,1,1,0.6,0.00677
296,2020-01-09 09:35:50,N,AAPL,307.24,1.0,307.29,2.0,-3.0,1.0,2020-01-09 09:35:50.290102,307.23,307.26,0,0.05000000000001137,0.06659120747582392,1,1,-0.3333333333333333,0.00677
297,2020-01-09 09:35:51,N,AAPL,307.23,2.0,307.26,1.0,1.0,-1.0,2020-01-09 09:35:51.501733,307.17,307.24,0,0.029999999999972715,0.06741510373211668,1,-1,0.3333333333333333,0.00677
298,2020-01-09 09:35:52,N,AAPL,307.17,3.0,307.24,1.0,2.0,0.0,2020-01-09 09:35:52.526248,307.25,307.3,1,0.06999999999999318,0.06909769685836409,1,1,0.5,0.00677
299,2020-01-09 09:35:54,N,AAPL,307.25,1.0,307.3,1.0,-2.0,-1.0,2020-01-09 09:35:54.017720,307.19,307.24,-1,0.05000000000001137,0.06927406010106552,1,-1,0.0,0.00677
300,2020-01-09 09:35:56,N,AAPL,307.19,1.0,307.24,1.0,-1.0,-1.0,2020-01-09 09:35:56.047774,307.1,307.15,-1,0.05000000000001137,0.06947439645296072,1,1,0.0,0.00677
301,2020-01-09 09:35:57,N,AAPL,307.1,3.0,307.15,1.0,2.0,0.0,2020-01-09 09:35:57.212362,307.12,307.21,0,0.049999999999954525,0.07032704387563626,1,-1,0.5,0.00677
302,2020-01-09 09:35:58,N,AAPL,307.12,4.0,307.21,1.0,1.0,0.0,2020-01-09 09:35:58.052850,307.15,307.19,0,0.08999999999997499,0.07562916569111167,1,1,0.6,0.00677
303,2020-01-09 09:35:59,N,AAPL,307.15,1.0,307.19,1.0,-1.0,0.0,2020-01-09 09:35:59.063634,307.18,307.24,0,0.040000000000020464,0.07478803303376935,1,-1,0.0,0.00677
304,2020-01-09 09:36:00,N,AAPL,307.18,1.0,307.24,2.0,-1.0,0.0,2020-01-09 09:36:00.338413,307.06,307.11,-1,0.060000000000002274,0.07654073199535105,1,1,-0.3333333333333333,0.00677
305,2020-01-09 09:36:01,N,AAPL,307.06,2.0,307.11,2.0,0.0,1.0,2020-01-09 09:36:01.591867,307.08,307.11,0,0.05000000000001137,0.10407814822082173,1,-1,0.0,0.00677
306,2020-01-09 09:36:02,N,AAPL,307.08,2.0,307.11,2.0,0.0,1.0,2020-01-09 09:36:02.216303,307.05,307.08,0,0.03000000000002956,0.10434241585687687,1,-1,0.0,0.00677
307,2020-01-09 09:36:03,N,AAPL,307.05,3.0,307.08,1.0,2.0,0.0,2020-01-09 09:36:03.079045,307.12,307.24,1,0.029999999999972715,0.10544851628702645,1,-1,0.5,0.00677
308,2020-01-09 09:36:04,N,AAPL,307.12,4.0,307.24,2.0,0.0,1.0,2020-01-09 09:36:04.020647,307.12,307.17,0,0.12000000000000455,0.10898485693883231,1,1,0.3333333333333333,0.00677
309,2020-01-09 09:36:05,N,AAPL,307.12,2.0,307.17,1.0,1.0,-3.0,2020-01-09 09:36:05.459774,307.19,307.24,1,0.05000000000001137,0.11041406822221234,1,-1,0.3333333333333333,0.00677
310,2020-01-09 09:36:06,N,AAPL,307.19,4.0,307.24,1.0,2.0,0.0,2020-01-09 09:36:06.186903,307.14,307.23,0,0.05000000000001137,0.11106410337475836,1,1,0.6,0.00677
311,2020-01-09 09:36:07,N,AAPL,307.14,2.0,307.23,1.0,-2.0,0.0,2020-01-09 09:36:07.056248,307.16,307.24,0,0.09000000000003183,0.11092333333323268,1,1,0.3333333333333333,0.00677
312,2020-01-09 09:36:08,N,AAPL,307.16,5.0,307.24,1.0,1.0,0.0,2020-01-09 09:36:08.000119,307.21,307.24,0,0.07999999999998408,0.11342037110335923,1,-1,0.6666666666666666,0.00677
313,2020-01-09 09:36:09,N,AAPL,307.21,10.0,307.24,1.0,6.0,0.0,2020-01-09 09:36:09.149351,307.16,307.24,0,0.03000000000002956,0.11936591855004508,1,-1,0.8181818181818182,0.00677
314,2020-01-09 09:36:10,N,AAPL,307.16,4.0,307.24,2.0,-1.0,0.0,2020-01-09 09:36:10.307143,307.16,307.26,0,0.07999999999998408,0.12185522491438405,1,1,0.3333333333333333,0.00677
315,2020-01-09 09:36:11,N,AAPL,307.16,4.0,307.26,2.0,-1.0,0.0,2020-01-09 09:36:11.012649,307.17,307.25,0,0.0999999999999659,0.1230529998395582,1,1,0.3333333333333333,0.00731
316,2020-01-09 09:36:12,N,AAPL,307.17,4.0,307.25,2.0,3.0,0.0,2020-01-09 09:36:12.431107,307.08,307.15,-1,0.07999999999998408,0.12454273376130232,1,-1,0.3333333333333333,0.00731
317,2020-01-09 09:36:13,N,AAPL,307.08,11.0,307.15,1.0,9.0,-1.0,2020-01-09 09:36:13.125741,307.05,307.1,0,0.06999999999999318,0.13229135774787437,1,-1,0.8333333333333334,0.00731
318,2020-01-09 09:36:14,N,AAPL,307.05,2.0,307.1,1.0,0.0,0.0,2020-01-09 09:36:14.534723,307.08,307.17,0,0.05000000000001137,0.1354238297198549,1,-1,0.3333333333333333,0.00731
319,2020-01-09 09:36:15,N,AAPL,307.08,4.0,307.17,1.0,2.0,-1.0,2020-01-09 09:36:15.024965,307.1,307.16,0,0.09000000000003183,0.1392007582558108,1,1,0.6,0.00731
320,2020-01-09 09:36:16,N,AAPL,307.1,4.0,307.16,1.0,3.0,-1.0,2020-01-09 09:36:16.102418,307.1,307.15,0,0.060000000000002274,0.14179619658318643,1,-1,0.6,0.00731
321,2020-01-09 09:36:17,N,AAPL,307.1,4.0,307.15,4.0,2.0,3.0,2020-01-09 09:36:17.340188,307.09,307.11,0,0.049999999999954525,0.14551712517129545,1,-1,0.0,0.00731
322,2020-01-09 09:36:18,N,AAPL,307.09,1.0,307.11,2.0,-1.0,-3.0,2020-01-09 09:36:18.552917,307.05,307.12,0,0.020000000000038654,0.14571823340719448,1,-1,-0.3333333333333333,0.00731
323,2020-01-09 09:36:19,N,AAPL,307.05,2.0,307.12,2.0,-2.0,0.0,2020-01-09 09:36:19.533961,307.08,307.13,0,0.06999999999999318,0.14634841555374578,1,1,0.0,0.00731
324,2020-01-09 09:36:20,N,AAPL,307.08,1.0,307.13,2.0,-1.0,1.0,2020-01-09 09:36:20.207768,307.06,307.15,0,0.05000000000001137,0.14532014231724588,1,-1,-0.3333333333333333,0.00731
325,2020-01-09 09:36:21,N,AAPL,307.06,4.0,307.15,2.0,2.0,1.0,2020-01-09 09:36:21.228349,307.11,307.14,0,0.08999999999997499,0.14795898202550006,1,1,0.3333333333333333,0.00731
326,2020-01-09 09:36:22,N,AAPL,307.11,1.0,307.14,1.0,-1.0,-1.0,2020-01-09 09:36:22.679124,307.07,307.14,0,0.029999999999972715,0.1481815135580291,1,-1,0.0,0.00731
327,2020-01-09 09:36:23,N,AAPL,307.07,3.0,307.14,1.0,-1.0,0.0,2020-01-09 09:36:23.024340,307.16,307.23,1,0.06999999999999318,0.15078398093100986,1,1,0.5,0.00731
328,2020-01-09 09:36:24,N,AAPL,307.16,2.0,307.23,1.0,0.0,0.0,2020-01-09 09:36:24.255520,307.14,307.22,0,0.06999999999999318,0.15184212795924168,1,1,0.3333333333333333,0.00731
329,2020-01-09 09:36:25,N,AAPL,307.14,3.0,307.22,2.0,-1.0,0.0,2020-01-09 09:36:25.031201,307.14,307.2,0,0.08000000000004093,0.15298835345157613,1,1,0.2,0.00731
330,2020-01-09 09:36:26,N,AAPL,307.14,2.0,307.2,2.0,1.0,1.0,2020-01-09 09:36:26.113218,307.14,307.21,0,0.060000000000002274,0.15397816020453092,1,-1,0.0,0.00731
331,2020-01-09 09:36:27,N,AAPL,307.14,4.0,307.21,2.0,1.0,0.0,2020-01-09 09:36:27.227531,307.19,307.23,0,0.06999999999999318,0.15591909918953206,1,1,0.3333333333333333,0.00731
332,2020-01-09 09:36:28,N,AAPL,307.19,2.0,307.23,4.0,0.0,3.0,2020-01-09 09:36:28.080904,307.19,307.24,0,0.040000000000020464,0.1548136061306309,1,-1,-0.3333333333333333,0.00731
333,2020-01-09 09:36:29,N,AAPL,307.19,1.0,307.24,2.0,0.0,0.0,2020-01-09 09:36:29.367578,307.18,307.23,0,0.05000000000001137,0.15452678716769697,1,1,-0.3333333333333333,0.00731
334,2020-01-09 09:36:30,N,AAPL,307.18,2.0,307.23,2.0,1.0,0.0,2020-01-09 09:36:30.430378,307.19,307.24,0,0.05000000000001137,0.1337316595584639,1,1,0.0,0.00731
335,2020-01-09 09:36:31,N,AAPL,307.19,2.0,307.24,4.0,0.0,2.0,2020-01-09 09:36:31.452578,307.17,307.24,0,0.05000000000001137,0.13263033720619433,1,1,-0.3333333333333333,0.00731
336,2020-01-09 09:36:32,N,AAPL,307.17,2.0,307.24,2.0,1.0,-2.0,2020-01-09 09:36:32.696414,307.17,307.24,0,0.06999999999999318,0.1328447999396758,1,1,0.0,0.00731
337,2020-01-09 09:36:33,N,AAPL,307.17,2.0,307.24,2.0,0.0,0.0,2020-01-09 09:36:33.021428,307.16,307.23,0,0.06999999999999318,0.13275273224047623,1,1,0.0,0.00731
338,2020-01-09 09:36:34,N,AAPL,307.16,2.0,307.23,2.0,1.0,1.0,2020-01-09 09:36:34.123815,307.1,307.13,-1,0.06999999999999318,0.13252571037895677,1,1,0.0,0.00731
339,2020-01-09 09:36:36,N,AAPL,307.1,2.0,307.13,2.0,1.0,-23.0,2020-01-09 09:36:36.102929,307.02,307.04,-1,0.029999999999972715,0.13264421999178921,1,-1,0.0,0.00731
340,2020-01-09 09:36:37,N,AAPL,307.02,4.0,307.04,2.0,3.0,-23.0,2020-01-09 09:36:37.416616,307.01,307.06,0,0.020000000000038654,0.1346326716625299,1,-1,0.3333333333333333,0.00731
341,2020-01-09 09:36:38,N,AAPL,307.01,1.0,307.06,3.0,-3.0,1.0,2020-01-09 09:36:38.006267,306.92,307.0,-1,0.05000000000001137,0.13052273083144428,1,1,-0.5,0.00731
342,2020-01-09 09:36:39,N,AAPL,306.92,2.0,307.0,3.0,0.0,2.0,2020-01-09 09:36:39.240694,306.91,306.95,0,0.07999999999998408,0.12800377944796537,1,1,-0.2,0.00731
343,2020-01-09 09:36:40,N,AAPL,306.91,2.0,306.95,2.0,0.0,0.0,2020-01-09 09:36:40.032968,306.93,306.96,0,0.03999999999996362,0.12880391921373757,1,-1,0.0,0.00731
344,2020-01-09 09:36:41,N,AAPL,306.93,3.0,306.96,2.0,-4.0,0.0,2020-01-09 09:36:41.881032,306.95,307.0,0,0.029999999999972715,0.1298535588489358,1,-1,0.2,0.00731
345,2020-01-09 09:36:42,N,AAPL,306.95,2.0,307.0,2.0,0.0,-6.0,2020-01-09 09:36:42.063604,306.93,306.97,0,0.05000000000001137,0.13010085066792954,1,1,0.0,0.00731
346,2020-01-09 09:36:43,N,AAPL,306.93,1.0,306.97,2.0,-3.0,0.0,2020-01-09 09:36:43.570353,306.87,306.9,-1,0.040000000000020464,0.1293525604764909,1,-1,-0.3333333333333333,0.00731
347,2020-01-09 09:36:44,N,AAPL,306.87,2.0,306.9,4.0,1.0,2.0,2020-01-09 09:36:44.541826,306.87,306.93,0,0.029999999999972715,0.12745406837217388,1,-1,-0.3333333333333333,0.00731
348,2020-01-09 09:36:45,N,AAPL,306.87,3.0,306.93,2.0,2.0,1.0,2020-01-09 09:36:45.096880,306.87,306.91,0,0.060000000000002274,0.12863591304500233,1,1,0.2,0.00731
349,2020-01-09 09:36:46,N,AAPL,306.87,2.0,306.91,3.0,0.0,0.0,2020-01-09 09:36:46.094283,306.9,306.92,0,0.040000000000020464,0.12819808338610983,1,-1,-0.2,0.00731
350,2020-01-09 09:36:47,N,AAPL,306.9,2.0,306.92,8.0,0.0,6.0,2020-01-09 09:36:47.099817,306.92,306.95,0,0.020000000000038654,0.12222724003936491,1,-1,-0.6,0.00731
351,2020-01-09 09:36:48,N,AAPL,306.92,2.0,306.95,2.0,0.0,-6.0,2020-01-09 09:36:48.448477,306.95,306.98,0,0.029999999999972715,0.1225065150986211,1,1,0.0,0.00731
352,2020-01-09 09:36:49,N,AAPL,306.95,1.0,306.98,2.0,0.0,1.0,2020-01-09 09:36:49.594187,307.03,307.07,1,0.03000000000002956,0.12007310418260886,1,1,-0.3333333333333333,0.00731
353,2020-01-09 09:36:50,N,AAPL,307.03,2.0,307.07,2.0,1.0,1.0,2020-01-09 09:36:50.050882,307.0,307.07,0,0.040000000000020464,0.11870683551092043,1,1,0.0,0.00731
354,2020-01-09 09:36:51,N,AAPL,307.0,2.0,307.07,4.0,0.0,-21.0,2020-01-09 09:36:51.052730,307.09,307.14,1,0.06999999999999318,0.10044988613498163,1,1,-0.3333333333333333,0.00731
355,2020-01-09 09:36:53,N,AAPL,307.09,1.0,307.14,2.0,0.0,1.0,2020-01-09 09:36:53.022536,307.09,307.14,0,0.05000000000001137,0.10035731475983312,1,-1,-0.3333333333333333,0.00731
356,2020-01-09 09:36:54,N,AAPL,307.09,2.0,307.14,2.0,0.0,0.0,2020-01-09 09:36:54.927450,307.02,307.07,-1,0.05000000000001137,0.09815630766388495,1,1,0.0,0.00731
357,2020-01-09 09:36:55,N,AAPL,307.02,9.0,307.07,5.0,7.0,3.0,2020-01-09 09:36:55.248219,306.93,307.02,0,0.05000000000001137,0.10118955726159129,1,1,0.2857142857142857,0.00731
358,2020-01-09 09:36:56,N,AAPL,306.93,3.0,307.02,2.0,1.0,0.0,2020-01-09 09:36:56.056344,307.01,307.11,0,0.08999999999997499,0.1006274645197891,1,1,0.2,0.00731
359,2020-01-09 09:36:57,N,AAPL,307.01,3.0,307.11,2.0,1.0,0.0,2020-01-09 09:36:57.194075,307.04,307.13,0,0.10000000000002274,0.10208566534407737,1,1,0.2,0.00731
360,2020-01-09 09:36:58,N,AAPL,307.04,4.0,307.13,4.0,2.0,2.0,2020-01-09 09:36:58.680890,307.11,307.15,0,0.08999999999997499,0.10117362503262939,1,-1,0.0,0.00731
361,2020-01-09 09:36:59,N,AAPL,307.11,4.0,307.15,2.0,0.0,-2.0,2020-01-09 09:36:59.061151,307.05,307.13,0,0.03999999999996362,0.1013233663821893,1,-1,0.3333333333333333,0.00731
362,2020-01-09 09:37:00,N,AAPL,307.05,4.0,307.13,1.0,2.0,0.0,2020-01-09 09:37:00.063825,307.06,307.13,0,0.07999999999998408,0.10292679704474494,1,1,0.6,0.00745
363,2020-01-09 09:37:01,N,AAPL,307.06,2.0,307.13,5.0,-2.0,4.0,2020-01-09 09:37:01.314897,307.05,307.11,0,0.06999999999999318,0.10046741222356559,1,-1,-0.42857142857142855,0.00745
364,2020-01-09 09:37:02,N,AAPL,307.05,2.0,307.11,1.0,1.0,0.0,2020-01-09 09:37:02.177128,307.03,307.08,0,0.060000000000002274,0.10091740938793237,1,-1,0.3333333333333333,0.00745
365,2020-01-09 09:37:03,N,AAPL,307.03,4.0,307.08,1.0,3.0,0.0,2020-01-09 09:37:03.030636,307.06,307.11,0,0.05000000000001137,0.10305944153577684,1,-1,0.6,0.00745
366,2020-01-09 09:37:04,N,AAPL,307.06,2.0,307.11,2.0,0.0,1.0,2020-01-09 09:37:04.022996,307.09,307.15,0,0.05000000000001137,0.10262785744657776,1,1,0.0,0.00745
367,2020-01-09 09:37:05,N,AAPL,307.09,3.0,307.15,3.0,-3.0,2.0,2020-01-09 09:37:05.063457,307.14,307.15,0,0.060000000000002274,0.1026728897232374,1,1,0.0,0.00745
368,2020-01-09 09:37:06,N,AAPL,307.14,1.0,307.15,3.0,-1.0,1.0,2020-01-09 09:37:06.230709,307.18,307.2,1,0.009999999999990905,0.09981577899810645,1,-1,-0.5,0.00745
369,2020-01-09 09:37:07,N,AAPL,307.18,4.0,307.2,2.0,1.0,1.0,2020-01-09 09:37:07.193492,307.19,307.25,0,0.01999999999998181,0.10071196188715703,1,1,0.3333333333333333,0.00745
370,2020-01-09 09:37:08,N,AAPL,307.19,2.0,307.25,3.0,1.0,0.0,2020-01-09 09:37:08.120477,307.21,307.28,0,0.060000000000002274,0.1007637271858357,1,1,-0.2,0.00745
371,2020-01-09 09:37:09,N,AAPL,307.21,2.0,307.28,1.0,0.0,-1.0,2020-01-09 09:37:09.448529,307.19,307.27,0,0.06999999999999318,0.10100431789038566,1,1,0.3333333333333333,0.00745
372,2020-01-09 09:37:10,N,AAPL,307.19,1.0,307.27,4.0,-1.0,0.0,2020-01-09 09:37:10.003622,307.2,307.25,0,0.07999999999998408,0.09911726270149757,1,1,-0.6,0.00745
373,2020-01-09 09:37:11,N,AAPL,307.2,1.0,307.25,8.0,0.0,7.0,2020-01-09 09:37:11.237523,307.19,307.25,0,0.05000000000001137,0.0942384450079885,1,-1,-0.7777777777777778,0.00745
374,2020-01-09 09:37:12,N,AAPL,307.19,1.0,307.25,4.0,0.0,-5.0,2020-01-09 09:37:12.238627,307.19,307.23,0,0.060000000000002274,0.0923597073132214,1,1,-0.6,0.00745
375,2020-01-09 09:37:13,N,AAPL,307.19,4.0,307.23,2.0,3.0,0.0,2020-01-09 09:37:13.633915,307.24,307.28,1,0.040000000000020464,0.09270526273303403,1,-1,0.3333333333333333,0.00745
376,2020-01-09 09:37:14,N,AAPL,307.24,5.0,307.28,4.0,4.0,0.0,2020-01-09 09:37:14.210465,307.31,307.38,1,0.03999999999996362,0.09242527265422495,1,-1,0.1111111111111111,0.00745
377,2020-01-09 09:37:15,N,AAPL,307.31,2.0,307.38,2.0,1.0,0.0,2020-01-09 09:37:15.580668,307.33,307.38,0,0.06999999999999318,0.09471518401250023,1,1,0.0,0.00745
378,2020-01-09 09:37:16,N,AAPL,307.33,2.0,307.38,2.0,1.0,0.0,2020-01-09 09:37:16.004162,307.31,307.38,0,0.05000000000001137,0.0943505828328739,1,-1,0.0,0.00745
379,2020-01-09 09:37:17,N,AAPL,307.31,1.0,307.38,2.0,0.0,0.0,2020-01-09 09:37:17.166476,307.33,307.38,0,0.06999999999999318,0.09451016504914378,1,1,-0.3333333333333333,0.00745
380,2020-01-09 09:37:18,N,AAPL,307.33,6.0,307.38,2.0,5.0,-2.0,2020-01-09 09:37:18.479000,307.29,307.35,0,0.05000000000001137,0.09505657191095906,1,-1,0.5,0.00745
381,2020-01-09 09:37:19,N,AAPL,307.29,16.0,307.35,2.0,0.0,1.0,2020-01-09 09:37:19.089342,307.37,307.42,1,0.060000000000002274,0.0987833689728177,1,1,0.7777777777777778,0.00745
382,2020-01-09 09:37:20,N,AAPL,307.37,1.0,307.42,1.0,0.0,0.0,2020-01-09 09:37:20.274145,307.44,307.49,1,0.05000000000001137,0.09820884208198777,1,-1,0.0,0.00745
383,2020-01-09 09:37:21,N,AAPL,307.44,2.0,307.49,2.0,0.0,0.0,2020-01-09 09:37:21.443957,307.49,307.54,0,0.05000000000001137,0.09764720388494652,1,1,0.0,0.00745
384,2020-01-09 09:37:22,N,AAPL,307.49,5.0,307.54,2.0,3.0,1.0,2020-01-09 09:37:22.118301,307.49,307.52,0,0.05000000000001137,0.09717386157774399,1,1,0.42857142857142855,0.00745
385,2020-01-09 09:37:23,N,AAPL,307.49,1.0,307.52,2.0,-1.0,1.0,2020-01-09 09:37:23.107319,307.55,307.58,1,0.029999999999972715,0.09710467866693762,1,-1,-0.3333333333333333,0.00745
386,2020-01-09 09:37:25,N,AAPL,307.55,1.0,307.58,2.0,0.0,-3.0,2020-01-09 09:37:25.421131,307.57,307.66,0,0.029999999999972715,0.0966528730420464,1,1,-0.3333333333333333,0.00745
387,2020-01-09 09:37:26,N,AAPL,307.57,1.0,307.66,1.0,-2.0,0.0,2020-01-09 09:37:26.215112,307.58,307.63,0,0.09000000000003183,0.09547625945930349,1,1,0.0,0.00745
388,2020-01-09 09:37:27,N,AAPL,307.58,1.0,307.63,2.0,0.0,1.0,2020-01-09 09:37:27.619337,307.55,307.62,0,0.05000000000001137,0.0963796781074393,1,-1,-0.3333333333333333,0.00745
389,2020-01-09 09:37:28,N,AAPL,307.55,4.0,307.62,2.0,3.0,-3.0,2020-01-09 09:37:28.481640,307.57,307.65,0,0.06999999999999318,0.09513869531991759,1,1,0.3333333333333333,0.00745
390,2020-01-09 09:37:29,N,AAPL,307.57,2.0,307.65,2.0,1.0,1.0,2020-01-09 09:37:29.177166,307.68,307.75,1,0.07999999999998408,0.09275315571943565,1,1,0.0,0.00745
391,2020-01-09 09:37:30,N,AAPL,307.68,2.0,307.75,2.0,1.0,1.0,2020-01-09 09:37:30.555529,307.65,307.7,0,0.06999999999999318,0.09275818488521281,1,-1,0.0,0.00745
392,2020-01-09 09:37:31,N,AAPL,307.65,1.0,307.7,7.0,0.0,0.0,2020-01-09 09:37:31.005059,307.64,307.68,0,0.05000000000001137,0.09331971266914252,1,-1,-0.75,0.00745
393,2020-01-09 09:37:32,N,AAPL,307.64,1.0,307.68,2.0,-1.0,1.0,2020-01-09 09:37:32.072666,307.55,307.6,-1,0.040000000000020464,0.0938142672629283,1,-1,-0.3333333333333333,0.00745
394,2020-01-09 09:37:33,N,AAPL,307.55,2.0,307.6,2.0,1.0,0.0,2020-01-09 09:37:33.185202,307.51,307.56,0,0.05000000000001137,0.0939595664339663,1,1,0.0,0.00745
395,2020-01-09 09:37:34,N,AAPL,307.51,2.0,307.56,1.0,1.0,0.0,2020-01-09 09:37:34.070873,307.53,307.58,0,0.05000000000001137,0.09420377671210645,1,1,0.3333333333333333,0.00745
396,2020-01-09 09:37:35,N,AAPL,307.53,2.0,307.58,1.0,1.0,-1.0,2020-01-09 09:37:35.897975,307.51,307.57,0,0.05000000000001137,0.09035663287465923,1,1,0.3333333333333333,0.00745
397,2020-01-09 09:37:36,N,AAPL,307.51,1.0,307.57,2.0,-1.0,1.0,2020-01-09 09:37:36.251529,307.51,307.57,0,0.060000000000002274,0.09244195221015161,1,1,-0.3333333333333333,0.00745
398,2020-01-09 09:37:37,N,AAPL,307.51,7.0,307.57,2.0,6.0,-1.0,2020-01-09 09:37:37.057223,307.51,307.58,0,0.060000000000002274,0.09230144167759136,1,1,0.5555555555555556,0.00745
399,2020-01-09 09:37:38,N,AAPL,307.51,2.0,307.58,2.0,0.0,0.0,2020-01-09 09:37:38.059374,307.55,307.6,0,0.06999999999999318,0.09226624743911316,1,1,0.0,0.00745
400,2020-01-09 09:37:39,N,AAPL,307.55,1.0,307.6,2.0,-3.0,0.0,2020-01-09 09:37:39.210555,307.57,307.64,0,0.05000000000001137,0.0926765289548257,1,-1,-0.3333333333333333,0.00745
401,2020-01-09 09:37:40,N,AAPL,307.57,2.0,307.64,1.0,1.0,0.0,2020-01-09 09:37:40.014098,307.5,307.55,-1,0.06999999999999318,0.0929070690032745,1,1,0.3333333333333333,0.00745
402,2020-01-09 09:37:41,N,AAPL,307.5,2.0,307.55,2.0,0.0,1.0,2020-01-09 09:37:41.427892,307.51,307.6,0,0.05000000000001137,0.09260731061937122,1,-1,0.0,0.00745
403,2020-01-09 09:37:42,N,AAPL,307.51,4.0,307.6,2.0,1.0,0.0,2020-01-09 09:37:42.165086,307.5,307.54,0,0.09000000000003183,0.0928659246017105,1,1,0.3333333333333333,0.00745
404,2020-01-09 09:37:43,N,AAPL,307.5,2.0,307.54,1.0,1.0,-1.0,2020-01-09 09:37:43.005120,307.51,307.54,0,0.040000000000020464,0.09261700410610274,1,-1,0.3333333333333333,0.00745
405,2020-01-09 09:37:44,N,AAPL,307.51,4.0,307.54,1.0,2.0,0.0,2020-01-09 09:37:44.395345,307.51,307.54,0,0.03000000000002956,0.09297973213227806,1,-1,0.6,0.00745
406,2020-01-09 09:37:45,N,AAPL,307.51,1.0,307.54,1.0,0.0,0.0,2020-01-09 09:37:45.117325,307.66,307.72,1,0.03000000000002956,0.0742037355016123,1,1,0.0,0.00745
407,2020-01-09 09:37:46,N,AAPL,307.66,2.0,307.72,1.0,0.0,-1.0,2020-01-09 09:37:46.030205,307.9,307.92,1,0.060000000000002274,0.06368320062716748,0,1,0.3333333333333333,0.00745
408,2020-01-09 09:37:47,N,AAPL,307.9,4.0,307.92,5.0,-3.0,1.0,2020-01-09 09:37:47.641757,307.9,307.91,0,0.020000000000038654,0.06273863877589747,0,-1,-0.1111111111111111,0.00745
409,2020-01-09 09:37:48,N,AAPL,307.9,4.0,307.91,1.0,0.0,-1.0,2020-01-09 09:37:48.937766,307.9,307.91,0,0.010000000000047748,0.061080835183929594,0,-1,0.6,0.00745
410,2020-01-09 09:37:49,N,AAPL,307.9,6.0,307.91,4.0,-23.0,3.0,2020-01-09 09:37:49.291907,307.9,307.91,0,0.010000000000047748,0.05966745684054331,0,1,0.2,0.00785
411,2020-01-09 09:37:50,N,AAPL,307.9,4.0,307.91,4.0,-2.0,3.0,2020-01-09 09:37:50.221913,307.93,307.97,1,0.010000000000047748,0.059681753272002425,0,1,0.0,0.00785
412,2020-01-09 09:37:52,N,AAPL,307.93,2.0,307.97,2.0,-25.0,1.0,2020-01-09 09:37:52.320630,307.91,307.97,0,0.040000000000020464,0.060624504361726395,0,1,0.0,0.00785
413,2020-01-09 09:37:53,N,AAPL,307.91,4.0,307.97,3.0,-23.0,2.0,2020-01-09 09:37:53.087973,307.81,307.89,-1,0.060000000000002274,0.06099463559650076,0,1,0.14285714285714285,0.00785
414,2020-01-09 09:37:54,N,AAPL,307.81,1.0,307.89,2.0,-4.0,0.0,2020-01-09 09:37:54.111575,307.77,307.83,0,0.07999999999998408,0.061301396102408034,0,1,-0.3333333333333333,0.00785
415,2020-01-09 09:37:55,N,AAPL,307.77,1.0,307.83,1.0,0.0,-1.0,2020-01-09 09:37:55.126848,307.77,307.83,0,0.060000000000002274,0.061316167151119316,0,-1,0.0,0.00785
416,2020-01-09 09:37:56,N,AAPL,307.77,1.0,307.83,2.0,0.0,1.0,2020-01-09 09:37:56.037257,307.77,307.82,0,0.060000000000002274,0.06299960261060278,0,1,-0.3333333333333333,0.00785
417,2020-01-09 09:37:57,N,AAPL,307.77,1.0,307.82,4.0,0.0,2.0,2020-01-09 09:37:57.312884,307.81,307.83,0,0.05000000000001137,0.06356644315764015,0,-1,-0.6,0.00785
418,2020-01-09 09:37:58,N,AAPL,307.81,30.0,307.83,1.0,27.0,-1.0,2020-01-09 09:37:58.282794,307.89,307.92,1,0.01999999999998181,0.05155893648458232,1,-1,0.9354838709677419,0.00785
419,2020-01-09 09:37:59,N,AAPL,307.89,2.0,307.92,2.0,0.0,0.0,2020-01-09 09:37:59.076278,307.96,307.99,1,0.03000000000002956,0.049957121661805104,1,1,0.0,0.00785
420,2020-01-09 09:38:00,N,AAPL,307.96,1.0,307.99,2.0,-1.0,0.0,2020-01-09 09:38:00.060504,308.01,308.06,1,0.03000000000002956,0.05092170336831714,1,1,-0.3333333333333333,0.00785
421,2020-01-09 09:38:01,N,AAPL,308.01,2.0,308.06,2.0,-26.0,0.0,2020-01-09 09:38:01.663144,308.03,308.06,0,0.05000000000001137,0.049601268699063894,1,1,0.0,0.00785
422,2020-01-09 09:38:02,N,AAPL,308.03,1.0,308.06,2.0,-1.0,1.0,2020-01-09 09:38:02.055110,307.96,308.0,-1,0.03000000000002956,0.05032659774451531,1,-1,-0.3333333333333333,0.00785
423,2020-01-09 09:38:03,N,AAPL,307.96,5.0,308.0,2.0,4.0,0.0,2020-01-09 09:38:03.295895,307.9,307.95,-1,0.040000000000020464,0.04875904592165625,1,1,0.42857142857142855,0.00785
424,2020-01-09 09:38:04,N,AAPL,307.9,1.0,307.95,2.0,-1.0,0.0,2020-01-09 09:38:04.023091,307.93,307.97,0,0.05000000000001137,0.04983464660278969,1,1,-0.3333333333333333,0.00785
425,2020-01-09 09:38:05,N,AAPL,307.93,1.0,307.97,2.0,0.0,1.0,2020-01-09 09:38:05.443479,307.97,308.0,0,0.040000000000020464,0.04978778381621396,1,-1,-0.3333333333333333,0.00785
426,2020-01-09 09:38:06,N,AAPL,307.97,2.0,308.0,2.0,0.0,-1.0,2020-01-09 09:38:06.504657,308.02,308.04,1,0.029999999999972715,0.04925490428240664,1,-1,0.0,0.00785
427,2020-01-09 09:38:07,N,AAPL,308.02,4.0,308.04,2.0,2.0,1.0,2020-01-09 09:38:07.072558,308.06,308.09,1,0.020000000000038654,0.04846866904898661,1,-1,0.3333333333333333,0.00785
428,2020-01-09 09:38:09,N,AAPL,308.06,1.0,308.09,4.0,-17.0,0.0,2020-01-09 09:38:09.425557,308.18,308.21,1,0.029999999999972715,0.05115936809761479,1,1,-0.6,0.00785
429,2020-01-09 09:38:12,N,AAPL,308.18,6.0,308.21,2.0,5.0,1.0,2020-01-09 09:38:12.608381,308.16,308.2,0,0.029999999999972715,0.04743179204058379,1,1,0.5,0.00785
430,2020-01-09 09:38:13,N,AAPL,308.16,4.0,308.2,1.0,3.0,0.0,2020-01-09 09:38:13.246548,308.19,308.23,0,0.03999999999996362,0.0460851024722615,1,1,0.6,0.00785
431,2020-01-09 09:38:15,N,AAPL,308.19,4.0,308.23,2.0,2.0,1.0,2020-01-09 09:38:15.408281,308.24,308.27,1,0.040000000000020464,0.04469057423517597,1,1,0.3333333333333333,0.00785
432,2020-01-09 09:38:16,N,AAPL,308.24,2.0,308.27,6.0,1.0,5.0,2020-01-09 09:38:16.190937,308.25,308.3,0,0.029999999999972715,0.04328583846563561,1,-1,-0.5,0.00785
433,2020-01-09 09:38:17,N,AAPL,308.25,1.0,308.3,6.0,0.0,4.0,2020-01-09 09:38:17.114246,308.3,308.34,0,0.05000000000001137,0.04839952025582761,1,1,-0.7142857142857143,0.00785
434,2020-01-09 09:38:19,N,AAPL,308.3,1.0,308.34,7.0,0.0,6.0,2020-01-09 09:38:19.098551,308.26,308.3,0,0.03999999999996362,0.05454007657431248,1,-1,-0.75,0.00785
435,2020-01-09 09:38:20,N,AAPL,308.26,2.0,308.3,1.0,-1.0,-1.0,2020-01-09 09:38:20.251767,308.3,308.34,0,0.040000000000020464,0.05226656037319799,1,1,0.3333333333333333,0.00785
436,2020-01-09 09:38:21,N,AAPL,308.3,1.0,308.34,7.0,-2.0,5.0,2020-01-09 09:38:21.022246,308.27,308.31,0,0.03999999999996362,0.05721139501901007,0,-1,-0.75,0.00785
437,2020-01-09 09:38:22,N,AAPL,308.27,2.0,308.31,2.0,0.0,-2.0,2020-01-09 09:38:22.009882,308.31,308.33,0,0.040000000000020464,0.05692043724917539,0,1,0.0,0.00785
438,2020-01-09 09:38:24,N,AAPL,308.31,2.0,308.33,3.0,1.0,-3.0,2020-01-09 09:38:24.033817,308.28,308.31,0,0.01999999999998181,0.059142726639777266,0,-1,-0.2,0.00785
439,2020-01-09 09:38:27,N,AAPL,308.28,1.0,308.31,4.0,-1.0,1.0,2020-01-09 09:38:27.089483,308.33,308.36,1,0.03000000000002956,0.062385751242459264,0,1,-0.6,0.00785
440,2020-01-09 09:38:30,N,AAPL,308.33,4.0,308.36,2.0,3.0,-2.0,2020-01-09 09:38:30.418137,308.35,308.38,0,0.03000000000002956,0.06045194614551974,0,1,0.3333333333333333,0.00785
441,2020-01-09 09:38:31,N,AAPL,308.35,4.0,308.38,2.0,3.0,1.0,2020-01-09 09:38:31.482518,308.35,308.39,0,0.029999999999972715,0.05817285433977304,0,-1,0.3333333333333333,0.00785
442,2020-01-09 09:38:32,N,AAPL,308.35,4.0,308.39,1.0,2.0,-1.0,2020-01-09 09:38:32.015612,308.33,308.38,0,0.03999999999996362,0.05562958388156858,1,1,0.6,0.00785
443,2020-01-09 09:38:33,N,AAPL,308.33,1.0,308.38,2.0,-1.0,1.0,2020-01-09 09:38:33.173567,308.28,308.33,0,0.05000000000001137,0.05684963806345422,0,1,-0.3333333333333333,0.00785
444,2020-01-09 09:38:34,N,AAPL,308.28,1.0,308.33,1.0,-1.0,0.0,2020-01-09 09:38:34.045872,308.25,308.29,0,0.05000000000001137,0.05724259059218184,0,1,0.0,0.00785
445,2020-01-09 09:38:35,N,AAPL,308.25,1.0,308.29,2.0,-2.0,0.0,2020-01-09 09:38:35.112839,308.24,308.28,0,0.040000000000020464,0.05818332635197976,0,-1,-0.3333333333333333,0.00785
446,2020-01-09 09:38:36,N,AAPL,308.24,11.0,308.28,4.0,5.0,3.0,2020-01-09 09:38:36.490576,308.27,308.29,0,0.03999999999996362,0.05288825478578474,1,-1,0.4666666666666667,0.00785
447,2020-01-09 09:38:38,N,AAPL,308.27,2.0,308.29,1.0,0.0,0.0,2020-01-09 09:38:38.248413,308.29,308.33,0,0.020000000000038654,0.05211344383991445,1,-1,0.3333333333333333,0.00785
448,2020-01-09 09:38:39,N,AAPL,308.29,1.0,308.33,3.0,-1.0,2.0,2020-01-09 09:38:39.285569,308.29,308.3,0,0.03999999999996362,0.054005234078601916,1,1,-0.5,0.00785
449,2020-01-09 09:38:41,N,AAPL,308.29,6.0,308.3,1.0,5.0,-2.0,2020-01-09 09:38:41.329430,308.29,308.32,0,0.009999999999990905,0.04954917143840021,1,-1,0.7142857142857143,0.00785
450,2020-01-09 09:38:43,N,AAPL,308.29,7.0,308.32,4.0,1.0,3.0,2020-01-09 09:38:43.583586,308.25,308.3,0,0.029999999999972715,0.047468085790455916,1,1,0.2727272727272727,0.00788
451,2020-01-09 09:38:44,N,AAPL,308.25,2.0,308.3,4.0,-5.0,3.0,2020-01-09 09:38:44.256669,308.19,308.21,-1,0.05000000000001137,0.04949031237708823,1,1,-0.3333333333333333,0.00788
452,2020-01-09 09:38:45,N,AAPL,308.19,2.0,308.21,1.0,0.0,-4.0,2020-01-09 09:38:45.189095,308.2,308.25,0,0.01999999999998181,0.049294901789892265,1,-1,0.3333333333333333,0.00788
453,2020-01-09 09:38:46,N,AAPL,308.2,2.0,308.25,1.0,0.0,0.0,2020-01-09 09:38:46.035951,308.21,308.26,0,0.05000000000001137,0.04811708843794804,1,1,0.3333333333333333,0.00788
454,2020-01-09 09:38:47,N,AAPL,308.21,6.0,308.26,30.0,4.0,29.0,2020-01-09 09:38:47.174072,308.21,308.24,0,0.05000000000001137,0.070649965086659,1,1,-0.6666666666666666,0.00788
455,2020-01-09 09:38:48,N,AAPL,308.21,5.0,308.24,1.0,-1.0,-29.0,2020-01-09 09:38:48.859290,308.17,308.19,-1,0.03000000000002956,0.06796249787873876,1,-1,0.6666666666666666,0.00788
456,2020-01-09 09:38:49,N,AAPL,308.17,1.0,308.19,3.0,-1.0,2.0,2020-01-09 09:38:49.119239,308.1,308.14,-1,0.01999999999998181,0.06921925677380614,1,-1,-0.5,0.00788
457,2020-01-09 09:38:50,N,AAPL,308.1,7.0,308.14,1.0,5.0,0.0,2020-01-09 09:38:50.611126,308.1,308.14,0,0.03999999999996362,0.0661442984831524,1,1,0.75,0.00788
458,2020-01-09 09:38:51,N,AAPL,308.1,5.0,308.14,1.0,-2.0,0.0,2020-01-09 09:38:51.059218,308.06,308.08,-1,0.03999999999996362,0.0637075411939918,1,1,0.6666666666666666,0.00788
459,2020-01-09 09:38:53,N,AAPL,308.06,1.0,308.08,1.0,-1.0,0.0,2020-01-09 09:38:53.959454,308.03,308.07,0,0.01999999999998181,0.06416987631541815,1,-1,0.0,0.00788
460,2020-01-09 09:38:54,N,AAPL,308.03,2.0,308.07,6.0,1.0,5.0,2020-01-09 09:38:54.419188,308.0,308.02,-1,0.040000000000020464,0.06665029264212308,1,1,-0.5,0.00788
461,2020-01-09 09:38:55,N,AAPL,308.0,1.0,308.02,1.0,-1.0,0.0,2020-01-09 09:38:55.404871,308.03,308.07,1,0.01999999999998181,0.06663595708431558,1,-1,0.0,0.00788
462,2020-01-09 09:38:56,N,AAPL,308.03,1.0,308.07,4.0,-1.0,3.0,2020-01-09 09:38:56.028172,308.0,308.05,0,0.040000000000020464,0.06845857379096287,1,1,-0.6,0.00788
463,2020-01-09 09:38:57,N,AAPL,308.0,1.0,308.05,3.0,0.0,1.0,2020-01-09 09:38:57.036399,308.04,308.08,0,0.05000000000001137,0.06979804736329243,1,1,-0.5,0.00788
464,2020-01-09 09:38:58,N,AAPL,308.04,1.0,308.08,3.0,-1.0,2.0,2020-01-09 09:38:58.338489,308.14,308.18,1,0.03999999999996362,0.07139134408947712,1,-1,-0.5,0.00788
465,2020-01-09 09:38:59,N,AAPL,308.14,2.0,308.18,2.0,0.0,1.0,2020-01-09 09:38:59.043585,308.17,308.2,0,0.040000000000020464,0.07139478446231351,1,1,0.0,0.00788
466,2020-01-09 09:39:00,N,AAPL,308.17,2.0,308.2,1.0,0.0,0.0,2020-01-09 09:39:00.211440,308.12,308.19,0,0.029999999999972715,0.07031758562050072,1,-1,0.3333333333333333,0.00788
467,2020-01-09 09:39:01,N,AAPL,308.12,4.0,308.19,1.0,2.0,0.0,2020-01-09 09:39:01.240412,308.04,308.09,-1,0.06999999999999318,0.06900569237524223,1,1,0.6,0.00788
468,2020-01-09 09:39:02,N,AAPL,308.04,4.0,308.09,1.0,3.0,0.0,2020-01-09 09:39:02.029079,308.11,308.17,1,0.049999999999954525,0.06738927738928169,1,-1,0.6,0.00788
469,2020-01-09 09:39:03,N,AAPL,308.11,4.0,308.17,1.0,2.0,-1.0,2020-01-09 09:39:03.292549,308.09,308.17,0,0.060000000000002274,0.0653449005501443,1,1,0.6,0.00788
470,2020-01-09 09:39:04,N,AAPL,308.09,2.0,308.17,2.0,0.0,-1.0,2020-01-09 09:39:04.083919,308.11,308.14,0,0.08000000000004093,0.0653539978865183,1,1,0.0,0.00788
471,2020-01-09 09:39:06,N,AAPL,308.11,2.0,308.14,4.0,-2.0,-36.0,2020-01-09 09:39:06.642865,308.04,308.08,-1,0.029999999999972715,0.06657062825121329,1,-1,-0.3333333333333333,0.00788
472,2020-01-09 09:39:07,N,AAPL,308.04,1.0,308.08,2.0,-3.0,0.0,2020-01-09 09:39:07.229017,308.06,308.08,0,0.03999999999996362,0.06785008943336379,1,1,-0.3333333333333333,0.00788
473,2020-01-09 09:39:09,N,AAPL,308.06,1.0,308.08,1.0,0.0,-1.0,2020-01-09 09:39:09.201687,308.04,308.1,0,0.01999999999998181,0.06769574860794592,1,-1,0.0,0.00788
474,2020-01-09 09:39:10,N,AAPL,308.04,1.0,308.1,2.0,0.0,1.0,2020-01-09 09:39:10.064165,308.11,308.14,1,0.060000000000002274,0.06879450330848158,1,1,-0.3333333333333333,0.00788
475,2020-01-09 09:39:11,N,AAPL,308.11,1.0,308.14,1.0,-1.0,0.0,2020-01-09 09:39:11.275830,308.15,308.19,1,0.029999999999972715,0.06869002172470573,1,-1,0.0,0.00788
476,2020-01-09 09:39:12,N,AAPL,308.15,2.0,308.19,1.0,-1.0,-1.0,2020-01-09 09:39:12.464189,308.12,308.19,0,0.040000000000020464,0.06857198580178192,1,1,0.3333333333333333,0.00788
477,2020-01-09 09:39:13,N,AAPL,308.12,2.0,308.19,2.0,0.0,0.0,2020-01-09 09:39:13.273964,308.14,308.19,0,0.06999999999999318,0.06870352123553403,1,1,0.0,0.00788
478,2020-01-09 09:39:14,N,AAPL,308.14,2.0,308.19,2.0,0.0,0.0,2020-01-09 09:39:14.086716,308.13,308.19,0,0.05000000000001137,0.0651901058212161,1,-1,0.0,0.00788
479,2020-01-09 09:39:15,N,AAPL,308.13,2.0,308.19,4.0,0.0,2.0,2020-01-09 09:39:15.470697,308.1,308.13,0,0.060000000000002274,0.06683253837223901,1,1,-0.3333333333333333,0.00788
480,2020-01-09 09:39:17,N,AAPL,308.1,2.0,308.13,2.0,1.0,-2.0,2020-01-09 09:39:17.726362,308.1,308.15,0,0.029999999999972715,0.06614026694086306,1,-1,0.0,0.00788
481,2020-01-09 09:39:19,N,AAPL,308.1,2.0,308.15,10.0,1.0,8.0,2020-01-09 09:39:19.301442,308.16,308.18,1,0.049999999999954525,0.0717161981258414,1,1,-0.6666666666666666,0.00788
482,2020-01-09 09:39:22,N,AAPL,308.16,2.0,308.18,2.0,0.0,-8.0,2020-01-09 09:39:22.218529,308.21,308.25,1,0.01999999999998181,0.07241157351558059,1,-1,0.0,0.00788
483,2020-01-09 09:39:24,N,AAPL,308.21,2.0,308.25,2.0,0.0,-2.0,2020-01-09 09:39:24.994366,308.19,308.25,0,0.040000000000020464,0.07037627949119951,1,1,0.0,0.00788
484,2020-01-09 09:39:25,N,AAPL,308.19,4.0,308.25,2.0,0.0,0.0,2020-01-09 09:39:25.171444,308.22,308.25,0,0.060000000000002274,0.07112043165705018,1,1,0.3333333333333333,0.00788
485,2020-01-09 09:39:26,N,AAPL,308.22,3.0,308.25,1.0,1.0,0.0,2020-01-09 09:39:26.144730,308.2,308.24,0,0.029999999999972715,0.09232936434983685,1,-1,0.5,0.00788
486,2020-01-09 09:39:27,N,AAPL,308.2,3.0,308.24,2.0,2.0,1.0,2020-01-09 09:39:27.042056,308.16,308.2,0,0.040000000000020464,0.09233904109584046,1,1,0.2,0.00788
487,2020-01-09 09:39:28,N,AAPL,308.16,2.0,308.2,1.0,-2.0,0.0,2020-01-09 09:39:28.776069,308.2,308.23,0,0.03999999999996362,0.11082340251027745,1,-1,0.3333333333333333,0.00788
488,2020-01-09 09:39:29,N,AAPL,308.2,2.0,308.23,2.0,-2.0,1.0,2020-01-09 09:39:29.242226,308.26,308.29,1,0.03000000000002956,0.1100673076922476,1,-1,0.0,0.00788
489,2020-01-09 09:39:30,N,AAPL,308.26,2.0,308.29,2.0,-2.0,-1.0,2020-01-09 09:39:30.081272,308.25,308.29,0,0.03000000000002956,0.10921541115368427,1,1,0.0,0.00788
490,2020-01-09 09:39:31,N,AAPL,308.25,2.0,308.29,2.0,0.0,0.0,2020-01-09 09:39:31.001678,308.2,308.26,0,0.040000000000020464,0.1073085581573423,1,1,0.0,0.00788
491,2020-01-09 09:39:32,N,AAPL,308.2,3.0,308.26,2.0,2.0,0.0,2020-01-09 09:39:32.048610,308.24,308.29,0,0.060000000000002274,0.10451074563894736,1,1,0.2,0.00788
492,2020-01-09 09:39:33,N,AAPL,308.24,4.0,308.29,3.0,2.0,1.0,2020-01-09 09:39:33.370343,308.26,308.3,0,0.05000000000001137,0.10288947488726308,1,-1,0.14285714285714285,0.00788
493,2020-01-09 09:39:34,N,AAPL,308.26,3.0,308.3,2.0,1.0,-23.0,2020-01-09 09:39:34.410226,308.29,308.33,0,0.040000000000020464,0.1019951822666485,1,-1,0.2,0.00788
494,2020-01-09 09:39:35,N,AAPL,308.29,1.0,308.33,2.0,0.0,-3.0,2020-01-09 09:39:35.608912,308.27,308.32,0,0.03999999999996362,0.10219282968364496,1,-1,-0.3333333333333333,0.00802
495,2020-01-09 09:39:36,N,AAPL,308.27,2.0,308.32,2.0,1.0,0.0,2020-01-09 09:39:36.186825,308.21,308.28,0,0.05000000000001137,0.0992783718572241,1,1,0.0,0.00802
496,2020-01-09 09:39:37,N,AAPL,308.21,3.0,308.28,1.0,2.0,0.0,2020-01-09 09:39:37.037720,308.25,308.29,0,0.06999999999999318,0.09772719484237768,1,1,0.5,0.00802
497,2020-01-09 09:39:38,N,AAPL,308.25,1.0,308.29,2.0,-1.0,0.0,2020-01-09 09:39:38.062529,308.25,308.29,0,0.040000000000020464,0.09221694158634364,1,-1,-0.3333333333333333,0.00802
498,2020-01-09 09:39:39,N,AAPL,308.25,1.0,308.29,1.0,-1.0,-1.0,2020-01-09 09:39:39.267001,308.26,308.33,0,0.040000000000020464,0.09217659174925075,1,1,0.0,0.00802
499,2020-01-09 09:39:40,N,AAPL,308.26,2.0,308.33,3.0,0.0,1.0,2020-01-09 09:39:40.267583,308.3,308.35,0,0.06999999999999318,0.09243978079001636,1,1,-0.2,0.00802
500,2020-01-09 09:39:43,N,AAPL,308.3,4.0,308.35,2.0,3.0,1.0,2020-01-09 09:39:43.091086,308.35,308.39,0,0.05000000000001137,0.08757334625965996,1,-1,0.3333333333333333,0.00802
501,2020-01-09 09:39:46,N,AAPL,308.35,2.0,308.39,1.0,-2.0,-1.0,2020-01-09 09:39:46.145644,308.4,308.42,1,0.03999999999996362,0.08663589225187707,1,-1,0.3333333333333333,0.00802
502,2020-01-09 09:39:47,N,AAPL,308.4,2.0,308.42,2.0,0.0,1.0,2020-01-09 09:39:47.069038,308.41,308.44,0,0.020000000000038654,0.08737241013238872,1,-1,0.0,0.00802
503,2020-01-09 09:39:48,N,AAPL,308.41,2.0,308.44,1.0,0.0,-1.0,2020-01-09 09:39:48.011245,308.43,308.47,0,0.029999999999972715,0.08577245684358559,1,1,0.3333333333333333,0.00802
504,2020-01-09 09:39:49,N,AAPL,308.43,4.0,308.47,2.0,2.0,1.0,2020-01-09 09:39:49.521419,308.41,308.46,0,0.040000000000020464,0.08203369929606197,1,1,0.3333333333333333,0.00802
505,2020-01-09 09:39:50,N,AAPL,308.41,2.0,308.46,4.0,0.0,2.0,2020-01-09 09:39:50.338925,308.42,308.46,0,0.049999999999954525,0.08453106358206242,1,1,-0.3333333333333333,0.00802
506,2020-01-09 09:39:51,N,AAPL,308.42,1.0,308.46,2.0,-1.0,0.0,2020-01-09 09:39:51.127242,308.42,308.48,0,0.03999999999996362,0.08381054669661125,1,-1,-0.3333333333333333,0.00802
507,2020-01-09 09:39:53,N,AAPL,308.42,2.0,308.48,4.0,0.0,3.0,2020-01-09 09:39:53.309308,308.42,308.47,0,0.060000000000002274,0.08535545084220075,1,1,-0.3333333333333333,0.00802
508,2020-01-09 09:39:54,N,AAPL,308.42,2.0,308.47,1.0,-2.0,0.0,2020-01-09 09:39:54.040516,308.46,308.49,0,0.05000000000001137,0.08440439043283732,1,-1,0.3333333333333333,0.00802
509,2020-01-09 09:39:55,N,AAPL,308.46,4.0,308.49,2.0,3.0,0.0,2020-01-09 09:39:55.992861,308.48,308.51,0,0.03000000000002956,0.08234762159190723,1,-1,0.3333333333333333,0.00802
510,2020-01-09 09:39:56,N,AAPL,308.48,2.0,308.51,9.0,1.0,-38.0,2020-01-09 09:39:56.002705,308.41,308.47,-1,0.029999999999972715,0.0910102907795931,1,-1,-0.6363636363636364,0.00802
511,2020-01-09 09:39:57,N,AAPL,308.41,2.0,308.47,2.0,0.0,-2.0,2020-01-09 09:39:57.409481,308.42,308.47,0,0.060000000000002274,0.09131138520717741,1,1,0.0,0.00802
512,2020-01-09 09:39:58,N,AAPL,308.42,2.0,308.47,2.0,0.0,0.0,2020-01-09 09:39:58.104699,308.5,308.53,1,0.05000000000001137,0.09148848506663398,1,-1,0.0,0.00802
513,2020-01-09 09:40:01,N,AAPL,308.5,2.0,308.53,2.0,0.0,1.0,2020-01-09 09:40:01.261623,308.55,308.57,1,0.029999999999972715,0.09155750224618942,1,-1,0.0,0.00802
514,2020-01-09 09:40:02,N,AAPL,308.55,1.0,308.57,2.0,0.0,-30.0,2020-01-09 09:40:02.928224,308.5,308.55,0,0.01999999999998181,0.09314935123273926,1,-1,-0.3333333333333333,0.00802
515,2020-01-09 09:40:03,N,AAPL,308.5,1.0,308.55,2.0,-1.0,0.0,2020-01-09 09:40:03.421630,308.48,308.5,0,0.05000000000001137,0.09459095545378204,1,1,-0.3333333333333333,0.00802
516,2020-01-09 09:40:05,N,AAPL,308.48,2.0,308.5,1.0,1.0,-3.0,2020-01-09 09:40:05.422291,308.45,308.5,0,0.01999999999998181,0.09362014330270085,1,-1,0.3333333333333333,0.00802
517,2020-01-09 09:40:06,N,AAPL,308.45,3.0,308.5,2.0,1.0,0.0,2020-01-09 09:40:06.058551,308.41,308.45,0,0.05000000000001137,0.09278257348779562,1,1,0.2,0.00802
518,2020-01-09 09:40:07,N,AAPL,308.41,1.0,308.45,2.0,-2.0,1.0,2020-01-09 09:40:07.006227,308.32,308.37,-1,0.03999999999996362,0.0940163522013222,1,-1,-0.3333333333333333,0.00802
519,2020-01-09 09:40:08,N,AAPL,308.32,2.0,308.37,4.0,-1.0,2.0,2020-01-09 09:40:08.208345,308.27,308.3,-1,0.05000000000001137,0.0965363881402368,1,1,-0.3333333333333333,0.00802
520,2020-01-09 09:40:09,N,AAPL,308.27,1.0,308.3,4.0,-1.0,2.0,2020-01-09 09:40:09.540487,308.34,308.38,1,0.03000000000002956,0.09934271997258293,1,-1,-0.6,0.00802
521,2020-01-09 09:40:10,N,AAPL,308.34,2.0,308.38,1.0,0.0,0.0,2020-01-09 09:40:10.082672,308.4,308.44,1,0.040000000000020464,0.09871633542599056,1,1,0.3333333333333333,0.00802
522,2020-01-09 09:40:11,N,AAPL,308.4,4.0,308.44,1.0,2.0,0.0,2020-01-09 09:40:11.537040,308.51,308.55,1,0.040000000000020464,0.09557717879613392,1,1,0.6,0.00802
523,2020-01-09 09:40:13,N,AAPL,308.51,1.0,308.55,11.0,-1.0,10.0,2020-01-09 09:40:13.079972,308.51,308.57,0,0.040000000000020464,0.10819909341711309,1,1,-0.8333333333333334,0.00802
524,2020-01-09 09:40:15,N,AAPL,308.51,3.0,308.57,1.0,1.0,-1.0,2020-01-09 09:40:15.287248,308.47,308.53,0,0.060000000000002274,0.11053737228900218,1,1,0.5,0.00802
525,2020-01-09 09:40:16,N,AAPL,308.47,1.0,308.53,1.0,-1.0,0.0,2020-01-09 09:40:16.048103,308.45,308.48,0,0.05999999999994543,0.11095374943397474,1,-1,0.0,0.00802
526,2020-01-09 09:40:17,N,AAPL,308.45,3.0,308.48,1.0,1.0,0.0,2020-01-09 09:40:17.003935,308.46,308.5,0,0.03000000000002956,0.10902470769207184,1,-1,0.5,0.00802
527,2020-01-09 09:40:18,N,AAPL,308.46,1.0,308.5,1.0,0.0,0.0,2020-01-09 09:40:18.759356,308.47,308.51,0,0.040000000000020464,0.10889460297295273,1,1,0.0,0.00802
528,2020-01-09 09:40:19,N,AAPL,308.47,2.0,308.51,2.0,1.0,1.0,2020-01-09 09:40:19.194443,308.42,308.49,0,0.03999999999996362,0.10874775285446958,1,-1,0.0,0.00802
529,2020-01-09 09:40:20,N,AAPL,308.42,2.0,308.49,2.0,1.0,0.0,2020-01-09 09:40:20.042512,308.32,308.36,-1,0.06999999999999318,0.11005424866681324,1,1,0.0,0.00802
530,2020-01-09 09:40:21,N,AAPL,308.32,4.0,308.36,2.0,3.0,1.0,2020-01-09 09:40:21.409679,308.27,308.3,-1,0.040000000000020464,0.10797164848457896,1,-1,0.3333333333333333,0.00802
531,2020-01-09 09:40:22,N,AAPL,308.27,8.0,308.3,1.0,6.0,0.0,2020-01-09 09:40:22.331104,308.24,308.28,0,0.03000000000002956,0.10219841768810056,1,-1,0.7777777777777778,0.00802
532,2020-01-09 09:40:24,N,AAPL,308.24,2.0,308.28,1.0,0.0,-1.0,2020-01-09 09:40:24.950930,308.21,308.26,0,0.03999999999996362,0.10293383270914092,1,1,0.3333333333333333,0.00802
533,2020-01-09 09:40:25,N,AAPL,308.21,5.0,308.26,3.0,3.0,2.0,2020-01-09 09:40:25.156207,308.17,308.2,-1,0.05000000000001137,0.10191072734312456,1,1,0.25,0.00802
534,2020-01-09 09:40:26,N,AAPL,308.17,3.0,308.2,1.0,1.0,-1.0,2020-01-09 09:40:26.655054,308.18,308.22,0,0.029999999999972715,0.1018999148929538,1,-1,0.5,0.00802
535,2020-01-09 09:40:27,N,AAPL,308.18,2.0,308.22,1.0,1.0,-3.0,2020-01-09 09:40:27.340693,308.21,308.24,0,0.040000000000020464,0.10114494044307776,1,1,0.3333333333333333,0.00802
536,2020-01-09 09:40:28,N,AAPL,308.21,2.0,308.24,2.0,0.0,1.0,2020-01-09 09:40:28.388313,308.24,308.3,0,0.03000000000002956,0.10131973841606623,1,-1,0.0,0.00802
537,2020-01-09 09:40:29,N,AAPL,308.24,5.0,308.3,1.0,3.0,-1.0,2020-01-09 09:40:29.127438,308.18,308.24,0,0.060000000000002274,0.09777113260457782,1,1,0.6666666666666666,0.00802
538,2020-01-09 09:40:30,N,AAPL,308.18,2.0,308.24,4.0,-3.0,2.0,2020-01-09 09:40:30.306444,308.18,308.22,0,0.060000000000002274,0.09771837238599801,1,1,-0.3333333333333333,0.00802
539,2020-01-09 09:40:31,N,AAPL,308.18,1.0,308.22,2.0,-1.0,0.0,2020-01-09 09:40:31.028874,308.23,308.27,1,0.040000000000020464,0.0987022716981869,1,-1,-0.3333333333333333,0.00802
540,2020-01-09 09:40:33,N,AAPL,308.23,2.0,308.27,2.0,0.0,0.0,2020-01-09 09:40:33.246565,308.24,308.3,0,0.03999999999996362,0.09858185471568959,1,-1,0.0,0.00802
541,2020-01-09 09:40:34,N,AAPL,308.24,4.0,308.3,2.0,2.0,1.0,2020-01-09 09:40:34.588261,308.26,308.3,0,0.060000000000002274,0.09744228497800123,1,1,0.3333333333333333,0.00802
542,2020-01-09 09:40:36,N,AAPL,308.26,2.0,308.3,1.0,-1.0,-1.0,2020-01-09 09:40:36.183376,308.27,308.3,0,0.040000000000020464,0.09652767362177883,1,-1,0.3333333333333333,0.00802
543,2020-01-09 09:40:37,N,AAPL,308.27,1.0,308.3,1.0,-1.0,0.0,2020-01-09 09:40:37.056312,308.27,308.31,0,0.03000000000002956,0.09671045199269201,1,-1,0.0,0.00802
544,2020-01-09 09:40:38,N,AAPL,308.27,4.0,308.31,2.0,2.0,0.0,2020-01-09 09:40:38.027749,308.27,308.29,0,0.040000000000020464,0.09528070096854435,1,1,0.3333333333333333,0.00802
545,2020-01-09 09:40:39,N,AAPL,308.27,2.0,308.29,5.0,-2.0,3.0,2020-01-09 09:40:39.309213,308.26,308.3,0,0.020000000000038654,0.0974841126891306,1,-1,-0.42857142857142855,0.00802
546,2020-01-09 09:40:40,N,AAPL,308.26,1.0,308.3,2.0,0.0,0.0,2020-01-09 09:40:40.316136,308.3,308.35,0,0.040000000000020464,0.09906322787009003,1,1,-0.3333333333333333,0.00868
547,2020-01-09 09:40:41,N,AAPL,308.3,3.0,308.35,2.0,-2.0,0.0,2020-01-09 09:40:41.152004,308.33,308.37,0,0.05000000000001137,0.09829291660571471,1,1,0.2,0.00868
548,2020-01-09 09:40:42,N,AAPL,308.33,2.0,308.37,2.0,-1.0,0.0,2020-01-09 09:40:42.385402,308.35,308.39,0,0.040000000000020464,0.09820314433159183,1,-1,0.0,0.00868
549,2020-01-09 09:40:43,N,AAPL,308.35,2.0,308.39,1.0,-2.0,-1.0,2020-01-09 09:40:43.063027,308.26,308.29,-1,0.03999999999996362,0.0975863121585121,1,-1,0.3333333333333333,0.00868
550,2020-01-09 09:40:44,N,AAPL,308.26,2.0,308.29,2.0,0.0,0.0,2020-01-09 09:40:44.632457,308.26,308.29,0,0.03000000000002956,0.09774565768191223,1,-1,0.0,0.00868
551,2020-01-09 09:40:45,N,AAPL,308.26,2.0,308.29,2.0,0.0,0.0,2020-01-09 09:40:45.193591,308.24,308.27,0,0.03000000000002956,0.0979300344943681,1,1,0.0,0.00868
552,2020-01-09 09:40:47,N,AAPL,308.24,2.0,308.27,4.0,0.0,3.0,2020-01-09 09:40:47.938939,308.24,308.27,0,0.029999999999972715,0.09947321428575151,1,-1,-0.3333333333333333,0.00868
553,2020-01-09 09:40:48,N,AAPL,308.24,2.0,308.27,1.0,0.0,-3.0,2020-01-09 09:40:48.152206,308.19,308.22,-1,0.029999999999972715,0.09867321428572495,1,1,0.3333333333333333,0.00868
554,2020-01-09 09:40:49,N,AAPL,308.19,2.0,308.22,2.0,1.0,-3.0,2020-01-09 09:40:49.396816,308.15,308.19,0,0.03000000000002956,0.09894107142849862,1,1,0.0,0.00868
555,2020-01-09 09:40:50,N,AAPL,308.15,4.0,308.19,2.0,3.0,0.0,2020-01-09 09:40:50.819615,308.16,308.21,0,0.040000000000020464,0.09764004752736355,1,1,0.3333333333333333,0.00868
556,2020-01-09 09:40:51,N,AAPL,308.16,5.0,308.21,4.0,4.0,2.0,2020-01-09 09:40:51.169731,308.18,308.22,0,0.049999999999954525,0.09734202132824521,1,1,0.1111111111111111,0.00868
557,2020-01-09 09:40:52,N,AAPL,308.18,1.0,308.22,1.0,0.0,-1.0,2020-01-09 09:40:52.051230,308.13,308.16,-1,0.040000000000020464,0.0973615324299999,1,-1,0.0,0.00868
558,2020-01-09 09:40:53,N,AAPL,308.13,1.0,308.16,6.0,-3.0,-1.0,2020-01-09 09:40:53.479838,308.08,308.13,0,0.03000000000002956,0.09796318931074666,1,-1,-0.7142857142857143,0.00868
559,2020-01-09 09:40:54,N,AAPL,308.08,5.0,308.13,4.0,3.0,3.0,2020-01-09 09:40:54.891664,308.07,308.12,0,0.05000000000001137,0.09888529332096141,1,1,0.1111111111111111,0.00868
560,2020-01-09 09:40:55,N,AAPL,308.07,2.0,308.12,1.0,0.0,-1.0,2020-01-09 09:40:55.214713,308.05,308.08,0,0.05000000000001137,0.09727970495470117,1,1,0.3333333333333333,0.00868
561,2020-01-09 09:40:56,N,AAPL,308.05,2.0,308.08,5.0,0.0,4.0,2020-01-09 09:40:56.094591,308.04,308.08,0,0.029999999999972715,0.09934410839423435,1,-1,-0.42857142857142855,0.00868
562,2020-01-09 09:40:57,N,AAPL,308.04,1.0,308.08,1.0,-1.0,-4.0,2020-01-09 09:40:57.038366,308.04,308.06,0,0.03999999999996362,0.10004656024995029,1,1,0.0,0.00868
563,2020-01-09 09:40:59,N,AAPL,308.04,1.0,308.06,2.0,-2.0,1.0,2020-01-09 09:40:59.463196,307.99,308.01,-1,0.01999999999998181,0.10060526061948849,1,-1,-0.3333333333333333,0.00868
564,2020-01-09 09:41:00,N,AAPL,307.99,30.0,308.01,1.0,29.0,-1.0,2020-01-09 09:41:00.540372,308.02,308.05,1,0.01999999999998181,0.08907228119676347,1,1,0.9354838709677419,0.00868
565,2020-01-09 09:41:01,N,AAPL,308.02,2.0,308.05,1.0,-1.0,-2.0,2020-01-09 09:41:01.032023,308.02,308.05,0,0.03000000000002956,0.08827477369959524,1,1,0.3333333333333333,0.00868
566,2020-01-09 09:41:02,N,AAPL,308.02,2.0,308.05,1.0,1.0,0.0,2020-01-09 09:41:02.308332,308.0,308.03,0,0.03000000000002956,0.08822876886688391,1,1,0.3333333333333333,0.00868
567,2020-01-09 09:41:03,N,AAPL,308.0,1.0,308.03,4.0,0.0,3.0,2020-01-09 09:41:03.003365,307.91,307.95,-1,0.029999999999972715,0.08952018411741847,1,-1,-0.6,0.00868
568,2020-01-09 09:41:04,N,AAPL,307.91,3.0,307.95,1.0,0.0,0.0,2020-01-09 09:41:04.015452,307.98,308.02,1,0.03999999999996362,0.08870689237193119,1,1,0.5,0.00868
569,2020-01-09 09:41:05,N,AAPL,307.98,1.0,308.02,2.0,-4.0,1.0,2020-01-09 09:41:05.415071,307.94,307.98,0,0.03999999999996362,0.08989021797083296,1,1,-0.3333333333333333,0.00868
570,2020-01-09 09:41:06,N,AAPL,307.94,3.0,307.98,1.0,2.0,0.0,2020-01-09 09:41:06.057760,308.02,308.04,1,0.040000000000020464,0.08950203827799896,1,1,0.5,0.00868
571,2020-01-09 09:41:07,N,AAPL,308.02,5.0,308.04,2.0,2.0,0.0,2020-01-09 09:41:07.451592,308.01,308.04,0,0.020000000000038654,0.0887602704124788,1,-1,0.42857142857142855,0.00868
572,2020-01-09 09:41:08,N,AAPL,308.01,3.0,308.04,2.0,0.0,1.0,2020-01-09 09:41:08.035436,308.04,308.08,0,0.03000000000002956,0.08862671553106338,1,1,0.2,0.00868
573,2020-01-09 09:41:09,N,AAPL,308.04,2.0,308.08,3.0,0.0,-3.0,2020-01-09 09:41:09.539290,307.96,307.99,-1,0.03999999999996362,0.08919393100876505,1,1,-0.2,0.00868
574,2020-01-09 09:41:10,N,AAPL,307.96,2.0,307.99,1.0,0.0,-2.0,2020-01-09 09:41:10.080862,307.95,307.98,0,0.03000000000002956,0.0890675067504958,1,-1,0.3333333333333333,0.00868
575,2020-01-09 09:41:11,N,AAPL,307.95,2.0,307.98,2.0,0.0,0.0,2020-01-09 09:41:11.448371,307.96,307.99,0,0.03000000000002956,0.09260566403708026,1,1,0.0,0.00868
576,2020-01-09 09:41:12,N,AAPL,307.96,4.0,307.99,2.0,2.0,1.0,2020-01-09 09:41:12.071936,307.97,308.01,0,0.03000000000002956,0.09239904640833174,1,1,0.3333333333333333,0.00868
577,2020-01-09 09:41:13,N,AAPL,307.97,1.0,308.01,2.0,0.0,1.0,2020-01-09 09:41:13.156770,307.96,307.99,0,0.03999999999996362,0.09295296188230395,1,1,-0.3333333333333333,0.00868
578,2020-01-09 09:41:14,N,AAPL,307.96,1.0,307.99,3.0,0.0,2.0,2020-01-09 09:41:14.302171,307.92,307.96,0,0.03000000000002956,0.0914632064254306,1,-1,-0.5,0.00868
579,2020-01-09 09:41:15,N,AAPL,307.92,2.0,307.96,1.0,0.0,0.0,2020-01-09 09:41:15.041652,307.98,307.99,1,0.03999999999996362,0.09340682931224364,1,1,0.3333333333333333,0.00868
580,2020-01-09 09:41:16,N,AAPL,307.98,9.0,307.99,1.0,6.0,0.0,2020-01-09 09:41:16.606312,307.98,308.02,0,0.009999999999990905,0.0932892531132552,1,-1,0.8,0.00868
581,2020-01-09 09:41:17,N,AAPL,307.98,10.0,308.02,1.0,1.0,-1.0,2020-01-09 09:41:17.329652,307.99,308.03,0,0.03999999999996362,0.09038317363479109,1,1,0.8181818181818182,0.00868
582,2020-01-09 09:41:18,N,AAPL,307.99,2.0,308.03,1.0,-7.0,0.0,2020-01-09 09:41:18.350133,307.97,307.99,0,0.03999999999996362,0.09047849719479473,1,1,0.3333333333333333,0.00868
583,2020-01-09 09:41:19,N,AAPL,307.97,5.0,307.99,5.0,3.0,4.0,2020-01-09 09:41:19.184873,307.97,307.98,0,0.01999999999998181,0.09222888525027884,1,-1,0.0,0.00868
584,2020-01-09 09:41:20,N,AAPL,307.97,1.0,307.98,1.0,-1.0,0.0,2020-01-09 09:41:20.036812,307.91,307.96,-1,0.009999999999990905,0.0909274025343052,1,-1,0.0,0.00868
585,2020-01-09 09:41:21,N,AAPL,307.91,4.0,307.96,2.0,2.0,-1.0,2020-01-09 09:41:21.780687,307.97,308.0,1,0.049999999999954525,0.09168037436671739,1,1,0.3333333333333333,0.00868
586,2020-01-09 09:41:23,N,AAPL,307.97,2.0,308.0,1.0,-2.0,0.0,2020-01-09 09:41:23.422334,307.97,308.01,0,0.029999999999972715,0.09271304003169689,1,-1,0.3333333333333333,0.00868
587,2020-01-09 09:41:24,N,AAPL,307.97,2.0,308.01,2.0,0.0,-1.0,2020-01-09 09:41:24.343303,308.07,308.12,1,0.03999999999996362,0.09289954913657539,1,1,0.0,0.00868
588,2020-01-09 09:41:25,N,AAPL,308.07,3.0,308.12,1.0,-1.0,-7.0,2020-01-09 09:41:25.306330,308.07,308.12,0,0.05000000000001137,0.0918112662789099,1,1,0.5,0.00868
589,2020-01-09 09:41:26,N,AAPL,308.07,3.0,308.12,3.0,2.0,2.0,2020-01-09 09:41:26.494545,308.11,308.15,0,0.05000000000001137,0.09310401071701335,1,1,0.0,0.00868
590,2020-01-09 09:41:28,N,AAPL,308.11,1.0,308.15,2.0,-1.0,1.0,2020-01-09 09:41:28.695316,308.11,308.15,0,0.03999999999996362,0.09477446107905507,1,-1,-0.3333333333333333,0.00874
591,2020-01-09 09:41:30,N,AAPL,308.11,2.0,308.15,2.0,0.0,-4.0,2020-01-09 09:41:30.882192,308.09,308.13,0,0.03999999999996362,0.0947452655412917,1,1,0.0,0.00874
