,last_interval,Exchange,Symbol,Best_Bid_Price,FB0,Best_Offer_Price,FA0,FB2,FA2,p_time,Next_Best_Bid,Next_Best_Offer,outcome,Spread,AWS,Anomaly,Spread Change,Quote IMB,VPIN
0,2020-01-08 09:30:00,N,AAPL,297.16,3.0,297.16,2.0,0.0,-28.0,2020-01-08 09:30:00.243217,297.26,297.34,1,0.0,0.0,0,0,0.2,0.0009
1,2020-01-08 09:30:01,N,AAPL,297.26,1.0,297.34,1.0,-2.0,-1.0,2020-01-08 09:30:01.643143,297.25,297.34,0,0.07999999999998408,0.03500000000002501,0,1,0.0,0.0009
2,2020-01-08 09:30:02,N,AAPL,297.25,9.0,297.34,2.0,5.0,1.0,2020-01-08 09:30:02.498099,297.25,297.26,0,0.08999999999997499,0.03800000000006776,0,1,0.6363636363636364,0.0009
3,2020-01-08 09:30:03,N,AAPL,297.25,8.0,297.26,1.0,-1.0,0.0,2020-01-08 09:30:03.074562,297.42,297.43,1,0.009999999999990905,0.029047619047673834,0,-1,0.7777777777777778,0.0009
4,2020-01-08 09:30:04,N,AAPL,297.42,19.0,297.43,1.0,17.0,0.0,2020-01-08 09:30:04.017374,297.7,297.79,1,0.009999999999990905,-0.0342499999999859,1,1,0.9,0.0009
5,2020-01-08 09:30:15,N,AAPL,297.7,1.0,297.79,1.0,-15.0,0.0,2020-01-08 09:30:15.013121,297.72,297.74,0,0.09000000000003183,0.01908536585364118,0,1,0.0,0.0009
6,2020-01-08 09:30:21,N,AAPL,297.72,5.0,297.74,3.0,3.0,1.0,2020-01-08 09:30:21.669205,297.65,297.77,0,0.01999999999998181,0.08274703557304974,1,-1,0.25,0.0009
7,2020-01-08 09:30:27,N,AAPL,297.65,1.0,297.77,2.0,-4.0,-1.0,2020-01-08 09:30:27.239581,297.63,297.78,0,0.12000000000000455,0.12487725040909936,1,1,-0.3333333333333333,0.0009
8,2020-01-08 09:30:30,N,AAPL,297.63,2.0,297.78,1.0,1.0,-1.0,2020-01-08 09:30:30.012084,297.66,297.68,0,0.14999999999997726,0.13428571428568148,1,1,0.3333333333333333,0.0009
9,2020-01-08 09:30:31,N,AAPL,297.66,2.0,297.68,1.0,0.0,-1.0,2020-01-08 09:30:31.275581,297.54,297.62,-1,0.01999999999998181,0.13403921568624355,1,-1,0.3333333333333333,0.0009
10,2020-01-08 09:30:32,N,AAPL,297.54,9.0,297.62,4.0,5.0,1.0,2020-01-08 09:30:32.888161,297.52,297.58,0,0.07999999999998408,0.13101754385968434,1,1,0.38461538461538464,0.0009
11,2020-01-08 09:30:33,N,AAPL,297.52,2.0,297.58,3.0,-1.0,0.0,2020-01-08 09:30:33.159466,297.52,297.59,0,0.060000000000002274,0.13146627565981817,1,-1,-0.2,0.0009
12,2020-01-08 09:30:34,N,AAPL,297.52,10.0,297.59,4.0,8.0,3.0,2020-01-08 09:30:34.121557,297.44,297.52,0,0.06999999999999318,0.12341880341875822,1,1,0.42857142857142855,0.0009
13,2020-01-08 09:30:35,N,AAPL,297.44,1.0,297.52,2.0,0.0,-2.0,2020-01-08 09:30:35.107084,297.43,297.48,0,0.07999999999998408,0.12038160469666082,1,1,-0.3333333333333333,0.0009
14,2020-01-08 09:30:36,N,AAPL,297.43,1.0,297.48,2.0,-2.0,1.0,2020-01-08 09:30:36.130551,297.43,297.47,0,0.05000000000001137,0.11521621621619715,1,-1,-0.3333333333333333,0.0009
15,2020-01-08 09:30:37,N,AAPL,297.43,3.0,297.47,4.0,2.0,2.0,2020-01-08 09:30:37.252710,297.43,297.47,0,0.040000000000020464,0.1056760886172583,0,-1,-0.14285714285714285,0.0009
16,2020-01-08 09:30:38,N,AAPL,297.43,1.0,297.47,1.0,-1.0,-1.0,2020-01-08 09:30:38.021220,297.4,297.47,0,0.040000000000020464,0.10366666666658375,0,1,0.0,0.0009
17,2020-01-08 09:30:39,N,AAPL,297.4,4.0,297.47,1.0,3.0,0.0,2020-01-08 09:30:39.654423,297.41,297.47,0,0.07000000000005002,0.10353658536581634,0,1,0.6,0.0009
18,2020-01-08 09:30:40,N,AAPL,297.41,2.0,297.47,1.0,1.0,-3.0,2020-01-08 09:30:40.605487,297.44,297.48,0,0.060000000000002274,0.10227477477474167,0,-1,0.3333333333333333,0.0009
19,2020-01-08 09:30:41,N,AAPL,297.44,2.0,297.48,2.0,1.0,-1.0,2020-01-08 09:30:41.909595,297.45,297.51,0,0.040000000000020464,0.09919797256998208,0,-1,0.0,0.0009
20,2020-01-08 09:30:42,N,AAPL,297.45,2.0,297.51,2.0,-2.0,0.0,2020-01-08 09:30:42.099233,297.44,297.5,0,0.060000000000002274,0.09765243902432985,0,1,0.0,0.0009
21,2020-01-08 09:30:43,N,AAPL,297.44,2.0,297.5,4.0,0.0,2.0,2020-01-08 09:30:43.139918,297.43,297.51,0,0.060000000000002274,0.09455555555547335,0,1,-0.3333333333333333,0.0009
22,2020-01-08 09:30:45,N,AAPL,297.43,1.0,297.51,3.0,-1.0,1.0,2020-01-08 09:30:45.094500,297.44,297.51,0,0.07999999999998408,0.09331959706952375,0,1,-0.5,0.0009
23,2020-01-08 09:30:46,N,AAPL,297.44,7.0,297.51,4.0,6.0,2.0,2020-01-08 09:30:46.640727,297.44,297.51,0,0.06999999999999318,0.09154631083197273,0,-1,0.2727272727272727,0.0009
24,2020-01-08 09:30:47,N,AAPL,297.44,3.0,297.51,4.0,-4.0,2.0,2020-01-08 09:30:47.020538,297.48,297.56,0,0.06999999999999318,0.09015205091930056,0,1,-0.14285714285714285,0.0009
25,2020-01-08 09:30:48,N,AAPL,297.48,5.0,297.56,3.0,3.0,2.0,2020-01-08 09:30:48.608652,297.44,297.5,0,0.07999999999998408,0.08979533098812453,0,1,0.25,0.0009
26,2020-01-08 09:30:50,N,AAPL,297.44,2.0,297.5,1.0,-3.0,-1.0,2020-01-08 09:30:50.100750,297.48,297.52,0,0.060000000000002274,0.08929629629625424,0,-1,0.3333333333333333,0.0009
27,2020-01-08 09:30:51,N,AAPL,297.48,1.0,297.52,2.0,-1.0,1.0,2020-01-08 09:30:51.002506,297.4,297.44,-1,0.03999999999996362,0.08865936667649521,0,-1,-0.3333333333333333,0.0009
28,2020-01-08 09:30:52,N,AAPL,297.4,2.0,297.44,2.0,1.0,0.0,2020-01-08 09:30:52.404407,297.41,297.45,0,0.040000000000020464,0.08662162162153209,0,1,0.0,0.0009
29,2020-01-08 09:30:53,N,AAPL,297.41,1.0,297.45,1.0,-1.0,-3.0,2020-01-08 09:30:53.678280,297.41,297.47,0,0.03999999999996362,0.08572115384606604,0,-1,0.0,0.0009
30,2020-01-08 09:30:54,N,AAPL,297.41,2.0,297.47,1.0,1.0,0.0,2020-01-08 09:30:54.046854,297.46,297.52,0,0.060000000000002274,0.085398724082836,0,1,0.3333333333333333,0.0009
31,2020-01-08 09:30:55,N,AAPL,297.46,1.0,297.52,1.0,-1.0,0.0,2020-01-08 09:30:55.024011,297.45,297.51,0,0.060000000000002274,0.08515898767035424,0,1,0.0,0.0009
32,2020-01-08 09:30:57,N,AAPL,297.45,6.0,297.51,4.0,4.0,3.0,2020-01-08 09:30:57.431909,297.39,297.43,-1,0.060000000000002274,0.08382376906070022,0,1,0.2,0.00125
33,2020-01-08 09:30:58,N,AAPL,297.39,1.0,297.43,4.0,0.0,0.0,2020-01-08 09:30:58.912996,297.33,297.39,0,0.040000000000020464,0.07930054644816664,0,-1,-0.6,0.00125
34,2020-01-08 09:30:59,N,AAPL,297.33,1.0,297.39,1.0,-1.0,0.0,2020-01-08 09:30:59.012742,297.35,297.43,0,0.060000000000002274,0.07850342319215997,0,1,0.0,0.00125
35,2020-01-08 09:31:00,N,AAPL,297.35,9.0,297.43,4.0,7.0,3.0,2020-01-08 09:31:00.153322,297.35,297.39,0,0.07999999999998408,0.08016287878791672,0,1,0.38461538461538464,0.00125
36,2020-01-08 09:31:01,N,AAPL,297.35,5.0,297.39,2.0,-4.0,0.0,2020-01-08 09:31:01.353399,297.35,297.39,0,0.03999999999996362,0.08016645896390173,0,-1,0.42857142857142855,0.00125
37,2020-01-08 09:31:03,N,AAPL,297.35,12.0,297.39,4.0,7.0,3.0,2020-01-08 09:31:03.018135,297.37,297.43,0,0.03999999999996362,0.08096066801942925,0,1,0.5,0.00125
38,2020-01-08 09:31:04,N,AAPL,297.37,2.0,297.43,2.0,-14.0,-2.0,2020-01-08 09:31:04.056593,297.43,297.48,0,0.060000000000002274,0.07999172185435555,0,1,0.0,0.00125
39,2020-01-08 09:31:05,N,AAPL,297.43,1.0,297.48,2.0,-1.0,1.0,2020-01-08 09:31:05.234330,297.49,297.5,1,0.05000000000001137,0.07946198830421736,0,-1,-0.3333333333333333,0.00125
40,2020-01-08 09:31:06,N,AAPL,297.49,4.0,297.5,3.0,2.0,-1.0,2020-01-08 09:31:06.514053,297.52,297.55,1,0.009999999999990905,0.07767576509525043,0,-1,0.14285714285714285,0.00125
41,2020-01-08 09:31:07,N,AAPL,297.52,1.0,297.55,3.0,-2.0,0.0,2020-01-08 09:31:07.227790,297.61,297.68,1,0.03000000000002956,0.07859739915085129,0,1,-0.5,0.00125
42,2020-01-08 09:31:08,N,AAPL,297.61,1.0,297.68,2.0,-1.0,0.0,2020-01-08 09:31:08.504096,297.68,297.71,0,0.06999999999999318,0.08104494962555009,0,1,-0.3333333333333333,0.00125
43,2020-01-08 09:31:09,N,AAPL,297.68,1.0,297.71,2.0,0.0,1.0,2020-01-08 09:31:09.036437,297.67,297.73,0,0.029999999999972715,0.08352201257872593,0,-1,-0.3333333333333333,0.00125
44,2020-01-08 09:31:10,N,AAPL,297.67,1.0,297.73,3.0,-3.0,2.0,2020-01-08 09:31:10.546241,297.66,297.76,0,0.060000000000002274,0.08840776699037178,0,1,-0.5,0.00125
45,2020-01-08 09:31:11,N,AAPL,297.66,2.0,297.76,2.0,-2.0,1.0,2020-01-08 09:31:11.115721,297.64,297.68,0,0.0999999999999659,0.09018342151682646,0,1,0.0,0.00125
46,2020-01-08 09:31:12,N,AAPL,297.64,6.0,297.68,4.0,2.0,3.0,2020-01-08 09:31:12.253735,297.68,297.73,0,0.040000000000020464,0.08854740061178745,0,-1,0.2,0.00125
47,2020-01-08 09:31:13,N,AAPL,297.68,3.0,297.73,2.0,1.0,0.0,2020-01-08 09:31:13.913553,297.67,297.75,0,0.05000000000001137,0.08796744112527222,0,1,0.2,0.00125
48,2020-01-08 09:31:14,N,AAPL,297.67,10.0,297.75,2.0,0.0,0.0,2020-01-08 09:31:14.269097,297.68,297.76,0,0.07999999999998408,0.07928665721402695,0,1,0.6666666666666666,0.00125
49,2020-01-08 09:31:15,N,AAPL,297.68,1.0,297.76,2.0,-11.0,0.0,2020-01-08 09:31:15.170319,297.75,297.78,0,0.07999999999998408,0.08197419971327236,0,1,-0.3333333333333333,0.00125
50,2020-01-08 09:31:17,N,AAPL,297.75,4.0,297.78,1.0,2.0,-1.0,2020-01-08 09:31:17.975759,297.79,297.83,1,0.029999999999972715,0.07774286243966344,0,-1,0.6,0.00125
51,2020-01-08 09:31:18,N,AAPL,297.79,2.0,297.83,1.0,1.0,-14.0,2020-01-08 09:31:18.045646,297.91,297.98,1,0.03999999999996362,0.07673577013997601,0,1,0.3333333333333333,0.00125
52,2020-01-08 09:31:19,N,AAPL,297.91,2.0,297.98,7.0,0.0,6.0,2020-01-08 09:31:19.294860,298.05,298.09,1,0.06999999999999318,0.09673853989806958,1,1,-0.5555555555555556,0.00125
53,2020-01-08 09:31:20,N,AAPL,298.05,2.0,298.09,1.0,-1.0,-165.0,2020-01-08 09:31:20.454982,298.15,298.19,1,0.03999999999996362,0.09488499999991973,1,-1,0.3333333333333333,0.00125
54,2020-01-08 09:31:21,N,AAPL,298.15,3.0,298.19,4.0,1.0,0.0,2020-01-08 09:31:21.240080,298.22,298.28,1,0.040000000000020464,0.10369946332730251,1,1,-0.14285714285714285,0.00125
55,2020-01-08 09:31:22,N,AAPL,298.22,2.0,298.28,4.0,0.0,2.0,2020-01-08 09:31:22.085129,298.24,298.32,0,0.05999999999994543,0.11698408457687037,1,1,-0.3333333333333333,0.00125
56,2020-01-08 09:31:23,N,AAPL,298.24,5.0,298.32,1.0,3.0,-2.0,2020-01-08 09:31:23.465037,298.27,298.32,0,0.07999999999998408,0.10382148662625923,1,1,0.6666666666666666,0.00125
57,2020-01-08 09:31:24,N,AAPL,298.27,1.0,298.32,4.0,-1.0,0.0,2020-01-08 09:31:24.012004,298.31,298.37,0,0.05000000000001137,0.12047154993928189,1,-1,-0.6,0.00125
58,2020-01-08 09:31:25,N,AAPL,298.31,4.0,298.37,4.0,2.0,3.0,2020-01-08 09:31:25.228658,298.34,298.41,0,0.060000000000002274,0.12578383343543464,1,1,0.0,0.00125
59,2020-01-08 09:31:27,N,AAPL,298.34,1.0,298.41,2.0,-3.0,0.0,2020-01-08 09:31:27.707648,298.45,298.46,1,0.07000000000005002,0.13234508547009227,1,1,-0.3333333333333333,0.00125
60,2020-01-08 09:31:28,N,AAPL,298.45,2.0,298.46,2.0,1.0,0.0,2020-01-08 09:31:28.011598,298.5,298.51,1,0.009999999999990905,0.13448467058060487,1,-1,0.0,0.00125
61,2020-01-08 09:31:29,N,AAPL,298.5,5.0,298.51,2.0,3.0,-30.0,2020-01-08 09:31:29.147653,298.48,298.61,0,0.009999999999990905,0.12349622878690525,1,1,0.42857142857142855,0.00125
62,2020-01-08 09:31:30,N,AAPL,298.48,3.0,298.61,2.0,2.0,0.0,2020-01-08 09:31:30.375364,298.51,298.63,0,0.12999999999999545,0.12319204892963853,1,1,0.2,0.00226
63,2020-01-08 09:31:31,N,AAPL,298.51,7.0,298.63,2.0,5.0,0.0,2020-01-08 09:31:31.055503,298.53,298.63,0,0.12000000000000455,0.10644532163735221,1,-1,0.5555555555555556,0.00226
64,2020-01-08 09:31:32,N,AAPL,298.53,1.0,298.63,2.0,-2.0,0.0,2020-01-08 09:31:32.108071,298.52,298.6,0,0.10000000000002274,0.11425181013675001,1,-1,-0.3333333333333333,0.00226
65,2020-01-08 09:31:33,N,AAPL,298.52,7.0,298.6,4.0,6.0,2.0,2020-01-08 09:31:33.025676,298.39,298.47,-1,0.08000000000004093,0.10909572445262938,1,-1,0.2727272727272727,0.00226
66,2020-01-08 09:31:34,N,AAPL,298.39,5.0,298.47,4.0,4.0,3.0,2020-01-08 09:31:34.011811,298.41,298.48,0,0.08000000000004093,0.11114015976761493,1,1,0.1111111111111111,0.00226
67,2020-01-08 09:31:35,N,AAPL,298.41,4.0,298.48,1.0,0.0,-1.0,2020-01-08 09:31:35.269175,298.47,298.51,0,0.06999999999999318,0.10304644323889534,1,-1,0.6,0.00226
68,2020-01-08 09:31:36,N,AAPL,298.47,2.0,298.51,1.0,0.0,0.0,2020-01-08 09:31:36.204053,298.32,298.39,-1,0.03999999999996362,0.10097860855660201,1,-1,0.3333333333333333,0.00226
69,2020-01-08 09:31:37,N,AAPL,298.32,2.0,298.39,1.0,0.0,-1.0,2020-01-08 09:31:37.672383,298.27,298.36,0,0.06999999999999318,0.09945528455284602,1,1,0.3333333333333333,0.00226
70,2020-01-08 09:31:38,N,AAPL,298.27,4.0,298.36,1.0,3.0,0.0,2020-01-08 09:31:38.216194,298.28,298.38,0,0.09000000000003183,0.09351132530122186,0,1,0.6,0.00226
71,2020-01-08 09:31:39,N,AAPL,298.28,4.0,298.38,2.0,0.0,1.0,2020-01-08 09:31:39.227999,298.29,298.38,0,0.10000000000002274,0.0913184289464084,0,1,0.3333333333333333,0.00226
72,2020-01-08 09:31:40,N,AAPL,298.29,2.0,298.38,2.0,0.0,1.0,2020-01-08 09:31:40.035790,298.42,298.49,1,0.08999999999997499,0.09364016544122933,0,-1,0.0,0.00226
73,2020-01-08 09:31:41,N,AAPL,298.42,2.0,298.49,2.0,0.0,0.0,2020-01-08 09:31:41.035533,298.38,298.48,0,0.06999999999999318,0.09614341085278966,0,-1,0.0,0.00226
74,2020-01-08 09:31:42,N,AAPL,298.38,2.0,298.48,1.0,-2.0,-3.0,2020-01-08 09:31:42.457902,298.39,298.48,0,0.10000000000002274,0.09488239217444061,0,1,0.3333333333333333,0.00226
75,2020-01-08 09:31:43,N,AAPL,298.39,1.0,298.48,1.0,-1.0,0.0,2020-01-08 09:31:43.030077,298.39,298.48,0,0.09000000000003183,0.09614942528747861,0,-1,0.0,0.00226
76,2020-01-08 09:31:44,N,AAPL,298.39,4.0,298.48,1.0,3.0,0.0,2020-01-08 09:31:44.154246,298.41,298.45,0,0.09000000000003183,0.0897973045823619,0,1,0.6,0.00226
77,2020-01-08 09:31:45,N,AAPL,298.41,2.0,298.45,1.0,1.0,-1.0,2020-01-08 09:31:45.132024,298.41,298.49,0,0.03999999999996362,0.08827843037124694,0,-1,0.3333333333333333,0.00226
78,2020-01-08 09:31:46,N,AAPL,298.41,2.0,298.49,4.0,-2.0,0.0,2020-01-08 09:31:46.027238,298.4,298.48,0,0.07999999999998408,0.09812267658003293,0,1,-0.3333333333333333,0.00226
79,2020-01-08 09:31:47,N,AAPL,298.4,3.0,298.48,1.0,0.0,0.0,2020-01-08 09:31:47.693306,298.4,298.48,0,0.08000000000004093,0.0943723594410244,0,1,0.5,0.00226
80,2020-01-08 09:31:48,N,AAPL,298.4,4.0,298.48,1.0,0.0,0.0,2020-01-08 09:31:48.068281,298.4,298.47,0,0.08000000000004093,0.08839225991403055,0,1,0.6,0.00226
81,2020-01-08 09:31:49,N,AAPL,298.4,10.0,298.47,4.0,7.0,3.0,2020-01-08 09:31:49.050762,298.41,298.48,0,0.07000000000005002,0.07929769155578015,1,-1,0.42857142857142855,0.00226
82,2020-01-08 09:31:50,N,AAPL,298.41,2.0,298.48,1.0,0.0,-1.0,2020-01-08 09:31:50.485775,298.41,298.48,0,0.06999999999999318,0.07823603683897318,1,-1,0.3333333333333333,0.00226
83,2020-01-08 09:31:51,N,AAPL,298.41,4.0,298.48,2.0,0.0,1.0,2020-01-08 09:31:51.291881,298.28,298.31,-1,0.06999999999999318,0.07618757700947754,1,1,0.3333333333333333,0.00226
84,2020-01-08 09:31:52,N,AAPL,298.28,4.0,298.31,2.0,3.0,1.0,2020-01-08 09:31:52.778356,298.29,298.4,0,0.03000000000002956,0.07421112211687841,1,-1,0.3333333333333333,0.00226
85,2020-01-08 09:31:53,N,AAPL,298.29,2.0,298.4,3.0,-2.0,2.0,2020-01-08 09:31:53.130482,298.32,298.36,0,0.1099999999999568,0.07908877049743523,1,1,-0.2,0.00226
86,2020-01-08 09:31:55,N,AAPL,298.32,1.0,298.36,2.0,0.0,0.0,2020-01-08 09:31:55.301287,298.21,298.28,-1,0.040000000000020464,0.08226196164076782,1,-1,-0.3333333333333333,0.00226
87,2020-01-08 09:31:56,N,AAPL,298.21,10.0,298.28,1.0,0.0,-5.0,2020-01-08 09:31:56.341513,298.21,298.3,0,0.06999999999999318,0.07103970561655615,1,1,0.8181818181818182,0.00226
88,2020-01-08 09:31:57,N,AAPL,298.21,7.0,298.3,2.0,0.0,0.0,2020-01-08 09:31:57.150382,298.12,298.2,-1,0.09000000000003183,0.06644090706691941,1,1,0.5555555555555556,0.00226
89,2020-01-08 09:31:58,N,AAPL,298.12,3.0,298.2,2.0,0.0,-2.0,2020-01-08 09:31:58.079746,298.14,298.23,0,0.07999999999998408,0.06673794039204495,1,-1,0.2,0.00226
90,2020-01-08 09:31:59,N,AAPL,298.14,1.0,298.23,4.0,0.0,3.0,2020-01-08 09:31:59.356006,298.16,298.25,0,0.09000000000003183,0.07234070121944569,1,1,-0.6,0.00226
91,2020-01-08 09:32:00,N,AAPL,298.16,4.0,298.25,1.0,0.0,0.0,2020-01-08 09:32:00.003726,298.18,298.24,0,0.08999999999997499,0.06993018098995663,1,-1,0.6,0.00226
92,2020-01-08 09:32:01,N,AAPL,298.18,3.0,298.24,1.0,0.0,-1.0,2020-01-08 09:32:01.196574,298.19,298.29,0,0.060000000000002274,0.0683659087886781,1,-1,0.5,0.00226
93,2020-01-08 09:32:02,N,AAPL,298.19,3.0,298.29,1.0,0.0,0.0,2020-01-08 09:32:02.745265,298.22,298.3,0,0.10000000000002274,0.06699358974350389,1,1,0.5,0.00226
94,2020-01-08 09:32:03,N,AAPL,298.22,3.0,298.3,2.0,0.0,-2.0,2020-01-08 09:32:03.025548,298.35,298.42,1,0.07999999999998408,0.06731445731435315,1,-1,0.2,0.00226
95,2020-01-08 09:32:04,N,AAPL,298.35,3.0,298.42,2.0,2.0,1.0,2020-01-08 09:32:04.133019,298.39,298.48,0,0.06999999999999318,0.06759714734954514,1,-1,0.2,0.00226
96,2020-01-08 09:32:05,N,AAPL,298.39,4.0,298.48,4.0,3.0,2.0,2020-01-08 09:32:05.052052,298.44,298.5,0,0.09000000000003183,0.07169063180828061,1,1,0.0,0.0025
97,2020-01-08 09:32:06,N,AAPL,298.44,1.0,298.5,1.0,-8.0,-1.0,2020-01-08 09:32:06.549433,298.51,298.55,1,0.060000000000002274,0.07262253875154556,1,-1,0.0,0.0025
98,2020-01-08 09:32:07,N,AAPL,298.51,4.0,298.55,1.0,2.0,0.0,2020-01-08 09:32:07.559704,298.6,298.68,1,0.040000000000020464,0.06787249036034382,1,-1,0.6,0.0025
99,2020-01-08 09:32:08,N,AAPL,298.6,4.0,298.68,1.0,0.0,0.0,2020-01-08 09:32:08.173862,298.63,298.68,0,0.07999999999998408,0.06283288194583747,1,1,0.6,0.0025
100,2020-01-08 09:32:09,N,AAPL,298.63,1.0,298.68,4.0,-2.0,3.0,2020-01-08 09:32:09.020832,298.59,298.65,0,0.05000000000001137,0.07407046764899405,1,-1,-0.6,0.0025
101,2020-01-08 09:32:10,N,AAPL,298.59,1.0,298.65,2.0,-1.0,0.0,2020-01-08 09:32:10.455033,298.56,298.66,0,0.060000000000002274,0.07828376068385978,1,1,-0.3333333333333333,0.0025
102,2020-01-08 09:32:11,N,AAPL,298.56,6.0,298.66,4.0,1.0,3.0,2020-01-08 09:32:11.073523,298.59,298.66,0,0.10000000000002274,0.07911636270233657,1,1,0.2,0.0025
103,2020-01-08 09:32:12,N,AAPL,298.59,2.0,298.66,2.0,-6.0,1.0,2020-01-08 09:32:12.023676,298.63,298.71,0,0.07000000000005002,0.08121284472269963,1,-1,0.0,0.0025
104,2020-01-08 09:32:13,N,AAPL,298.63,1.0,298.71,2.0,-1.0,1.0,2020-01-08 09:32:13.008468,298.63,298.71,0,0.07999999999998408,0.08550333810211441,0,1,-0.3333333333333333,0.0025
105,2020-01-08 09:32:14,N,AAPL,298.63,2.0,298.71,1.0,0.0,-1.0,2020-01-08 09:32:14.763638,298.64,298.7,0,0.07999999999998408,0.08455541389253085,0,1,0.3333333333333333,0.0025
106,2020-01-08 09:32:15,N,AAPL,298.64,3.0,298.7,4.0,1.0,3.0,2020-01-08 09:32:15.124138,298.64,298.71,0,0.060000000000002274,0.09053735466807211,0,-1,-0.14285714285714285,0.0025
107,2020-01-08 09:32:16,N,AAPL,298.64,8.0,298.71,3.0,7.0,1.0,2020-01-08 09:32:16.666988,298.69,298.72,0,0.06999999999999318,0.08363532199410884,0,1,0.45454545454545453,0.0025
108,2020-01-08 09:32:17,N,AAPL,298.69,2.0,298.72,1.0,-2.0,0.0,2020-01-08 09:32:17.567103,298.69,298.71,0,0.03000000000002956,0.0824856198348698,1,-1,0.3333333333333333,0.0025
109,2020-01-08 09:32:18,N,AAPL,298.69,4.0,298.71,1.0,3.0,-1.0,2020-01-08 09:32:18.625192,298.67,298.68,-1,0.01999999999998181,0.07727982453303639,1,-1,0.6,0.0025
110,2020-01-08 09:32:19,N,AAPL,298.67,2.0,298.68,5.0,-5.0,4.0,2020-01-08 09:32:19.050440,298.63,298.66,-1,0.009999999999990905,0.08696490559663062,0,-1,-0.42857142857142855,0.0025
111,2020-01-08 09:32:21,N,AAPL,298.63,2.0,298.66,1.0,1.0,-1.0,2020-01-08 09:32:21.949024,298.56,298.65,0,0.03000000000002956,0.08589616953457835,0,1,0.3333333333333333,0.0025
112,2020-01-08 09:32:22,N,AAPL,298.56,4.0,298.65,2.0,3.0,1.0,2020-01-08 09:32:22.225333,298.68,298.71,1,0.08999999999997499,0.08445391560377402,0,1,0.3333333333333333,0.0025
113,2020-01-08 09:32:23,N,AAPL,298.68,4.0,298.71,1.0,2.0,-1.0,2020-01-08 09:32:23.706070,298.66,298.72,0,0.029999999999972715,0.07962600982426693,1,-1,0.6,0.0025
114,2020-01-08 09:32:24,N,AAPL,298.66,2.0,298.72,1.0,0.0,-1.0,2020-01-08 09:32:24.275779,298.7,298.76,0,0.060000000000002274,0.07874272093658874,1,1,0.3333333333333333,0.0025
115,2020-01-08 09:32:25,N,AAPL,298.7,4.0,298.76,8.0,2.0,3.0,2020-01-08 09:32:25.286247,298.65,298.69,-1,0.060000000000002274,0.09350425123290051,1,1,-0.3333333333333333,0.0025
116,2020-01-08 09:32:27,N,AAPL,298.65,1.0,298.69,1.0,-1.0,-2.0,2020-01-08 09:32:27.389246,298.64,298.69,0,0.040000000000020464,0.09419713069166846,1,-1,0.0,0.0025
117,2020-01-08 09:32:29,N,AAPL,298.64,4.0,298.69,1.0,3.0,0.0,2020-01-08 09:32:29.085318,298.63,298.72,0,0.05000000000001137,0.08987240603079272,0,1,0.6,0.0025
118,2020-01-08 09:32:30,N,AAPL,298.63,2.0,298.72,2.0,1.0,0.0,2020-01-08 09:32:30.241807,298.64,298.72,0,0.09000000000003183,0.09158555949943548,0,1,0.0,0.0025
119,2020-01-08 09:32:31,N,AAPL,298.64,1.0,298.72,2.0,0.0,0.0,2020-01-08 09:32:31.053200,298.64,298.72,0,0.08000000000004093,0.09484366763774688,1,-1,-0.3333333333333333,0.0025
120,2020-01-08 09:32:32,N,AAPL,298.64,1.0,298.72,1.0,-5.0,0.0,2020-01-08 09:32:32.005992,298.63,298.7,0,0.08000000000004093,0.0956310197780681,1,1,0.0,0.0025
121,2020-01-08 09:32:33,N,AAPL,298.63,6.0,298.7,4.0,0.0,3.0,2020-01-08 09:32:33.077841,298.65,298.73,0,0.06999999999999318,0.09534730154206272,1,-1,0.2,0.0025
122,2020-01-08 09:32:34,N,AAPL,298.65,1.0,298.73,3.0,-5.0,2.0,2020-01-08 09:32:34.283733,298.74,298.76,1,0.08000000000004093,0.1008100374203309,1,1,-0.5,0.0025
123,2020-01-08 09:32:36,N,AAPL,298.74,4.0,298.76,2.0,2.0,-4.0,2020-01-08 09:32:36.654156,298.75,298.79,0,0.01999999999998181,0.09844341133606349,1,-1,0.3333333333333333,0.0025
124,2020-01-08 09:32:37,N,AAPL,298.75,1.0,298.79,1.0,0.0,0.0,2020-01-08 09:32:37.362284,298.74,298.79,0,0.040000000000020464,0.09914219820325343,1,1,0.0,0.0025
125,2020-01-08 09:32:38,N,AAPL,298.74,2.0,298.79,1.0,1.0,0.0,2020-01-08 09:32:38.090480,298.78,298.82,0,0.05000000000001137,0.09809139784954368,1,1,0.3333333333333333,0.0025
126,2020-01-08 09:32:39,N,AAPL,298.78,4.0,298.82,3.0,2.0,2.0,2020-01-08 09:32:39.153798,298.81,298.87,0,0.040000000000020464,0.09841178241680382,1,-1,0.14285714285714285,0.0025
127,2020-01-08 09:32:40,N,AAPL,298.81,4.0,298.87,4.0,0.0,3.0,2020-01-08 09:32:40.173270,298.83,298.88,0,0.060000000000002274,0.1015951571793039,1,1,0.0,0.0025
128,2020-01-08 09:32:41,N,AAPL,298.83,2.0,298.88,9.0,-2.0,7.0,2020-01-08 09:32:41.334885,298.79,298.82,-1,0.05000000000001137,0.12107725660234792,1,-1,-0.6363636363636364,0.0025
129,2020-01-08 09:32:42,N,AAPL,298.79,2.0,298.82,9.0,-6.0,7.0,2020-01-08 09:32:42.144542,298.8,298.84,0,0.029999999999972715,0.13762548732944424,1,-1,-0.6363636363636364,0.0025
130,2020-01-08 09:32:43,N,AAPL,298.8,4.0,298.84,3.0,3.0,0.0,2020-01-08 09:32:43.557336,298.82,298.84,0,0.03999999999996362,0.1371358664794684,1,1,0.14285714285714285,0.00399
131,2020-01-08 09:32:44,N,AAPL,298.82,4.0,298.84,1.0,3.0,-2.0,2020-01-08 09:32:44.225919,298.82,298.88,0,0.01999999999998181,0.13213961038962907,1,-1,0.6,0.00399
132,2020-01-08 09:32:45,N,AAPL,298.82,1.0,298.88,7.0,-1.0,0.0,2020-01-08 09:32:45.000775,298.96,299.0,1,0.060000000000002274,0.14615419501137694,1,1,-0.75,0.00399
133,2020-01-08 09:32:46,N,AAPL,298.96,2.0,299.0,69.0,0.0,65.0,2020-01-08 09:32:46.042685,298.96,299.05,0,0.040000000000020464,0.28839352896915216,1,-1,-0.9436619718309859,0.00399
134,2020-01-08 09:32:47,N,AAPL,298.96,4.0,299.05,5.0,3.0,4.0,2020-01-08 09:32:47.011005,298.97,299.03,0,0.09000000000003183,0.28942323286349847,1,1,-0.1111111111111111,0.00399
135,2020-01-08 09:32:48,N,AAPL,298.97,1.0,299.03,2.0,-1.0,0.0,2020-01-08 09:32:48.324583,298.99,299.04,0,0.05999999999994543,0.29089776671537493,1,-1,-0.3333333333333333,0.00399
136,2020-01-08 09:32:49,N,AAPL,298.99,1.0,299.04,4.0,-1.0,0.0,2020-01-08 09:32:49.164069,298.9,299.0,0,0.05000000000001137,0.2958558822700752,1,-1,-0.6,0.00399
137,2020-01-08 09:32:50,N,AAPL,298.9,2.0,299.0,1.0,0.0,-1.0,2020-01-08 09:32:50.331542,298.9,298.97,0,0.10000000000002274,0.29374907612714196,1,1,0.3333333333333333,0.00399
138,2020-01-08 09:32:52,N,AAPL,298.9,5.0,298.97,4.0,0.0,3.0,2020-01-08 09:32:52.522517,298.91,298.98,0,0.07000000000005002,0.29070043859655925,1,-1,0.1111111111111111,0.00399
139,2020-01-08 09:32:53,N,AAPL,298.91,1.0,298.98,2.0,-4.0,0.0,2020-01-08 09:32:53.005811,298.9,298.93,0,0.06999999999999318,0.2919474291563233,1,-1,-0.3333333333333333,0.00399
140,2020-01-08 09:32:54,N,AAPL,298.9,2.0,298.93,4.0,1.0,2.0,2020-01-08 09:32:54.009714,298.89,298.97,0,0.03000000000002956,0.29392516393539836,1,-1,-0.3333333333333333,0.00399
141,2020-01-08 09:32:55,N,AAPL,298.89,4.0,298.97,2.0,-2.0,-2.0,2020-01-08 09:32:55.005967,298.93,298.97,0,0.08000000000004093,0.2898269491383303,1,1,0.3333333333333333,0.00399
142,2020-01-08 09:32:56,N,AAPL,298.93,2.0,298.97,1.0,1.0,-2.0,2020-01-08 09:32:56.126580,298.91,298.94,0,0.040000000000020464,0.2876404553462635,1,-1,0.3333333333333333,0.00399
143,2020-01-08 09:32:57,N,AAPL,298.91,1.0,298.94,2.0,-1.0,0.0,2020-01-08 09:32:57.049516,298.88,298.93,0,0.029999999999972715,0.2886316740286361,1,-1,-0.3333333333333333,0.00399
144,2020-01-08 09:32:58,N,AAPL,298.88,1.0,298.93,1.0,0.0,-1.0,2020-01-08 09:32:58.050463,298.82,298.9,0,0.05000000000001137,0.28827929772768357,1,1,0.0,0.00399
145,2020-01-08 09:32:59,N,AAPL,298.82,3.0,298.9,2.0,-1.0,0.0,2020-01-08 09:32:59.010753,298.82,298.9,0,0.07999999999998408,0.2861373214102514,1,1,0.2,0.00399
146,2020-01-08 09:33:00,N,AAPL,298.82,3.0,298.9,1.0,2.0,-3.0,2020-01-08 09:33:00.082046,298.82,298.89,0,0.07999999999998408,0.2827809164777477,1,1,0.5,0.00399
147,2020-01-08 09:33:01,N,AAPL,298.82,1.0,298.89,4.0,-1.0,2.0,2020-01-08 09:33:01.165591,298.72,298.75,-1,0.06999999999999318,0.2861228260979374,1,-1,-0.6,0.00399
148,2020-01-08 09:33:03,N,AAPL,298.72,2.0,298.75,2.0,-1.0,0.0,2020-01-08 09:33:03.088685,298.72,298.78,0,0.029999999999972715,0.2852469610172079,1,-1,0.0,0.00399
149,2020-01-08 09:33:04,N,AAPL,298.72,4.0,298.78,4.0,1.0,0.0,2020-01-08 09:33:04.045111,298.82,298.87,1,0.05999999999994543,0.2837938725490403,1,1,0.0,0.00399
150,2020-01-08 09:33:06,N,AAPL,298.82,4.0,298.87,1.0,2.0,0.0,2020-01-08 09:33:06.047145,298.89,298.93,1,0.05000000000001137,0.2790248515888152,1,-1,0.6,0.00399
151,2020-01-08 09:33:08,N,AAPL,298.89,4.0,298.93,2.0,2.0,1.0,2020-01-08 09:33:08.217235,298.83,298.9,0,0.040000000000020464,0.27516872223066,1,-1,0.3333333333333333,0.00399
152,2020-01-08 09:33:09,N,AAPL,298.83,2.0,298.9,2.0,-2.0,0.0,2020-01-08 09:33:09.120427,298.82,298.85,0,0.06999999999999318,0.2746193640246588,1,1,0.0,0.00399
153,2020-01-08 09:33:10,N,AAPL,298.82,1.0,298.85,2.0,-3.0,0.0,2020-01-08 09:33:10.108624,298.8,298.87,0,0.03000000000002956,0.2752969186090013,1,-1,-0.3333333333333333,0.00408
154,2020-01-08 09:33:11,N,AAPL,298.8,1.0,298.87,2.0,0.0,0.0,2020-01-08 09:33:11.052476,299.02,299.07,1,0.06999999999999318,0.2760937207298184,1,1,-0.3333333333333333,0.00408
155,2020-01-08 09:33:12,N,AAPL,299.02,1.0,299.07,1.0,-1.0,0.0,2020-01-08 09:33:12.036964,299.06,299.1,0,0.05000000000001137,0.27581609195402734,1,-1,0.0,0.00408
156,2020-01-08 09:33:14,N,AAPL,299.06,2.0,299.1,4.0,1.0,3.0,2020-01-08 09:33:14.157884,299.02,299.09,0,0.040000000000020464,0.2784011412531413,1,-1,-0.3333333333333333,0.00408
157,2020-01-08 09:33:15,N,AAPL,299.02,2.0,299.09,1.0,-2.0,-1.0,2020-01-08 09:33:15.166791,299.0,299.06,0,0.06999999999999318,0.2763693067495865,1,1,0.3333333333333333,0.00408
158,2020-01-08 09:33:16,N,AAPL,299.0,2.0,299.06,2.0,1.0,0.0,2020-01-08 09:33:16.151463,299.0,299.07,0,0.060000000000002274,0.27583792018424447,1,-1,0.0,0.00408
159,2020-01-08 09:33:17,N,AAPL,299.0,3.0,299.07,3.0,-1.0,1.0,2020-01-08 09:33:17.497199,298.97,299.05,0,0.06999999999999318,0.2751105689600877,1,1,0.0,0.00408
160,2020-01-08 09:33:18,N,AAPL,298.97,2.0,299.05,4.0,-1.0,2.0,2020-01-08 09:33:18.171995,298.97,299.07,0,0.07999999999998408,0.27746045002999153,1,1,-0.3333333333333333,0.00408
161,2020-01-08 09:33:19,N,AAPL,298.97,2.0,299.07,2.0,0.0,-1.0,2020-01-08 09:33:19.602168,298.98,299.06,0,0.0999999999999659,0.2770707606285896,1,1,0.0,0.00408
162,2020-01-08 09:33:20,N,AAPL,298.98,2.0,299.06,4.0,0.0,0.0,2020-01-08 09:33:20.081685,298.82,298.86,-1,0.07999999999998408,0.2793717660292714,1,-1,-0.3333333333333333,0.00408
163,2020-01-08 09:33:21,N,AAPL,298.82,1.0,298.86,2.0,0.0,0.0,2020-01-08 09:33:21.188092,298.79,298.84,0,0.040000000000020464,0.2799343974756425,1,-1,-0.3333333333333333,0.00408
164,2020-01-08 09:33:22,N,AAPL,298.79,7.0,298.84,2.0,1.0,0.0,2020-01-08 09:33:22.295481,298.79,298.84,0,0.049999999999954525,0.27307265541872994,1,1,0.5555555555555556,0.00408
165,2020-01-08 09:33:23,N,AAPL,298.79,4.0,298.84,2.0,-3.0,0.0,2020-01-08 09:33:23.517499,298.85,298.89,1,0.049999999999954525,0.2699995828465944,1,1,0.3333333333333333,0.00408
166,2020-01-08 09:33:24,N,AAPL,298.85,2.0,298.89,2.0,0.0,1.0,2020-01-08 09:33:24.119433,298.89,298.93,0,0.03999999999996362,0.2693394735317156,1,-1,0.0,0.00408
167,2020-01-08 09:33:25,N,AAPL,298.89,2.0,298.93,10.0,1.0,9.0,2020-01-08 09:33:25.836826,298.86,298.93,0,0.040000000000020464,0.2769694010941066,1,1,-0.6666666666666666,0.00408
168,2020-01-08 09:33:26,N,AAPL,298.86,3.0,298.93,10.0,-2.0,0.0,2020-01-08 09:33:26.059956,298.86,298.92,0,0.06999999999999318,0.2830048990142018,1,1,-0.5384615384615384,0.00408
169,2020-01-08 09:33:28,N,AAPL,298.86,1.0,298.92,1.0,-1.0,-4.0,2020-01-08 09:33:28.032505,298.85,298.9,0,0.060000000000002274,0.2826618457299901,1,-1,0.0,0.00408
170,2020-01-08 09:33:29,N,AAPL,298.85,2.0,298.9,1.0,0.0,-2.0,2020-01-08 09:33:29.174152,298.85,298.9,0,0.049999999999954525,0.2810313168644143,1,-1,0.3333333333333333,0.00408
171,2020-01-08 09:33:30,N,AAPL,298.85,2.0,298.9,1.0,-6.0,-2.0,2020-01-08 09:33:30.750560,298.84,298.91,0,0.049999999999954525,0.2794161329248368,1,1,0.3333333333333333,0.00408
172,2020-01-08 09:33:31,N,AAPL,298.84,2.0,298.91,2.0,-5.0,1.0,2020-01-08 09:33:31.018638,298.84,298.91,0,0.07000000000005002,0.27878990912995505,1,1,0.0,0.00408
173,2020-01-08 09:33:33,N,AAPL,298.84,2.0,298.91,4.0,1.0,2.0,2020-01-08 09:33:33.058908,298.9,298.97,0,0.07000000000005002,0.27997269748817644,1,1,-0.3333333333333333,0.00408
174,2020-01-08 09:33:34,N,AAPL,298.9,2.0,298.97,2.0,0.0,1.0,2020-01-08 09:33:34.209383,298.9,298.94,0,0.07000000000005002,0.27935847267582403,1,1,0.0,0.00408
175,2020-01-08 09:33:35,N,AAPL,298.9,2.0,298.94,2.0,0.0,0.0,2020-01-08 09:33:35.025291,298.81,298.84,-1,0.040000000000020464,0.27862649342893064,1,-1,0.0,0.00408
176,2020-01-08 09:33:36,N,AAPL,298.81,2.0,298.84,2.0,0.0,1.0,2020-01-08 09:33:36.136212,298.8,298.84,0,0.029999999999972715,0.2778291764846017,1,-1,0.0,0.00408
177,2020-01-08 09:33:37,N,AAPL,298.8,2.0,298.84,1.0,0.0,-1.0,2020-01-08 09:33:37.549740,298.81,298.84,0,0.03999999999996362,0.27634106448192597,1,1,0.3333333333333333,0.00408
178,2020-01-08 09:33:40,N,AAPL,298.81,4.0,298.84,1.0,-3.0,0.0,2020-01-08 09:33:40.178105,298.85,298.88,1,0.029999999999972715,0.2726021897810256,1,-1,0.6,0.00408
179,2020-01-08 09:33:41,N,AAPL,298.85,2.0,298.88,1.0,-2.0,-1.0,2020-01-08 09:33:41.376324,298.85,298.9,0,0.029999999999972715,0.2710548357829907,1,1,0.3333333333333333,0.00408
180,2020-01-08 09:33:42,N,AAPL,298.85,2.0,298.9,2.0,-4.0,0.0,2020-01-08 09:33:42.167236,298.89,298.94,0,0.049999999999954525,0.27040380902985817,1,1,0.0,0.00408
181,2020-01-08 09:33:43,N,AAPL,298.89,2.0,298.94,2.0,0.0,0.0,2020-01-08 09:33:43.396251,298.91,298.97,0,0.05000000000001137,0.2697703113271359,1,1,0.0,0.00408
182,2020-01-08 09:33:44,N,AAPL,298.91,1.0,298.97,2.0,0.0,-2.0,2020-01-08 09:33:44.043825,298.88,298.96,0,0.060000000000002274,0.2704449064448795,1,1,-0.3333333333333333,0.00408
183,2020-01-08 09:33:45,N,AAPL,298.88,1.0,298.96,2.0,0.0,0.0,2020-01-08 09:33:45.064328,298.87,298.93,0,0.07999999999998408,0.2711234823535733,1,1,-0.3333333333333333,0.00408
184,2020-01-08 09:33:46,N,AAPL,298.87,4.0,298.93,1.0,3.0,-1.0,2020-01-08 09:33:46.504841,298.88,298.93,0,0.060000000000002274,0.267297268907555,1,-1,0.6,0.00408
185,2020-01-08 09:33:47,N,AAPL,298.88,4.0,298.93,1.0,0.0,0.0,2020-01-08 09:33:47.656156,298.85,298.89,0,0.05000000000001137,0.2634634148033683,1,-1,0.6,0.00408
186,2020-01-08 09:33:49,N,AAPL,298.85,2.0,298.89,4.0,1.0,3.0,2020-01-08 09:33:49.440952,298.82,298.88,0,0.03999999999996362,0.2643908538885853,1,-1,-0.3333333333333333,0.00408
187,2020-01-08 09:33:50,N,AAPL,298.82,1.0,298.88,1.0,0.0,-1.0,2020-01-08 09:33:50.235525,298.82,298.88,0,0.060000000000002274,0.2640987859398365,1,1,0.0,0.00408
188,2020-01-08 09:33:51,N,AAPL,298.82,1.0,298.88,4.0,0.0,3.0,2020-01-08 09:33:51.050300,298.78,298.82,0,0.060000000000002274,0.2660628385697805,1,1,-0.6,0.00408
189,2020-01-08 09:33:54,N,AAPL,298.78,1.0,298.82,2.0,-9.0,0.0,2020-01-08 09:33:54.888424,298.68,298.73,-1,0.040000000000020464,0.2663471910792623,1,-1,-0.3333333333333333,0.00408
190,2020-01-08 09:33:56,N,AAPL,298.68,5.0,298.73,2.0,4.0,0.0,2020-01-08 09:33:56.125912,298.59,298.67,-1,0.05000000000001137,0.2633007287815303,1,1,0.42857142857142855,0.00408
191,2020-01-08 09:33:57,N,AAPL,298.59,2.0,298.67,2.0,0.0,1.0,2020-01-08 09:33:57.028856,298.53,298.58,-1,0.08000000000004093,0.2627225258765975,1,1,0.0,0.00408
192,2020-01-08 09:33:58,N,AAPL,298.53,3.0,298.58,1.0,2.0,-3.0,2020-01-08 09:33:58.059923,298.47,298.53,0,0.05000000000001137,0.2613384655215327,1,-1,0.5,0.00502
193,2020-01-08 09:33:59,N,AAPL,298.47,2.0,298.53,1.0,0.0,0.0,2020-01-08 09:33:59.339602,298.47,298.54,0,0.05999999999994543,0.2605901528190202,1,1,0.3333333333333333,0.00502
194,2020-01-08 09:34:00,N,AAPL,298.47,4.0,298.54,1.0,2.0,0.0,2020-01-08 09:34:00.030813,298.51,298.54,0,0.06999999999999318,0.2590613478099044,1,1,0.6,0.00502
195,2020-01-08 09:34:01,N,AAPL,298.51,1.0,298.54,1.0,-3.0,0.0,2020-01-08 09:34:01.857542,298.55,298.62,1,0.03000000000002956,0.25867866572218645,1,-1,0.0,0.00502
196,2020-01-08 09:34:02,N,AAPL,298.55,2.0,298.62,4.0,0.0,3.0,2020-01-08 09:34:02.089695,298.53,298.58,0,0.06999999999999318,0.25854983566455303,1,1,-0.3333333333333333,0.00502
197,2020-01-08 09:34:03,N,AAPL,298.53,2.0,298.58,2.0,0.0,1.0,2020-01-08 09:34:03.107626,298.52,298.55,0,0.05000000000001137,0.2578717429800008,1,-1,0.0,0.00502
198,2020-01-08 09:34:04,N,AAPL,298.52,1.0,298.55,28.0,0.0,24.0,2020-01-08 09:34:04.360111,298.5,298.55,0,0.03000000000002956,0.26008424235880057,1,-1,-0.9310344827586207,0.00502
199,2020-01-08 09:34:06,N,AAPL,298.5,1.0,298.55,28.0,0.0,0.0,2020-01-08 09:34:06.085614,298.6,298.65,1,0.05000000000001137,0.2620777027026975,1,1,-0.9310344827586207,0.00502
200,2020-01-08 09:34:08,N,AAPL,298.6,4.0,298.65,3.0,2.0,1.0,2020-01-08 09:34:08.730198,298.6,298.65,0,0.049999999999954525,0.2604055326829098,1,-1,0.14285714285714285,0.00502
201,2020-01-08 09:34:09,N,AAPL,298.6,1.0,298.65,2.0,-10.0,-1.0,2020-01-08 09:34:09.760706,298.62,298.69,0,0.049999999999954525,0.26030150753763337,1,1,-0.3333333333333333,0.00502
202,2020-01-08 09:34:10,N,AAPL,298.62,1.0,298.69,2.0,0.0,0.0,2020-01-08 09:34:10.075788,298.66,298.74,0,0.06999999999999318,0.2602962853362101,1,1,-0.3333333333333333,0.00502
203,2020-01-08 09:34:11,N,AAPL,298.66,5.0,298.74,2.0,4.0,-6.0,2020-01-08 09:34:11.319350,298.7,298.78,0,0.07999999999998408,0.2576239159168381,1,1,0.42857142857142855,0.00502
204,2020-01-08 09:34:12,N,AAPL,298.7,1.0,298.78,3.0,-1.0,1.0,2020-01-08 09:34:12.093790,298.73,298.77,0,0.07999999999998408,0.25824503311258695,1,1,-0.5,0.00502
205,2020-01-08 09:34:13,N,AAPL,298.73,1.0,298.77,2.0,-1.0,0.0,2020-01-08 09:34:13.512866,298.72,298.76,0,0.03999999999996362,0.2583208957259444,1,-1,-0.3333333333333333,0.00502
206,2020-01-08 09:34:16,N,AAPL,298.72,1.0,298.76,2.0,0.0,0.0,2020-01-08 09:34:16.234228,298.76,298.79,0,0.03999999999996362,0.2583772472641499,1,1,-0.3333333333333333,0.00502
207,2020-01-08 09:34:19,N,AAPL,298.76,1.0,298.79,2.0,-1.0,1.0,2020-01-08 09:34:19.606566,298.78,298.83,0,0.03000000000002956,0.2584631485132718,1,-1,-0.3333333333333333,0.00502
208,2020-01-08 09:34:20,N,AAPL,298.78,4.0,298.83,6.0,2.0,0.0,2020-01-08 09:34:20.253601,298.77,298.82,0,0.05000000000001137,0.25812796246310654,1,1,-0.2,0.00502
209,2020-01-08 09:34:21,N,AAPL,298.77,3.0,298.82,1.0,0.0,-5.0,2020-01-08 09:34:21.272787,298.77,298.82,0,0.05000000000001137,0.25610131507403366,1,1,0.5,0.00502
210,2020-01-08 09:34:22,N,AAPL,298.77,3.0,298.82,4.0,0.0,3.0,2020-01-08 09:34:22.304629,298.77,298.8,0,0.05000000000001137,0.2555866916173386,1,1,-0.14285714285714285,0.00502
211,2020-01-08 09:34:23,N,AAPL,298.77,1.0,298.8,1.0,-2.0,-1.0,2020-01-08 09:34:23.980805,298.72,298.77,0,0.03000000000002956,0.25521868073553833,1,-1,0.0,0.00502
212,2020-01-08 09:34:24,N,AAPL,298.72,1.0,298.77,1.0,0.0,-1.0,2020-01-08 09:34:24.237392,298.67,298.72,0,0.049999999999954525,0.2548844898181528,1,1,0.0,0.00502
213,2020-01-08 09:34:25,N,AAPL,298.67,4.0,298.72,4.0,3.0,2.0,2020-01-08 09:34:25.257812,298.63,298.69,0,0.05000000000001137,0.2535605868604307,1,1,0.0,0.00502
214,2020-01-08 09:34:27,N,AAPL,298.63,3.0,298.69,6.0,-1.0,4.0,2020-01-08 09:34:27.152514,298.59,298.67,0,0.060000000000002274,0.25345103442708705,1,1,-0.3333333333333333,0.00502
215,2020-01-08 09:34:28,N,AAPL,298.59,1.0,298.67,1.0,-2.0,0.0,2020-01-08 09:34:28.318663,298.58,298.64,0,0.08000000000004093,0.25317170543229395,1,1,0.0,0.00502
216,2020-01-08 09:34:29,N,AAPL,298.58,6.0,298.64,4.0,-1.0,3.0,2020-01-08 09:34:29.283778,298.59,298.67,0,0.060000000000002274,0.2509470501716464,1,-1,0.2,0.00502
217,2020-01-08 09:34:30,N,AAPL,298.59,2.0,298.67,2.0,0.0,0.0,2020-01-08 09:34:30.146238,298.6,298.65,0,0.08000000000004093,0.2504048966536061,1,1,0.0,0.00502
218,2020-01-08 09:34:31,N,AAPL,298.6,4.0,298.65,1.0,1.0,-9.0,2020-01-08 09:34:31.014073,298.6,298.67,0,0.049999999999954525,0.24853276008980174,1,-1,0.6,0.00502
219,2020-01-08 09:34:32,N,AAPL,298.6,5.0,298.67,1.0,1.0,-4.0,2020-01-08 09:34:32.567445,298.64,298.68,0,0.06999999999999318,0.24620813258269436,1,1,0.6666666666666666,0.00502
220,2020-01-08 09:34:34,N,AAPL,298.64,2.0,298.68,2.0,-2.0,-3.0,2020-01-08 09:34:34.038272,298.67,298.72,0,0.040000000000020464,0.24557126511939487,1,-1,0.0,0.00515
221,2020-01-08 09:34:35,N,AAPL,298.67,4.0,298.72,2.0,1.0,0.0,2020-01-08 09:34:35.819933,298.72,298.74,0,0.05000000000001137,0.2437547035009402,1,1,0.3333333333333333,0.00515
222,2020-01-08 09:34:36,N,AAPL,298.72,1.0,298.74,2.0,-1.0,0.0,2020-01-08 09:34:36.424139,298.67,298.73,0,0.01999999999998181,0.24375184900731028,1,-1,-0.3333333333333333,0.00515
223,2020-01-08 09:34:37,N,AAPL,298.67,2.0,298.73,1.0,0.0,-3.0,2020-01-08 09:34:37.069386,298.71,298.76,0,0.060000000000002274,0.2428706904485125,1,1,0.3333333333333333,0.00515
224,2020-01-08 09:34:38,N,AAPL,298.71,2.0,298.76,2.0,0.0,1.0,2020-01-08 09:34:38.508225,298.72,298.79,0,0.05000000000001137,0.24228625367902623,1,-1,0.0,0.00515
225,2020-01-08 09:34:39,N,AAPL,298.72,2.0,298.79,1.0,0.0,-6.0,2020-01-08 09:34:39.154709,298.68,298.76,0,0.06999999999999318,0.24135681336429116,1,1,0.3333333333333333,0.00515
226,2020-01-08 09:34:40,N,AAPL,298.68,1.0,298.76,2.0,-3.0,0.0,2020-01-08 09:34:40.252953,298.67,298.74,0,0.07999999999998408,0.24147727800863095,1,1,-0.3333333333333333,0.00515
227,2020-01-08 09:34:41,N,AAPL,298.67,5.0,298.74,4.0,1.0,2.0,2020-01-08 09:34:41.199721,298.65,298.68,0,0.06999999999999318,0.2398667519380524,1,-1,0.1111111111111111,0.00515
228,2020-01-08 09:34:43,N,AAPL,298.65,1.0,298.68,4.0,-5.0,3.0,2020-01-08 09:34:43.145139,298.65,298.71,0,0.03000000000002956,0.24025684308230666,1,-1,-0.6,0.00515
229,2020-01-08 09:34:44,N,AAPL,298.65,1.0,298.71,2.0,-1.0,0.0,2020-01-08 09:34:44.001160,298.65,298.73,0,0.060000000000002274,0.24026440347853395,1,1,-0.3333333333333333,0.00515
230,2020-01-08 09:34:46,N,AAPL,298.65,3.0,298.73,2.0,2.0,-1.0,2020-01-08 09:34:46.116645,298.65,298.73,0,0.08000000000004093,0.23924084263899204,1,1,0.2,0.00515
231,2020-01-08 09:34:47,N,AAPL,298.65,2.0,298.73,2.0,-2.0,0.0,2020-01-08 09:34:47.480833,298.66,298.73,0,0.08000000000004093,0.23876731611403557,1,1,0.0,0.00515
232,2020-01-08 09:34:48,N,AAPL,298.66,4.0,298.73,3.0,1.0,1.0,2020-01-08 09:34:48.276139,298.67,298.72,0,0.06999999999999318,0.23746865699359887,1,-1,0.14285714285714285,0.00515
233,2020-01-08 09:34:49,N,AAPL,298.67,2.0,298.72,4.0,0.0,2.0,2020-01-08 09:34:49.938416,298.67,298.73,0,0.05000000000001137,0.2374838702608031,1,-1,-0.3333333333333333,0.00515
234,2020-01-08 09:34:50,N,AAPL,298.67,2.0,298.73,1.0,0.0,0.0,2020-01-08 09:34:50.025542,298.61,298.65,-1,0.060000000000002274,0.236664877554972,1,1,0.3333333333333333,0.00515
235,2020-01-08 09:34:51,N,AAPL,298.61,4.0,298.65,1.0,3.0,0.0,2020-01-08 09:34:51.484612,298.62,298.65,0,0.03999999999996362,0.23498219677111365,1,-1,0.6,0.00515
236,2020-01-08 09:34:52,N,AAPL,298.62,4.0,298.65,1.0,3.0,-2.0,2020-01-08 09:34:52.030593,298.6,298.67,0,0.029999999999972715,0.23326238207033612,1,-1,0.6,0.00515
237,2020-01-08 09:34:53,N,AAPL,298.6,3.0,298.67,1.0,2.0,-1.0,2020-01-08 09:34:53.044671,298.61,298.65,0,0.06999999999999318,0.23214739938140383,1,1,0.5,0.00515
238,2020-01-08 09:34:54,N,AAPL,298.61,4.0,298.65,1.0,-1.0,-1.0,2020-01-08 09:34:54.290390,298.55,298.58,-1,0.03999999999996362,0.2305219633307729,1,-1,0.6,0.00515
239,2020-01-08 09:34:55,N,AAPL,298.55,1.0,298.58,4.0,-1.0,3.0,2020-01-08 09:34:55.243358,298.53,298.58,0,0.029999999999972715,0.23045279505197414,1,-1,-0.6,0.00515
240,2020-01-08 09:34:56,N,AAPL,298.53,2.0,298.58,2.0,1.0,0.0,2020-01-08 09:34:56.223723,298.5,298.57,0,0.05000000000001137,0.22993632921151175,1,1,0.0,0.00515
241,2020-01-08 09:34:57,N,AAPL,298.5,7.0,298.57,4.0,5.0,2.0,2020-01-08 09:34:57.109565,298.49,298.52,0,0.06999999999999318,0.22817974725296608,1,1,0.2727272727272727,0.00515
242,2020-01-08 09:34:58,N,AAPL,298.49,2.0,298.52,4.0,-4.0,0.0,2020-01-08 09:34:58.100520,298.47,298.51,0,0.029999999999972715,0.22758593414675943,1,-1,-0.3333333333333333,0.00515
243,2020-01-08 09:35:00,N,AAPL,298.47,1.0,298.51,2.0,0.0,-2.0,2020-01-08 09:35:00.017917,298.5,298.58,0,0.03999999999996362,0.22729001823449835,1,1,-0.3333333333333333,0.00515
244,2020-01-08 09:35:01,N,AAPL,298.5,1.0,298.58,2.0,0.0,-2.0,2020-01-08 09:35:01.020704,298.45,298.52,0,0.07999999999998408,0.22715325257451013,1,1,-0.3333333333333333,0.00515
245,2020-01-08 09:35:02,N,AAPL,298.45,1.0,298.52,2.0,0.0,-2.0,2020-01-08 09:35:02.057080,298.48,298.52,0,0.06999999999999318,0.22691565778848144,1,-1,-0.3333333333333333,0.00515
246,2020-01-08 09:35:03,N,AAPL,298.48,1.0,298.52,1.0,-1.0,0.0,2020-01-08 09:35:03.898290,298.5,298.58,0,0.03999999999996362,0.22665185137486787,1,-1,0.0,0.00515
247,2020-01-08 09:35:04,N,AAPL,298.5,3.0,298.58,2.0,2.0,1.0,2020-01-08 09:35:04.334335,298.52,298.58,0,0.07999999999998408,0.22596656384348535,1,1,0.2,0.00515
248,2020-01-08 09:35:06,N,AAPL,298.52,2.0,298.58,3.0,0.0,2.0,2020-01-08 09:35:06.929276,298.52,298.57,0,0.060000000000002274,0.22557276168248563,1,-1,-0.2,0.00515
249,2020-01-08 09:35:07,N,AAPL,298.52,2.0,298.57,4.0,0.0,3.0,2020-01-08 09:35:07.038449,298.52,298.57,0,0.05000000000001137,0.2251927767723032,1,-1,-0.3333333333333333,0.00515
250,2020-01-08 09:35:08,N,AAPL,298.52,4.0,298.57,3.0,0.0,2.0,2020-01-08 09:35:08.293369,298.52,298.55,0,0.05000000000001137,0.22416736792888514,1,1,0.14285714285714285,0.00515
251,2020-01-08 09:35:09,N,AAPL,298.52,3.0,298.55,4.0,-1.0,3.0,2020-01-08 09:35:09.363484,298.56,298.58,1,0.03000000000002956,0.22338813752548958,1,-1,-0.14285714285714285,0.00515
252,2020-01-08 09:35:10,N,AAPL,298.56,2.0,298.58,1.0,0.0,-1.0,2020-01-08 09:35:10.435836,298.59,298.65,1,0.01999999999998181,0.22276096436451098,1,-1,0.3333333333333333,0.00515
253,2020-01-08 09:35:11,N,AAPL,298.59,2.0,298.65,3.0,0.0,1.0,2020-01-08 09:35:11.024972,298.59,298.63,0,0.060000000000002274,0.22248003021928753,1,1,-0.2,0.00515
254,2020-01-08 09:35:12,N,AAPL,298.59,2.0,298.63,4.0,0.0,3.0,2020-01-08 09:35:12.045558,298.47,298.54,-1,0.040000000000020464,0.2222507733786756,1,-1,-0.3333333333333333,0.00515
255,2020-01-08 09:35:13,N,AAPL,298.47,1.0,298.54,1.0,-1.0,0.0,2020-01-08 09:35:13.021451,298.46,298.51,0,0.06999999999999318,0.22204226574586983,1,1,0.0,0.00515
256,2020-01-08 09:35:14,N,AAPL,298.46,4.0,298.51,5.0,3.0,3.0,2020-01-08 09:35:14.431271,298.42,298.45,-1,0.05000000000001137,0.22107312591089112,1,-1,-0.1111111111111111,0.00515
257,2020-01-08 09:35:15,N,AAPL,298.42,2.0,298.45,1.0,1.0,-3.0,2020-01-08 09:35:15.001242,298.41,298.47,0,0.029999999999972715,0.2206654638869736,1,-1,0.3333333333333333,0.00515
258,2020-01-08 09:35:16,N,AAPL,298.41,3.0,298.47,3.0,2.0,1.0,2020-01-08 09:35:16.026912,298.46,298.51,0,0.060000000000002274,0.22001185643404142,1,1,0.0,0.00572
259,2020-01-08 09:35:17,N,AAPL,298.46,1.0,298.51,5.0,-1.0,1.0,2020-01-08 09:35:17.104219,298.36,298.43,-1,0.05000000000001137,0.21966216216219436,1,-1,-0.6666666666666666,0.00572
260,2020-01-08 09:35:18,N,AAPL,298.36,2.0,298.43,2.0,0.0,0.0,2020-01-08 09:35:18.082722,298.4,298.44,0,0.06999999999999318,0.2192587601078344,1,1,0.0,0.00572
261,2020-01-08 09:35:19,N,AAPL,298.4,3.0,298.44,2.0,0.0,0.0,2020-01-08 09:35:19.186694,298.4,298.47,0,0.040000000000020464,0.2186597568016282,1,-1,0.2,0.00572
262,2020-01-08 09:35:20,N,AAPL,298.4,3.0,298.47,2.0,0.0,0.0,2020-01-08 09:35:20.115223,298.4,298.47,0,0.07000000000005002,0.21814533124972968,1,1,0.2,0.00572
263,2020-01-08 09:35:21,N,AAPL,298.4,5.0,298.47,4.0,1.0,-1.0,2020-01-08 09:35:21.046436,298.32,298.37,-1,0.07000000000005002,0.21724180610891608,1,1,0.1111111111111111,0.00572
264,2020-01-08 09:35:22,N,AAPL,298.32,1.0,298.37,5.0,-2.0,3.0,2020-01-08 09:35:22.349585,298.39,298.44,1,0.05000000000001137,0.21616716145234705,1,-1,-0.6666666666666666,0.00572
265,2020-01-08 09:35:23,N,AAPL,298.39,1.0,298.44,2.0,-1.0,-3.0,2020-01-08 09:35:23.142728,298.4,298.45,0,0.05000000000001137,0.2158285494326151,1,1,-0.3333333333333333,0.00572
266,2020-01-08 09:35:25,N,AAPL,298.4,2.0,298.45,2.0,1.0,0.0,2020-01-08 09:35:25.038276,298.43,298.49,0,0.05000000000001137,0.21539098410443103,1,1,0.0,0.00572
267,2020-01-08 09:35:26,N,AAPL,298.43,3.0,298.49,3.0,2.0,0.0,2020-01-08 09:35:26.240629,298.49,298.52,0,0.060000000000002274,0.21477800801216063,1,1,0.0,0.00572
268,2020-01-08 09:35:28,N,AAPL,298.49,3.0,298.52,2.0,1.0,1.0,2020-01-08 09:35:28.346603,298.51,298.59,0,0.029999999999972715,0.21406378445510654,1,-1,0.2,0.00572
269,2020-01-08 09:35:29,N,AAPL,298.51,1.0,298.59,3.0,0.0,1.0,2020-01-08 09:35:29.238483,298.49,298.56,0,0.07999999999998408,0.21404619207214637,1,1,-0.5,0.00572
270,2020-01-08 09:35:30,N,AAPL,298.49,1.0,298.56,1.0,0.0,-1.0,2020-01-08 09:35:30.327828,298.5,298.54,0,0.06999999999999318,0.21385774101304378,1,-1,0.0,0.00572
271,2020-01-08 09:35:32,N,AAPL,298.5,2.0,298.54,4.0,1.0,2.0,2020-01-08 09:35:32.646601,298.51,298.54,0,0.040000000000020464,0.21343113942350556,1,-1,-0.3333333333333333,0.00572
272,2020-01-08 09:35:34,N,AAPL,298.51,1.0,298.54,4.0,-1.0,3.0,2020-01-08 09:35:34.322284,298.51,298.52,0,0.03000000000002956,0.21323211984531554,1,-1,-0.6,0.00572
273,2020-01-08 09:35:35,N,AAPL,298.51,1.0,298.52,4.0,0.0,2.0,2020-01-08 09:35:35.971016,298.51,298.55,0,0.009999999999990905,0.2129306458603537,1,-1,-0.6,0.00572
274,2020-01-08 09:35:36,N,AAPL,298.51,1.0,298.55,4.0,0.0,0.0,2020-01-08 09:35:36.005435,298.51,298.57,0,0.040000000000020464,0.2127833951761886,1,1,-0.6,0.00572
275,2020-01-08 09:35:37,N,AAPL,298.51,1.0,298.57,1.0,0.0,-3.0,2020-01-08 09:35:37.387817,298.51,298.56,0,0.060000000000002274,0.21258430196530753,1,1,0.0,0.00572
276,2020-01-08 09:35:38,N,AAPL,298.51,3.0,298.56,4.0,2.0,3.0,2020-01-08 09:35:38.812169,298.51,298.57,0,0.05000000000001137,0.2119901553334671,1,-1,-0.14285714285714285,0.00572
277,2020-01-08 09:35:39,N,AAPL,298.51,6.0,298.57,2.0,0.0,0.0,2020-01-08 09:35:39.136999,298.51,298.52,0,0.060000000000002274,0.21061431488863036,1,1,0.5,0.00572
278,2020-01-08 09:35:40,N,AAPL,298.51,1.0,298.52,4.0,-5.0,1.0,2020-01-08 09:35:40.649367,298.41,298.45,-1,0.009999999999990905,0.21031965147079745,1,-1,-0.6,0.00572
279,2020-01-08 09:35:41,N,AAPL,298.41,3.0,298.45,4.0,2.0,1.0,2020-01-08 09:35:41.020693,298.38,298.47,0,0.03999999999996362,0.20957351025504067,1,1,-0.14285714285714285,0.00572
280,2020-01-08 09:35:42,N,AAPL,298.38,1.0,298.47,2.0,-1.0,0.0,2020-01-08 09:35:42.517744,298.45,298.52,0,0.09000000000003183,0.20934826689563124,1,1,-0.3333333333333333,0.00572
281,2020-01-08 09:35:44,N,AAPL,298.45,2.0,298.52,2.0,0.0,1.0,2020-01-08 09:35:44.952806,298.45,298.53,0,0.06999999999999318,0.20899462150345016,1,-1,0.0,0.00572
282,2020-01-08 09:35:45,N,AAPL,298.45,2.0,298.53,3.0,0.0,-1.0,2020-01-08 09:35:45.000848,298.45,298.54,0,0.07999999999998408,0.20866828947657723,1,1,-0.2,0.00572
283,2020-01-08 09:35:46,N,AAPL,298.45,2.0,298.54,3.0,1.0,1.0,2020-01-08 09:35:46.018028,298.45,298.48,0,0.09000000000003183,0.2083806856804813,1,1,-0.2,0.00572
284,2020-01-08 09:35:47,N,AAPL,298.45,1.0,298.48,4.0,0.0,2.0,2020-01-08 09:35:47.098236,298.47,298.53,0,0.03000000000002956,0.2079744399716219,1,-1,-0.6,0.00572
285,2020-01-08 09:35:48,N,AAPL,298.47,1.0,298.53,3.0,0.0,0.0,2020-01-08 09:35:48.305587,298.46,298.52,0,0.05999999999994543,0.20778965148474526,1,1,-0.5,0.00572
286,2020-01-08 09:35:49,N,AAPL,298.46,2.0,298.52,5.0,0.0,3.0,2020-01-08 09:35:49.049961,298.43,298.47,0,0.060000000000002274,0.20738478155948314,1,1,-0.42857142857142855,0.00572
287,2020-01-08 09:35:50,N,AAPL,298.43,3.0,298.47,2.0,1.0,1.0,2020-01-08 09:35:50.932815,298.41,298.46,0,0.040000000000020464,0.20683420276088782,1,-1,0.2,0.00572
288,2020-01-08 09:35:51,N,AAPL,298.41,2.0,298.46,2.0,1.0,0.0,2020-01-08 09:35:51.030876,298.39,298.44,0,0.049999999999954525,0.20644734848485768,1,1,0.0,0.00572
289,2020-01-08 09:35:52,N,AAPL,298.39,2.0,298.44,4.0,0.0,3.0,2020-01-08 09:35:52.148658,298.39,298.44,0,0.05000000000001137,0.20584998601208326,1,1,-0.3333333333333333,0.00572
290,2020-01-08 09:35:54,N,AAPL,298.39,1.0,298.44,1.0,-2.0,-1.0,2020-01-08 09:35:54.012230,298.41,298.46,0,0.05000000000001137,0.2056594847634301,1,1,0.0,0.00572
291,2020-01-08 09:35:55,N,AAPL,298.41,4.0,298.46,2.0,2.0,-1.0,2020-01-08 09:35:55.099255,298.39,298.46,0,0.049999999999954525,0.20506241957389193,1,-1,0.3333333333333333,0.00572
292,2020-01-08 09:35:56,N,AAPL,298.39,4.0,298.46,4.0,1.0,3.0,2020-01-08 09:35:56.098804,298.45,298.5,0,0.06999999999999318,0.2044063239310958,1,1,0.0,0.00572
293,2020-01-08 09:35:57,N,AAPL,298.45,4.0,298.5,2.0,3.0,0.0,2020-01-08 09:35:57.814754,298.45,298.51,0,0.05000000000001137,0.2037187431366192,1,-1,0.3333333333333333,0.00572
294,2020-01-08 09:35:58,N,AAPL,298.45,4.0,298.51,1.0,0.0,-2.0,2020-01-08 09:35:58.723325,298.48,298.54,0,0.060000000000002274,0.20308251144967926,1,1,0.6,0.00578
295,2020-01-08 09:35:59,N,AAPL,298.48,16.0,298.54,2.0,12.0,1.0,2020-01-08 09:35:59.207859,298.48,298.52,0,0.060000000000002274,0.20013556715349523,1,1,0.7777777777777778,0.00578
296,2020-01-08 09:36:00,N,AAPL,298.48,10.0,298.52,2.0,0.0,1.0,2020-01-08 09:36:00.271554,298.51,298.56,0,0.03999999999996362,0.1983142762886132,1,-1,0.6666666666666666,0.00578
297,2020-01-08 09:36:02,N,AAPL,298.51,2.0,298.56,4.0,1.0,3.0,2020-01-08 09:36:02.406673,298.48,298.56,0,0.05000000000001137,0.1980401416765858,1,1,-0.3333333333333333,0.00578
298,2020-01-08 09:36:03,N,AAPL,298.48,2.0,298.56,4.0,1.0,0.0,2020-01-08 09:36:03.483801,298.47,298.54,0,0.07999999999998408,0.19783725652217754,1,1,-0.3333333333333333,0.00578
299,2020-01-08 09:36:04,N,AAPL,298.47,3.0,298.54,2.0,2.0,1.0,2020-01-08 09:36:04.409084,298.44,298.49,0,0.06999999999999318,0.19737310734279845,1,-1,0.2,0.00578
300,2020-01-08 09:36:05,N,AAPL,298.44,1.0,298.49,4.0,-1.0,2.0,2020-01-08 09:36:05.414291,298.37,298.43,-1,0.05000000000001137,0.19706712939853333,1,-1,-0.6,0.00578
301,2020-01-08 09:36:06,N,AAPL,298.37,2.0,298.43,4.0,1.0,3.0,2020-01-08 09:36:06.218145,298.22,298.27,-1,0.060000000000002274,0.19558140265735346,1,1,-0.3333333333333333,0.00578
302,2020-01-08 09:36:07,N,AAPL,298.22,2.0,298.27,4.0,1.0,1.0,2020-01-08 09:36:07.139026,298.21,298.25,0,0.049999999999954525,0.19476258217889608,1,-1,-0.3333333333333333,0.00578
303,2020-01-08 09:36:08,N,AAPL,298.21,3.0,298.25,1.0,2.0,-1.0,2020-01-08 09:36:08.928592,298.21,298.24,0,0.040000000000020464,0.1861087914302857,0,-1,0.5,0.00578
304,2020-01-08 09:36:09,N,AAPL,298.21,1.0,298.24,2.0,-2.0,1.0,2020-01-08 09:36:09.788835,298.22,298.3,0,0.03000000000002956,0.17661954480172426,0,-1,-0.3333333333333333,0.00578
305,2020-01-08 09:36:10,N,AAPL,298.22,2.0,298.3,2.0,1.0,1.0,2020-01-08 09:36:10.017111,298.22,298.27,0,0.07999999999998408,0.15604817465430187,1,1,0.0,0.00578
306,2020-01-08 09:36:11,N,AAPL,298.22,2.0,298.27,4.0,0.0,0.0,2020-01-08 09:36:11.588803,298.21,298.24,0,0.049999999999954525,0.15524669835650684,1,-1,-0.3333333333333333,0.00578
307,2020-01-08 09:36:13,N,AAPL,298.21,1.0,298.24,4.0,-1.0,0.0,2020-01-08 09:36:13.198348,298.21,298.26,0,0.03000000000002956,0.15282402171777676,1,-1,-0.6,0.00578
308,2020-01-08 09:36:16,N,AAPL,298.21,2.0,298.26,1.0,0.0,-1.0,2020-01-08 09:36:16.595329,298.18,298.22,0,0.05000000000001137,0.15380281749565938,1,1,0.3333333333333333,0.00578
309,2020-01-08 09:36:17,N,AAPL,298.18,2.0,298.22,4.0,-1.0,1.0,2020-01-08 09:36:17.017582,298.14,298.19,0,0.040000000000020464,0.15187396716515877,1,-1,-0.3333333333333333,0.00578
310,2020-01-08 09:36:18,N,AAPL,298.14,1.0,298.19,4.0,-2.0,2.0,2020-01-08 09:36:18.025557,298.16,298.23,0,0.05000000000001137,0.1497967666144291,1,1,-0.6,0.00578
311,2020-01-08 09:36:19,N,AAPL,298.16,1.0,298.23,2.0,0.0,-2.0,2020-01-08 09:36:19.076970,298.19,298.24,0,0.06999999999999318,0.14420361247948676,1,1,-0.3333333333333333,0.00578
312,2020-01-08 09:36:20,N,AAPL,298.19,1.0,298.24,1.0,-2.0,0.0,2020-01-08 09:36:20.006743,298.15,298.17,-1,0.05000000000001137,0.14526949433764003,1,-1,0.0,0.00578
313,2020-01-08 09:36:21,N,AAPL,298.15,1.0,298.17,4.0,0.0,0.0,2020-01-08 09:36:21.541813,298.15,298.21,0,0.020000000000038654,0.13731176092028363,1,-1,-0.6,0.00578
314,2020-01-08 09:36:22,N,AAPL,298.15,1.0,298.21,1.0,0.0,-2.0,2020-01-08 09:36:22.557295,298.15,298.18,0,0.060000000000002274,0.13840483853800833,1,1,0.0,0.00578
315,2020-01-08 09:36:23,N,AAPL,298.15,1.0,298.18,4.0,-1.0,3.0,2020-01-08 09:36:23.581803,298.05,298.11,-1,0.03000000000002956,0.1382729740665809,1,-1,-0.6,0.00578
316,2020-01-08 09:36:24,N,AAPL,298.05,1.0,298.11,1.0,-15.0,-3.0,2020-01-08 09:36:24.052996,298.07,298.11,0,0.060000000000002274,0.13952208429560642,1,1,0.0,0.00578
317,2020-01-08 09:36:25,N,AAPL,298.07,1.0,298.11,4.0,0.0,3.0,2020-01-08 09:36:25.326575,298.1,298.15,0,0.040000000000020464,0.13793108457997505,1,-1,-0.6,0.00578
318,2020-01-08 09:36:26,N,AAPL,298.1,2.0,298.15,2.0,1.0,0.0,2020-01-08 09:36:26.319564,298.13,298.18,0,0.049999999999954525,0.13395592429338876,1,1,0.0,0.00578
319,2020-01-08 09:36:27,N,AAPL,298.13,3.0,298.18,4.0,0.0,1.0,2020-01-08 09:36:27.020409,298.13,298.19,0,0.05000000000001137,0.13204913931645024,1,1,-0.14285714285714285,0.00578
320,2020-01-08 09:36:28,N,AAPL,298.13,2.0,298.19,4.0,0.0,3.0,2020-01-08 09:36:28.188624,298.14,298.2,0,0.060000000000002274,0.13111849812258924,1,1,-0.3333333333333333,0.00578
321,2020-01-08 09:36:29,N,AAPL,298.14,3.0,298.2,2.0,1.0,0.0,2020-01-08 09:36:29.260942,298.2,298.24,0,0.060000000000002274,0.13132214285701593,1,1,0.2,0.00578
322,2020-01-08 09:36:30,N,AAPL,298.2,1.0,298.24,2.0,-1.0,0.0,2020-01-08 09:36:30.000151,298.18,298.24,0,0.040000000000020464,0.13325092792103987,1,-1,-0.3333333333333333,0.00578
323,2020-01-08 09:36:31,N,AAPL,298.18,2.0,298.24,3.0,0.0,2.0,2020-01-08 09:36:31.013173,298.22,298.24,0,0.060000000000002274,0.13512796391745496,1,1,-0.2,0.00578
324,2020-01-08 09:36:32,N,AAPL,298.22,1.0,298.24,1.0,-2.0,0.0,2020-01-08 09:36:32.512460,298.26,298.31,1,0.01999999999998181,0.1311608905873527,1,-1,0.0,0.00578
325,2020-01-08 09:36:34,N,AAPL,298.26,2.0,298.31,1.0,0.0,-1.0,2020-01-08 09:36:34.078871,298.26,298.33,0,0.05000000000001137,0.13241272029915763,1,1,0.3333333333333333,0.00578
326,2020-01-08 09:36:35,N,AAPL,298.26,2.0,298.33,2.0,1.0,0.0,2020-01-08 09:36:35.614151,298.26,298.31,0,0.06999999999999318,0.1297473908849156,1,1,0.0,0.00578
327,2020-01-08 09:36:38,N,AAPL,298.26,3.0,298.31,4.0,1.0,3.0,2020-01-08 09:36:38.576832,298.26,298.32,0,0.05000000000001137,0.12793101040324473,1,-1,-0.14285714285714285,0.00578
328,2020-01-08 09:36:39,N,AAPL,298.26,4.0,298.32,1.0,1.0,-3.0,2020-01-08 09:36:39.159298,298.18,298.24,-1,0.060000000000002274,0.1297803224645122,1,1,0.6,0.00578
329,2020-01-08 09:36:40,N,AAPL,298.18,3.0,298.24,1.0,2.0,-1.0,2020-01-08 09:36:40.463199,298.18,298.24,0,0.060000000000002274,0.13038266849468982,1,1,0.5,0.00578
330,2020-01-08 09:36:41,N,AAPL,298.18,3.0,298.24,1.0,0.0,0.0,2020-01-08 09:36:41.172960,298.19,298.24,0,0.060000000000002274,0.13099649927130486,1,1,0.5,0.00642
331,2020-01-08 09:36:42,N,AAPL,298.19,2.0,298.24,2.0,-1.0,1.0,2020-01-08 09:36:42.246819,298.18,298.19,0,0.05000000000001137,0.1295370889683909,1,-1,0.0,0.00642
332,2020-01-08 09:36:43,N,AAPL,298.18,3.0,298.19,4.0,1.0,2.0,2020-01-08 09:36:43.344319,298.22,298.27,1,0.009999999999990905,0.12874051807006026,1,-1,-0.14285714285714285,0.00642
333,2020-01-08 09:36:44,N,AAPL,298.22,2.0,298.27,2.0,0.0,1.0,2020-01-08 09:36:44.032981,298.22,298.25,0,0.049999999999954525,0.1259835710822017,1,1,0.0,0.00642
334,2020-01-08 09:36:45,N,AAPL,298.22,1.0,298.25,4.0,-1.0,3.0,2020-01-08 09:36:45.288596,298.27,298.29,1,0.029999999999972715,0.12871399931970018,1,-1,-0.6,0.00642
335,2020-01-08 09:36:46,N,AAPL,298.27,1.0,298.29,2.0,-1.0,-1.0,2020-01-08 09:36:46.939410,298.27,298.31,0,0.020000000000038654,0.1282261982216255,1,-1,-0.3333333333333333,0.00642
336,2020-01-08 09:36:47,N,AAPL,298.27,1.0,298.31,4.0,0.0,3.0,2020-01-08 09:36:47.346929,298.22,298.26,-1,0.040000000000020464,0.11983836480743548,1,1,-0.6,0.00642
337,2020-01-08 09:36:48,N,AAPL,298.22,1.0,298.26,1.0,-1.0,0.0,2020-01-08 09:36:48.919626,298.17,298.27,0,0.03999999999996362,0.11538511846237043,1,-1,0.0,0.00642
338,2020-01-08 09:36:49,N,AAPL,298.17,2.0,298.27,4.0,1.0,3.0,2020-01-08 09:36:49.603456,298.17,298.22,0,0.0999999999999659,0.10272882095216573,1,1,-0.3333333333333333,0.00642
339,2020-01-08 09:36:50,N,AAPL,298.17,3.0,298.22,2.0,1.0,1.0,2020-01-08 09:36:50.726101,298.15,298.18,0,0.05000000000001137,0.10289862118384008,1,-1,0.2,0.00642
340,2020-01-08 09:36:52,N,AAPL,298.15,10.0,298.18,4.0,7.0,3.0,2020-01-08 09:36:52.412324,298.08,298.14,-1,0.03000000000002956,0.1065997304957591,1,-1,0.42857142857142855,0.00642
341,2020-01-08 09:36:53,N,AAPL,298.08,1.0,298.14,2.0,0.0,0.0,2020-01-08 09:36:53.325016,298.07,298.11,0,0.060000000000002274,0.10472148541111892,1,1,-0.3333333333333333,0.00642
342,2020-01-08 09:36:55,N,AAPL,298.07,2.0,298.11,3.0,0.0,1.0,2020-01-08 09:36:55.467928,298.05,298.08,0,0.040000000000020464,0.10649548913119133,1,-1,-0.2,0.00642
343,2020-01-08 09:36:56,N,AAPL,298.05,2.0,298.08,2.0,0.0,0.0,2020-01-08 09:36:56.016201,298.01,298.05,0,0.029999999999972715,0.10742464062082036,1,-1,0.0,0.00642
344,2020-01-08 09:36:57,N,AAPL,298.01,1.0,298.05,5.0,-1.0,3.0,2020-01-08 09:36:57.504759,298.01,298.05,0,0.040000000000020464,0.10587458948913309,1,1,-0.6666666666666666,0.00642
345,2020-01-08 09:37:01,N,AAPL,298.01,5.0,298.05,4.0,3.0,2.0,2020-01-08 09:37:01.908632,298.01,298.05,0,0.040000000000020464,0.10838987195830896,1,1,0.1111111111111111,0.00642
346,2020-01-08 09:37:03,N,AAPL,298.01,6.0,298.05,4.0,2.0,2.0,2020-01-08 09:37:03.518670,298.0,298.02,0,0.040000000000020464,0.10936058609325983,1,1,0.2,0.00642
347,2020-01-08 09:37:04,N,AAPL,298.0,41.0,298.02,4.0,35.0,0.0,2020-01-08 09:37:04.003741,297.91,297.94,-1,0.01999999999998181,0.12926537982559694,1,-1,0.8222222222222222,0.00642
348,2020-01-08 09:37:06,N,AAPL,297.91,2.0,297.94,4.0,1.0,0.0,2020-01-08 09:37:06.739454,297.91,297.94,0,0.029999999999972715,0.12670422628650613,1,1,-0.3333333333333333,0.00642
349,2020-01-08 09:37:07,N,AAPL,297.91,2.0,297.94,2.0,0.0,1.0,2020-01-08 09:37:07.452075,297.91,297.94,0,0.029999999999972715,0.11863236410732725,1,1,0.0,0.00642
350,2020-01-08 09:37:08,N,AAPL,297.91,2.0,297.94,2.0,0.0,0.0,2020-01-08 09:37:08.118134,297.85,297.9,-1,0.029999999999972715,0.11946586349853305,1,1,0.0,0.00642
351,2020-01-08 09:37:09,N,AAPL,297.85,2.0,297.9,3.0,1.0,2.0,2020-01-08 09:37:09.100184,297.95,297.99,1,0.049999999999954525,0.11594945621857278,1,1,-0.2,0.00642
352,2020-01-08 09:37:14,N,AAPL,297.95,3.0,297.99,1.0,1.0,0.0,2020-01-08 09:37:14.943174,297.98,298.01,0,0.040000000000020464,0.11639795008909459,1,-1,0.5,0.00642
353,2020-01-08 09:37:16,N,AAPL,297.98,2.0,298.01,2.0,-1.0,1.0,2020-01-08 09:37:16.584217,297.99,298.05,0,0.029999999999972715,0.11985917366939702,1,-1,0.0,0.00642
354,2020-01-08 09:37:17,N,AAPL,297.99,1.0,298.05,1.0,-1.0,-3.0,2020-01-08 09:37:17.151915,297.98,298.02,0,0.060000000000002274,0.11935025416295275,1,1,0.0,0.00642
355,2020-01-08 09:37:19,N,AAPL,297.98,1.0,298.02,4.0,0.0,2.0,2020-01-08 09:37:19.635117,297.96,298.01,0,0.03999999999996362,0.11795078545065962,1,-1,-0.6,0.00642
356,2020-01-08 09:37:20,N,AAPL,297.96,5.0,298.01,4.0,4.0,3.0,2020-01-08 09:37:20.031175,297.96,297.96,0,0.05000000000001137,0.11929712885159915,1,1,0.1111111111111111,0.00642
357,2020-01-08 09:37:21,N,AAPL,297.96,1.0,297.96,4.0,0.0,0.0,2020-01-08 09:37:21.007345,297.86,297.93,-1,0.0,0.11581508017553688,1,-1,-0.6,0.00673
358,2020-01-08 09:37:22,N,AAPL,297.86,4.0,297.93,5.0,0.0,0.0,2020-01-08 09:37:22.857420,297.86,297.91,0,0.06999999999999318,0.11608565226799783,1,1,-0.1111111111111111,0.00673
359,2020-01-08 09:37:23,N,AAPL,297.86,4.0,297.91,4.0,3.0,3.0,2020-01-08 09:37:23.181867,297.91,297.97,0,0.05000000000001137,0.11620095339799263,1,-1,0.0,0.00673
360,2020-01-08 09:37:24,N,AAPL,297.91,2.0,297.97,2.0,-1.0,0.0,2020-01-08 09:37:24.277125,297.89,297.94,0,0.060000000000002274,0.11642759151442306,1,1,0.0,0.00673
361,2020-01-08 09:37:25,N,AAPL,297.89,2.0,297.94,4.0,1.0,2.0,2020-01-08 09:37:25.976642,297.89,297.95,0,0.05000000000001137,0.11512802964546154,1,-1,-0.3333333333333333,0.00673
362,2020-01-08 09:37:26,N,AAPL,297.89,2.0,297.95,3.0,0.0,1.0,2020-01-08 09:37:26.741867,297.93,297.96,0,0.060000000000002274,0.11470471337361232,1,1,-0.2,0.00673
363,2020-01-08 09:37:29,N,AAPL,297.93,2.0,297.96,2.0,0.0,1.0,2020-01-08 09:37:29.296021,297.93,297.97,0,0.029999999999972715,0.11458831808585046,1,-1,0.0,0.00673
364,2020-01-08 09:37:30,N,AAPL,297.93,1.0,297.97,3.0,-1.0,2.0,2020-01-08 09:37:30.336619,297.93,297.96,0,0.040000000000020464,0.11336047031181806,1,1,-0.5,0.00673
365,2020-01-08 09:37:31,N,AAPL,297.93,1.0,297.96,4.0,0.0,0.0,2020-01-08 09:37:31.043678,297.92,297.97,0,0.029999999999972715,0.11116992611908927,1,-1,-0.6,0.00673
366,2020-01-08 09:37:32,N,AAPL,297.92,1.0,297.97,2.0,0.0,-2.0,2020-01-08 09:37:32.405839,297.95,297.98,0,0.05000000000001137,0.11080116081546976,1,1,-0.3333333333333333,0.00673
367,2020-01-08 09:37:34,N,AAPL,297.95,2.0,297.98,2.0,1.0,0.0,2020-01-08 09:37:34.143320,297.99,298.04,1,0.03000000000002956,0.11073806855171142,1,-1,0.0,0.00673
368,2020-01-08 09:37:35,N,AAPL,297.99,2.0,298.04,3.0,-2.0,1.0,2020-01-08 09:37:35.031857,298.02,298.07,0,0.05000000000001137,0.10990757637279103,1,1,-0.2,0.00673
369,2020-01-08 09:37:36,N,AAPL,298.02,4.0,298.07,1.0,3.0,0.0,2020-01-08 09:37:36.104461,298.07,298.15,0,0.05000000000001137,0.11167235286353616,1,1,0.6,0.00673
370,2020-01-08 09:37:37,N,AAPL,298.07,2.0,298.15,12.0,1.0,11.0,2020-01-08 09:37:37.186174,298.1,298.13,0,0.07999999999998408,0.1067250932608772,1,1,-0.7142857142857143,0.00673
371,2020-01-08 09:37:38,N,AAPL,298.1,1.0,298.13,2.0,-2.0,-2.0,2020-01-08 09:37:38.096071,298.13,298.16,0,0.029999999999972715,0.10543257391339012,1,-1,-0.3333333333333333,0.00673
372,2020-01-08 09:37:39,N,AAPL,298.13,1.0,298.16,1.0,0.0,0.0,2020-01-08 09:37:39.721791,298.1,298.16,0,0.03000000000002956,0.10487550095172082,1,1,0.0,0.00673
373,2020-01-08 09:37:40,N,AAPL,298.1,1.0,298.16,1.0,0.0,0.0,2020-01-08 09:37:40.132219,298.07,298.1,0,0.060000000000002274,0.10486002239639447,1,1,0.0,0.00673
374,2020-01-08 09:37:41,N,AAPL,298.07,2.0,298.1,4.0,-1.0,3.0,2020-01-08 09:37:41.357411,298.0,298.06,-1,0.03000000000002956,0.10381345025098199,1,-1,-0.3333333333333333,0.00673
375,2020-01-08 09:37:42,N,AAPL,298.0,5.0,298.06,2.0,4.0,-1.0,2020-01-08 09:37:42.129785,298.05,298.07,0,0.060000000000002274,0.10550532843177507,1,1,0.42857142857142855,0.00673
376,2020-01-08 09:37:43,N,AAPL,298.05,39.0,298.07,2.0,34.0,1.0,2020-01-08 09:37:43.609375,298.07,298.12,0,0.01999999999998181,0.12393815727506308,1,-1,0.9024390243902439,0.00673
377,2020-01-08 09:37:44,N,AAPL,298.07,2.0,298.12,2.0,-37.0,0.0,2020-01-08 09:37:44.861040,298.1,298.14,0,0.05000000000001137,0.12366984936363679,1,1,0.0,0.00673
378,2020-01-08 09:37:45,N,AAPL,298.1,2.0,298.14,1.0,-19.0,-1.0,2020-01-08 09:37:45.008265,298.06,298.13,0,0.03999999999996362,0.12407252680526426,1,-1,0.3333333333333333,0.00673
379,2020-01-08 09:37:46,N,AAPL,298.06,3.0,298.13,4.0,0.0,-1.0,2020-01-08 09:37:46.493132,298.09,298.16,0,0.06999999999999318,0.1237768535164605,1,1,-0.14285714285714285,0.00673
380,2020-01-08 09:37:47,N,AAPL,298.09,2.0,298.16,3.0,0.0,1.0,2020-01-08 09:37:47.004607,298.12,298.15,0,0.07000000000005002,0.12320911405970492,1,1,-0.2,0.00673
381,2020-01-08 09:37:48,N,AAPL,298.12,1.0,298.15,2.0,0.0,-2.0,2020-01-08 09:37:48.695354,298.18,298.2,1,0.029999999999972715,0.12256113062420582,1,-1,-0.3333333333333333,0.00673
382,2020-01-08 09:37:50,N,AAPL,298.18,2.0,298.2,3.0,-2.0,2.0,2020-01-08 09:37:50.400277,298.2,298.23,0,0.01999999999998181,0.12188149959246175,1,-1,-0.2,0.00673
383,2020-01-08 09:37:51,N,AAPL,298.2,3.0,298.23,5.0,2.0,4.0,2020-01-08 09:37:51.636310,298.23,298.26,0,0.03000000000002956,0.12093189136334104,1,1,-0.25,0.00673
384,2020-01-08 09:37:52,N,AAPL,298.23,1.0,298.26,2.0,-2.0,-3.0,2020-01-08 09:37:52.425677,298.23,298.3,0,0.029999999999972715,0.12054648186705208,1,-1,-0.3333333333333333,0.00673
385,2020-01-08 09:37:53,N,AAPL,298.23,16.0,298.3,4.0,15.0,3.0,2020-01-08 09:37:53.994609,298.23,298.3,0,0.06999999999999318,0.12326302908144271,1,1,0.6,0.00673
386,2020-01-08 09:37:54,N,AAPL,298.23,16.0,298.3,1.0,0.0,-3.0,2020-01-08 09:37:54.314430,298.28,298.31,0,0.06999999999999318,0.12712938536566298,1,1,0.8823529411764706,0.00686
387,2020-01-08 09:37:55,N,AAPL,298.28,1.0,298.31,1.0,-1.0,0.0,2020-01-08 09:37:55.953350,298.3,298.35,0,0.03000000000002956,0.12734580956066566,1,-1,0.0,0.00686
388,2020-01-08 09:37:56,N,AAPL,298.3,2.0,298.35,3.0,1.0,1.0,2020-01-08 09:37:56.143969,298.31,298.34,0,0.05000000000001137,0.12457557931554675,1,1,-0.2,0.00686
389,2020-01-08 09:37:57,N,AAPL,298.31,1.0,298.34,2.0,0.0,-1.0,2020-01-08 09:37:57.054027,298.33,298.37,0,0.029999999999972715,0.12289295913740261,1,-1,-0.3333333333333333,0.00686
390,2020-01-08 09:37:58,N,AAPL,298.33,1.0,298.37,1.0,0.0,-1.0,2020-01-08 09:37:58.169568,298.31,298.33,0,0.040000000000020464,0.12245403801239263,1,1,0.0,0.00686
391,2020-01-08 09:37:59,N,AAPL,298.31,2.0,298.33,4.0,-2.0,2.0,2020-01-08 09:37:59.430363,298.29,298.36,0,0.01999999999998181,0.12284879241531144,1,-1,-0.3333333333333333,0.00686
392,2020-01-08 09:38:00,N,AAPL,298.29,4.0,298.36,2.0,2.0,-1.0,2020-01-08 09:38:00.922943,298.31,298.36,0,0.06999999999999318,0.12211677700804557,1,1,0.3333333333333333,0.00686
393,2020-01-08 09:38:01,N,AAPL,298.31,4.0,298.36,2.0,2.0,0.0,2020-01-08 09:38:01.015581,298.34,298.37,0,0.05000000000001137,0.12171225645454342,1,-1,0.3333333333333333,0.00686
394,2020-01-08 09:38:02,N,AAPL,298.34,4.0,298.37,1.0,-1.0,0.0,2020-01-08 09:38:02.446357,298.36,298.39,0,0.03000000000002956,0.12138019689143675,1,-1,0.6,0.00686
395,2020-01-08 09:38:03,N,AAPL,298.36,4.0,298.39,1.0,1.0,-1.0,2020-01-08 09:38:03.780920,298.35,298.39,0,0.029999999999972715,0.12136330959197039,1,-1,0.6,0.00686
396,2020-01-08 09:38:04,N,AAPL,298.35,3.0,298.39,1.0,1.0,0.0,2020-01-08 09:38:04.023718,298.42,298.43,1,0.03999999999996362,0.12148909798486329,1,1,0.5,0.00686
397,2020-01-08 09:38:05,N,AAPL,298.42,1.0,298.43,1.0,-1.0,-1.0,2020-01-08 09:38:05.181054,298.42,298.47,0,0.009999999999990905,0.121486578797942,1,-1,0.0,0.00686
398,2020-01-08 09:38:06,N,AAPL,298.42,3.0,298.47,2.0,2.0,1.0,2020-01-08 09:38:06.416887,298.47,298.5,0,0.05000000000001137,0.12142762765495263,1,1,0.2,0.00686
399,2020-01-08 09:38:07,N,AAPL,298.47,1.0,298.5,22.0,0.0,0.0,2020-01-08 09:38:07.536567,298.49,298.54,0,0.029999999999972715,0.1202126448390004,1,-1,-0.9130434782608695,0.00686
400,2020-01-08 09:38:08,N,AAPL,298.49,1.0,298.54,2.0,-1.0,1.0,2020-01-08 09:38:08.086493,298.51,298.56,0,0.05000000000001137,0.1207457275409638,1,1,-0.3333333333333333,0.00686
401,2020-01-08 09:38:09,N,AAPL,298.51,4.0,298.56,2.0,1.0,0.0,2020-01-08 09:38:09.037086,298.57,298.62,1,0.05000000000001137,0.12012644897657765,1,1,0.3333333333333333,0.00686
402,2020-01-08 09:38:10,N,AAPL,298.57,3.0,298.62,2.0,2.0,-2.0,2020-01-08 09:38:10.336055,298.54,298.57,0,0.05000000000001137,0.11977537803767291,1,1,0.2,0.00686
403,2020-01-08 09:38:11,N,AAPL,298.54,1.0,298.57,2.0,-1.0,0.0,2020-01-08 09:38:11.130336,298.46,298.5,-1,0.029999999999972715,0.12010783718096718,1,-1,-0.3333333333333333,0.00686
404,2020-01-08 09:38:12,N,AAPL,298.46,1.0,298.5,1.0,-1.0,0.0,2020-01-08 09:38:12.140559,298.47,298.5,0,0.040000000000020464,0.1201655242527977,1,1,0.0,0.00686
405,2020-01-08 09:38:13,N,AAPL,298.47,4.0,298.5,1.0,3.0,0.0,2020-01-08 09:38:13.379497,298.47,298.51,0,0.029999999999972715,0.1198621905328423,1,-1,0.6,0.00686
406,2020-01-08 09:38:14,N,AAPL,298.47,2.0,298.51,4.0,1.0,2.0,2020-01-08 09:38:14.009608,298.51,298.56,0,0.03999999999996362,0.11986816701210046,1,1,-0.3333333333333333,0.00686
407,2020-01-08 09:38:15,N,AAPL,298.51,1.0,298.56,1.0,0.0,-1.0,2020-01-08 09:38:15.365273,298.53,298.56,0,0.05000000000001137,0.11990197402030844,1,1,0.0,0.00686
408,2020-01-08 09:38:16,N,AAPL,298.53,1.0,298.56,1.0,0.0,0.0,2020-01-08 09:38:16.046096,298.53,298.57,0,0.03000000000002956,0.12126300410994872,1,-1,0.0,0.00686
409,2020-01-08 09:38:17,N,AAPL,298.53,1.0,298.57,2.0,0.0,-3.0,2020-01-08 09:38:17.052047,298.55,298.59,0,0.040000000000020464,0.12161704946106511,1,1,-0.3333333333333333,0.00686
410,2020-01-08 09:38:18,N,AAPL,298.55,1.0,298.59,1.0,-1.0,0.0,2020-01-08 09:38:18.150706,298.56,298.6,0,0.03999999999996362,0.1225921295077228,1,-1,0.0,0.00686
411,2020-01-08 09:38:19,N,AAPL,298.56,1.0,298.6,1.0,0.0,-3.0,2020-01-08 09:38:19.255558,298.51,298.55,-1,0.040000000000020464,0.12239745665777946,1,1,0.0,0.00686
412,2020-01-08 09:38:20,N,AAPL,298.51,1.0,298.55,3.0,0.0,1.0,2020-01-08 09:38:20.025799,298.54,298.59,0,0.040000000000020464,0.12264723740133832,1,1,-0.5,0.00686
413,2020-01-08 09:38:21,N,AAPL,298.54,2.0,298.59,2.0,1.0,-2.0,2020-01-08 09:38:21.043880,298.63,298.67,1,0.049999999999954525,0.12287399231729523,1,1,0.0,0.00686
414,2020-01-08 09:38:22,N,AAPL,298.63,1.0,298.67,1.0,0.0,-1.0,2020-01-08 09:38:22.049038,298.66,298.69,0,0.040000000000020464,0.12380524725926989,1,-1,0.0,0.00686
415,2020-01-08 09:38:23,N,AAPL,298.66,4.0,298.69,1.0,3.0,0.0,2020-01-08 09:38:23.289077,298.69,298.72,0,0.029999999999972715,0.12321254596048448,1,-1,0.6,0.00686
416,2020-01-08 09:38:25,N,AAPL,298.69,4.0,298.72,4.0,2.0,3.0,2020-01-08 09:38:25.059192,298.69,298.72,0,0.03000000000002956,0.12219887183624678,1,1,0.0,0.00686
417,2020-01-08 09:38:26,N,AAPL,298.69,1.0,298.72,2.0,-1.0,1.0,2020-01-08 09:38:26.109740,298.67,298.69,0,0.03000000000002956,0.12236116546006315,1,1,-0.3333333333333333,0.00686
418,2020-01-08 09:38:27,N,AAPL,298.67,2.0,298.69,2.0,0.0,1.0,2020-01-08 09:38:27.879489,298.66,298.7,0,0.01999999999998181,0.12294253467854332,1,-1,0.0,0.00686
419,2020-01-08 09:38:28,N,AAPL,298.66,1.0,298.7,11.0,-2.0,0.0,2020-01-08 09:38:28.001318,298.64,298.67,0,0.03999999999996362,0.124499870495697,1,1,-0.8333333333333334,0.00686
420,2020-01-08 09:38:30,N,AAPL,298.64,2.0,298.67,4.0,0.0,-6.0,2020-01-08 09:38:30.035001,298.65,298.68,0,0.03000000000002956,0.12437709392060015,1,-1,-0.3333333333333333,0.00686
421,2020-01-08 09:38:31,N,AAPL,298.65,4.0,298.68,3.0,3.0,1.0,2020-01-08 09:38:31.771542,298.65,298.69,0,0.03000000000002956,0.12378261125246581,1,1,0.14285714285714285,0.00686
422,2020-01-08 09:38:33,N,AAPL,298.65,1.0,298.69,2.0,-4.0,-1.0,2020-01-08 09:38:33.220173,298.65,298.7,0,0.040000000000020464,0.12464433967858213,1,1,-0.3333333333333333,0.00725
423,2020-01-08 09:38:34,N,AAPL,298.65,1.0,298.7,2.0,0.0,0.0,2020-01-08 09:38:34.380316,298.62,298.67,0,0.05000000000001137,0.12439354587138496,1,1,-0.3333333333333333,0.00725
424,2020-01-08 09:38:35,N,AAPL,298.62,1.0,298.67,1.0,-3.0,0.0,2020-01-08 09:38:35.018791,298.62,298.66,0,0.05000000000001137,0.1253751084598207,1,1,0.0,0.00725
425,2020-01-08 09:38:36,N,AAPL,298.62,3.0,298.66,2.0,2.0,1.0,2020-01-08 09:38:36.120561,298.62,298.65,0,0.040000000000020464,0.12503952740036084,1,-1,0.2,0.00725
426,2020-01-08 09:38:37,N,AAPL,298.62,1.0,298.65,2.0,0.0,0.0,2020-01-08 09:38:37.330499,298.62,298.66,0,0.029999999999972715,0.12552089920075105,1,-1,-0.3333333333333333,0.00725
427,2020-01-08 09:38:38,N,AAPL,298.62,2.0,298.66,1.0,0.0,0.0,2020-01-08 09:38:38.144715,298.61,298.64,0,0.040000000000020464,0.12604946801724282,1,1,0.3333333333333333,0.00725
428,2020-01-08 09:38:39,N,AAPL,298.61,2.0,298.64,4.0,0.0,3.0,2020-01-08 09:38:39.568229,298.61,298.65,0,0.029999999999972715,0.12650439418962378,1,-1,-0.3333333333333333,0.00725
429,2020-01-08 09:38:40,N,AAPL,298.61,2.0,298.65,3.0,0.0,0.0,2020-01-08 09:38:40.472316,298.61,298.64,0,0.03999999999996362,0.1241817569159025,1,1,-0.2,0.00725
430,2020-01-08 09:38:43,N,AAPL,298.61,2.0,298.64,4.0,0.0,1.0,2020-01-08 09:38:43.064530,298.61,298.64,0,0.029999999999972715,0.12237907796395575,1,-1,-0.3333333333333333,0.00725
431,2020-01-08 09:38:44,N,AAPL,298.61,1.0,298.64,4.0,-1.0,3.0,2020-01-08 09:38:44.118003,298.6,298.63,0,0.029999999999972715,0.12346126651647182,1,1,-0.6,0.00725
432,2020-01-08 09:38:46,N,AAPL,298.6,2.0,298.63,2.0,0.0,0.0,2020-01-08 09:38:46.130941,298.52,298.56,-1,0.029999999999972715,0.12486643543871878,1,1,0.0,0.00725
433,2020-01-08 09:38:47,N,AAPL,298.52,3.0,298.56,4.0,2.0,2.0,2020-01-08 09:38:47.704952,298.48,298.51,-1,0.040000000000020464,0.12251252525817335,1,1,-0.14285714285714285,0.00725
434,2020-01-08 09:38:48,N,AAPL,298.48,1.0,298.51,2.0,0.0,0.0,2020-01-08 09:38:48.188781,298.43,298.47,-1,0.029999999999972715,0.08668979310374425,1,-1,-0.3333333333333333,0.00725
435,2020-01-08 09:38:49,N,AAPL,298.43,1.0,298.47,4.0,0.0,1.0,2020-01-08 09:38:49.200198,298.42,298.45,0,0.040000000000020464,0.08600024053652078,1,1,-0.6,0.00725
436,2020-01-08 09:38:50,N,AAPL,298.42,1.0,298.45,1.0,0.0,-2.0,2020-01-08 09:38:50.523698,298.39,298.41,-1,0.029999999999972715,0.08538527069958946,1,-1,0.0,0.00725
437,2020-01-08 09:38:51,N,AAPL,298.39,2.0,298.41,1.0,1.0,0.0,2020-01-08 09:38:51.192944,298.35,298.39,0,0.020000000000038654,0.08351898898411036,1,-1,0.3333333333333333,0.00725
438,2020-01-08 09:38:52,N,AAPL,298.35,2.0,298.39,1.0,-1.0,0.0,2020-01-08 09:38:52.017447,298.37,298.4,0,0.03999999999996362,0.08418171010981723,1,1,0.3333333333333333,0.00725
439,2020-01-08 09:38:53,N,AAPL,298.37,2.0,298.4,1.0,0.0,0.0,2020-01-08 09:38:53.691084,298.39,298.44,0,0.029999999999972715,0.08499840420677174,1,-1,0.3333333333333333,0.00725
440,2020-01-08 09:38:54,N,AAPL,298.39,2.0,298.44,2.0,0.0,1.0,2020-01-08 09:38:54.291554,298.41,298.43,0,0.05000000000001137,0.08439604441304027,1,1,0.0,0.00725
441,2020-01-08 09:38:55,N,AAPL,298.41,1.0,298.43,1.0,-1.0,0.0,2020-01-08 09:38:55.149068,298.39,298.42,0,0.01999999999998181,0.0834786826434879,1,-1,0.0,0.00725
442,2020-01-08 09:38:56,N,AAPL,298.39,3.0,298.42,4.0,2.0,3.0,2020-01-08 09:38:56.319721,298.42,298.43,0,0.03000000000002956,0.08448726152494146,1,1,-0.14285714285714285,0.00725
443,2020-01-08 09:38:59,N,AAPL,298.42,4.0,298.43,2.0,1.0,0.0,2020-01-08 09:38:59.748643,298.47,298.51,1,0.009999999999990905,0.08503182228690775,1,-1,0.3333333333333333,0.00725
444,2020-01-08 09:39:00,N,AAPL,298.47,2.0,298.51,1.0,0.0,-1.0,2020-01-08 09:39:00.441692,298.45,298.49,0,0.03999999999996362,0.08446255653706203,1,1,0.3333333333333333,0.00725
445,2020-01-08 09:39:01,N,AAPL,298.45,2.0,298.49,6.0,0.0,5.0,2020-01-08 09:39:01.225569,298.44,298.49,0,0.040000000000020464,0.08440903248555287,1,1,-0.5,0.00725
446,2020-01-08 09:39:02,N,AAPL,298.44,1.0,298.49,3.0,-4.0,1.0,2020-01-08 09:39:02.018983,298.42,298.43,-1,0.05000000000001137,0.08495387470577498,1,1,-0.5,0.00725
447,2020-01-08 09:39:03,N,AAPL,298.42,2.0,298.43,1.0,-1.0,-2.0,2020-01-08 09:39:03.173706,298.37,298.44,0,0.009999999999990905,0.08593364757069821,1,-1,0.3333333333333333,0.00725
448,2020-01-08 09:39:05,N,AAPL,298.37,2.0,298.44,2.0,1.0,0.0,2020-01-08 09:39:05.018167,298.33,298.36,-1,0.06999999999999318,0.08452374686555686,1,1,0.0,0.00725
449,2020-01-08 09:39:06,N,AAPL,298.33,1.0,298.36,1.0,0.0,-1.0,2020-01-08 09:39:06.324419,298.31,298.36,0,0.03000000000002956,0.08464127382660536,1,-1,0.0,0.00725
450,2020-01-08 09:39:07,N,AAPL,298.31,3.0,298.36,2.0,2.0,0.0,2020-01-08 09:39:07.565358,298.31,298.35,0,0.05000000000001137,0.08490182532011659,1,1,0.2,0.00725
451,2020-01-08 09:39:08,N,AAPL,298.31,2.0,298.35,1.0,0.0,0.0,2020-01-08 09:39:08.001342,298.31,298.37,0,0.040000000000020464,0.08664335024218417,1,-1,0.3333333333333333,0.00725
452,2020-01-08 09:39:09,N,AAPL,298.31,2.0,298.37,1.0,-1.0,0.0,2020-01-08 09:39:09.005385,298.3,298.34,0,0.060000000000002274,0.08817382875309931,1,1,0.3333333333333333,0.00725
453,2020-01-08 09:39:10,N,AAPL,298.3,1.0,298.34,1.0,0.0,0.0,2020-01-08 09:39:10.096412,298.3,298.34,0,0.03999999999996362,0.08823503314368963,1,-1,0.0,0.00725
454,2020-01-08 09:39:11,N,AAPL,298.3,1.0,298.34,1.0,-1.0,-1.0,2020-01-08 09:39:11.073980,298.31,298.35,0,0.03999999999996362,0.08784702070636285,1,1,0.0,0.00725
455,2020-01-08 09:39:12,N,AAPL,298.31,2.0,298.35,1.0,1.0,0.0,2020-01-08 09:39:12.521082,298.28,298.31,0,0.040000000000020464,0.08748979902355813,1,1,0.3333333333333333,0.00725
456,2020-01-08 09:39:15,N,AAPL,298.28,2.0,298.31,6.0,0.0,4.0,2020-01-08 09:39:15.114345,298.23,298.27,-1,0.03000000000002956,0.08664296699555507,1,-1,-0.5,0.00725
457,2020-01-08 09:39:16,N,AAPL,298.23,2.0,298.27,1.0,1.0,0.0,2020-01-08 09:39:16.002424,298.25,298.29,0,0.03999999999996362,0.08553046218492,1,1,0.3333333333333333,0.00725
458,2020-01-08 09:39:17,N,AAPL,298.25,1.0,298.29,1.0,-2.0,-1.0,2020-01-08 09:39:17.400447,298.26,298.31,0,0.040000000000020464,0.08635668826929077,1,1,0.0,0.00725
459,2020-01-08 09:39:18,N,AAPL,298.26,2.0,298.31,1.0,1.0,0.0,2020-01-08 09:39:18.095642,298.3,298.33,0,0.05000000000001137,0.08664307336192678,1,1,0.3333333333333333,0.00725
460,2020-01-08 09:39:19,N,AAPL,298.3,2.0,298.33,2.0,0.0,1.0,2020-01-08 09:39:19.249426,298.27,298.32,0,0.029999999999972715,0.08671858697971402,1,-1,0.0,0.00725
461,2020-01-08 09:39:20,N,AAPL,298.27,1.0,298.32,2.0,-1.0,0.0,2020-01-08 09:39:20.005400,298.26,298.3,0,0.05000000000001137,0.08520743718815993,1,1,-0.3333333333333333,0.00725
462,2020-01-08 09:39:21,N,AAPL,298.26,3.0,298.3,1.0,2.0,-1.0,2020-01-08 09:39:21.260600,298.27,298.33,0,0.040000000000020464,0.08552429667525985,1,-1,0.5,0.00725
463,2020-01-08 09:39:22,N,AAPL,298.27,2.0,298.33,1.0,0.0,-1.0,2020-01-08 09:39:22.051832,298.3,298.32,0,0.060000000000002274,0.08429799271493721,1,1,0.3333333333333333,0.00725
464,2020-01-08 09:39:23,N,AAPL,298.3,2.0,298.32,4.0,-3.0,3.0,2020-01-08 09:39:23.027251,298.32,298.37,0,0.01999999999998181,0.0834100697870781,1,-1,-0.3333333333333333,0.00725
465,2020-01-08 09:39:24,N,AAPL,298.32,2.0,298.37,2.0,0.0,0.0,2020-01-08 09:39:24.560691,298.3,298.32,0,0.05000000000001137,0.08612540137949054,1,1,0.0,0.00725
466,2020-01-08 09:39:25,N,AAPL,298.3,1.0,298.32,2.0,-1.0,1.0,2020-01-08 09:39:25.255006,298.31,298.34,0,0.01999999999998181,0.08710739946172907,1,-1,-0.3333333333333333,0.00725
467,2020-01-08 09:39:26,N,AAPL,298.31,8.0,298.34,2.0,1.0,-2.0,2020-01-08 09:39:26.536847,298.34,298.39,0,0.029999999999972715,0.08764060896101,1,1,0.6,0.00725
468,2020-01-08 09:39:27,N,AAPL,298.34,7.0,298.39,1.0,0.0,-1.0,2020-01-08 09:39:27.067340,298.34,298.38,0,0.05000000000001137,0.08338546818708892,1,1,0.75,0.00771
469,2020-01-08 09:39:28,N,AAPL,298.34,7.0,298.38,2.0,0.0,1.0,2020-01-08 09:39:28.061259,298.38,298.43,0,0.040000000000020464,0.07943303641195598,1,-1,0.5555555555555556,0.00771
470,2020-01-08 09:39:29,N,AAPL,298.38,7.0,298.43,2.0,2.0,0.0,2020-01-08 09:39:29.027008,298.43,298.47,0,0.05000000000001137,0.07931336708202252,1,1,0.5555555555555556,0.00771
471,2020-01-08 09:39:30,N,AAPL,298.43,7.0,298.47,2.0,0.0,1.0,2020-01-08 09:39:30.885914,298.44,298.47,0,0.040000000000020464,0.07946569251492974,1,-1,0.5555555555555556,0.00771
472,2020-01-08 09:39:31,N,AAPL,298.44,2.0,298.47,1.0,-5.0,-1.0,2020-01-08 09:39:31.651845,298.4,298.45,0,0.03000000000002956,0.07995985621414547,1,-1,0.3333333333333333,0.00771
473,2020-01-08 09:39:33,N,AAPL,298.4,2.0,298.45,1.0,1.0,0.0,2020-01-08 09:39:33.321181,298.45,298.49,0,0.05000000000001137,0.07991759683869759,1,1,0.3333333333333333,0.00771
474,2020-01-08 09:39:34,N,AAPL,298.45,1.0,298.49,1.0,-2.0,-1.0,2020-01-08 09:39:34.370336,298.43,298.44,-1,0.040000000000020464,0.07874900990094602,1,-1,0.0,0.00771
475,2020-01-08 09:39:35,N,AAPL,298.43,1.0,298.44,4.0,0.0,2.0,2020-01-08 09:39:35.700507,298.44,298.48,0,0.009999999999990905,0.07869786306957849,1,-1,-0.6,0.00771
476,2020-01-08 09:39:36,N,AAPL,298.44,2.0,298.48,2.0,1.0,0.0,2020-01-08 09:39:36.282127,298.43,298.44,0,0.040000000000020464,0.07871349989949294,1,1,0.0,0.00771
477,2020-01-08 09:39:37,N,AAPL,298.43,1.0,298.44,4.0,-1.0,2.0,2020-01-08 09:39:37.244495,298.45,298.49,1,0.009999999999990905,0.07877084953759095,1,-1,-0.6,0.00771
478,2020-01-08 09:39:38,N,AAPL,298.45,4.0,298.49,4.0,3.0,0.0,2020-01-08 09:39:38.786494,298.41,298.44,-1,0.040000000000020464,0.07918098159512965,1,1,0.0,0.00771
479,2020-01-08 09:39:39,N,AAPL,298.41,1.0,298.44,4.0,0.0,3.0,2020-01-08 09:39:39.250306,298.42,298.46,0,0.029999999999972715,0.08090186917320352,1,-1,-0.6,0.00771
480,2020-01-08 09:39:40,N,AAPL,298.42,2.0,298.46,3.0,0.0,2.0,2020-01-08 09:39:40.022311,298.41,298.45,0,0.03999999999996362,0.08152432903875706,1,1,-0.2,0.00771
481,2020-01-08 09:39:41,N,AAPL,298.41,1.0,298.45,2.0,-1.0,1.0,2020-01-08 09:39:41.761837,298.41,298.45,0,0.03999999999996362,0.08160111533277359,1,1,-0.3333333333333333,0.00771
482,2020-01-08 09:39:42,N,AAPL,298.41,1.0,298.45,2.0,0.0,0.0,2020-01-08 09:39:42.364574,298.32,298.36,-1,0.03999999999996362,0.0816839239146816,1,1,-0.3333333333333333,0.00771
483,2020-01-08 09:39:43,N,AAPL,298.32,11.0,298.36,1.0,6.0,0.0,2020-01-08 09:39:43.177264,298.28,298.33,0,0.040000000000020464,0.08142517385999781,1,1,0.8333333333333334,0.00771
484,2020-01-08 09:39:44,N,AAPL,298.28,1.0,298.33,2.0,0.0,0.0,2020-01-08 09:39:44.124602,298.28,298.34,0,0.05000000000001137,0.08063205393642647,1,1,-0.3333333333333333,0.00771
485,2020-01-08 09:39:45,N,AAPL,298.28,1.0,298.34,3.0,-1.0,2.0,2020-01-08 09:39:45.582177,298.29,298.33,0,0.060000000000002274,0.08236798381636845,1,1,-0.5,0.00771
486,2020-01-08 09:39:46,N,AAPL,298.29,3.0,298.33,1.0,1.0,-1.0,2020-01-08 09:39:46.018605,298.25,298.28,-1,0.03999999999996362,0.08451082006206434,1,-1,0.5,0.00771
487,2020-01-08 09:39:47,N,AAPL,298.25,1.0,298.28,1.0,-1.0,-1.0,2020-01-08 09:39:47.207316,298.23,298.25,0,0.029999999999972715,0.08345831295849848,1,-1,0.0,0.00771
488,2020-01-08 09:39:48,N,AAPL,298.23,1.0,298.25,1.0,-1.0,-1.0,2020-01-08 09:39:48.014353,298.23,298.26,0,0.01999999999998181,0.08342564180924228,1,-1,0.0,0.00771
489,2020-01-08 09:39:49,N,AAPL,298.23,2.0,298.26,1.0,0.0,0.0,2020-01-08 09:39:49.307454,298.22,298.25,0,0.029999999999972715,0.08187400718423987,1,1,0.3333333333333333,0.00771
490,2020-01-08 09:39:51,N,AAPL,298.22,1.0,298.25,4.0,-1.0,3.0,2020-01-08 09:39:51.763193,298.2,298.24,0,0.029999999999972715,0.08075132522532158,1,1,-0.6,0.00771
491,2020-01-08 09:39:52,N,AAPL,298.2,2.0,298.24,1.0,1.0,-3.0,2020-01-08 09:39:52.298377,298.19,298.22,0,0.040000000000020464,0.08224891272294599,1,1,0.3333333333333333,0.00771
492,2020-01-08 09:39:53,N,AAPL,298.19,3.0,298.22,2.0,1.0,-8.0,2020-01-08 09:39:53.267092,298.17,298.23,0,0.03000000000002956,0.08233390696699416,1,-1,0.2,0.00771
493,2020-01-08 09:39:54,N,AAPL,298.17,2.0,298.23,3.0,0.0,1.0,2020-01-08 09:39:54.776413,298.19,298.22,0,0.060000000000002274,0.08258362899908889,1,1,-0.2,0.00771
494,2020-01-08 09:39:55,N,AAPL,298.19,2.0,298.22,1.0,0.0,0.0,2020-01-08 09:39:55.268513,298.16,298.18,-1,0.03000000000002956,0.08290641027991796,1,-1,0.3333333333333333,0.00771
495,2020-01-08 09:39:56,N,AAPL,298.16,2.0,298.18,4.0,1.0,2.0,2020-01-08 09:39:56.869858,298.14,298.16,0,0.01999999999998181,0.08270972707629198,1,-1,-0.3333333333333333,0.00771
496,2020-01-08 09:39:57,N,AAPL,298.14,1.0,298.16,3.0,-1.0,-1.0,2020-01-08 09:39:57.315247,298.1,298.14,0,0.020000000000038654,0.0820865261910626,1,1,-0.5,0.00771
497,2020-01-08 09:39:58,N,AAPL,298.1,3.0,298.14,4.0,-5.0,0.0,2020-01-08 09:39:58.197115,298.09,298.11,0,0.03999999999996362,0.08117712076420958,1,1,-0.14285714285714285,0.00771
498,2020-01-08 09:39:59,N,AAPL,298.09,2.0,298.11,1.0,-1.0,-2.0,2020-01-08 09:39:59.270190,298.06,298.08,-1,0.020000000000038654,0.0815079052529768,1,-1,0.3333333333333333,0.00771
499,2020-01-08 09:40:00,N,AAPL,298.06,6.0,298.08,4.0,4.0,1.0,2020-01-08 09:40:00.195369,298.01,298.05,-1,0.01999999999998181,0.07731704573160414,1,-1,0.2,0.00771
500,2020-01-08 09:40:01,N,AAPL,298.01,2.0,298.05,1.0,1.0,0.0,2020-01-08 09:40:01.091320,298.01,298.07,0,0.040000000000020464,0.07267153169135554,1,1,0.3333333333333333,0.00771
501,2020-01-08 09:40:02,N,AAPL,298.01,2.0,298.07,1.0,1.0,0.0,2020-01-08 09:40:02.389822,298.05,298.09,0,0.060000000000002274,0.07342124360155822,1,1,0.3333333333333333,0.00771
502,2020-01-08 09:40:03,N,AAPL,298.05,4.0,298.09,2.0,-1.0,0.0,2020-01-08 09:40:03.029679,298.04,298.1,0,0.03999999999996362,0.07368094507955902,1,-1,0.3333333333333333,0.00771
503,2020-01-08 09:40:04,N,AAPL,298.04,2.0,298.1,1.0,0.0,-1.0,2020-01-08 09:40:04.070327,298.04,298.08,0,0.060000000000002274,0.0736076119306972,1,1,0.3333333333333333,0.00771
504,2020-01-08 09:40:05,N,AAPL,298.04,1.0,298.08,1.0,-1.0,0.0,2020-01-08 09:40:05.034896,298.04,298.11,0,0.03999999999996362,0.07475338030849343,1,-1,0.0,0.00771
505,2020-01-08 09:40:06,N,AAPL,298.04,1.0,298.11,3.0,0.0,2.0,2020-01-08 09:40:06.032534,298.07,298.13,0,0.06999999999999318,0.07295675060669282,1,1,-0.5,0.00771
506,2020-01-08 09:40:07,N,AAPL,298.07,1.0,298.13,1.0,-1.0,0.0,2020-01-08 09:40:07.004349,298.04,298.1,0,0.060000000000002274,0.07245367246554224,1,-1,0.0,0.00799
507,2020-01-08 09:40:08,N,AAPL,298.04,1.0,298.1,2.0,-1.0,1.0,2020-01-08 09:40:08.497003,298.04,298.09,0,0.060000000000002274,0.07157937369413503,1,1,-0.3333333333333333,0.00799
508,2020-01-08 09:40:09,N,AAPL,298.04,1.0,298.09,4.0,0.0,2.0,2020-01-08 09:40:09.803046,298.03,298.06,0,0.049999999999954525,0.0698729615324396,1,-1,-0.6,0.00799
509,2020-01-08 09:40:10,N,AAPL,298.03,2.0,298.06,2.0,1.0,1.0,2020-01-08 09:40:10.136246,298.03,298.05,0,0.03000000000002956,0.06857611608751313,1,-1,0.0,0.00799
510,2020-01-08 09:40:12,N,AAPL,298.03,4.0,298.05,1.0,3.0,0.0,2020-01-08 09:40:12.343084,297.99,298.01,-1,0.020000000000038654,0.07069941099473454,1,-1,0.6,0.00799
511,2020-01-08 09:40:13,N,AAPL,297.99,1.0,298.01,4.0,-12.0,2.0,2020-01-08 09:40:13.000877,297.99,298.02,0,0.01999999999998181,0.06858441916307356,1,-1,-0.6,0.00799
512,2020-01-08 09:40:14,N,AAPL,297.99,2.0,298.02,1.0,0.0,0.0,2020-01-08 09:40:14.861808,297.98,298.04,0,0.029999999999972715,0.06893977419406383,1,1,0.3333333333333333,0.00799
513,2020-01-08 09:40:15,N,AAPL,297.98,4.0,298.04,3.0,2.0,2.0,2020-01-08 09:40:15.781244,297.98,297.99,0,0.060000000000002274,0.06925698156686622,1,1,0.14285714285714285,0.00799
514,2020-01-08 09:40:16,N,AAPL,297.98,1.0,297.99,4.0,-4.0,1.0,2020-01-08 09:40:16.083370,297.97,297.98,0,0.009999999999990905,0.06767475336323514,1,-1,-0.6,0.00799
515,2020-01-08 09:40:18,N,AAPL,297.97,4.0,297.98,2.0,3.0,0.0,2020-01-08 09:40:18.289626,297.98,297.99,0,0.009999999999990905,0.06703211942237886,1,1,0.3333333333333333,0.00799
516,2020-01-08 09:40:19,N,AAPL,297.98,1.0,297.99,4.0,-3.0,2.0,2020-01-08 09:40:19.662343,297.98,297.99,0,0.009999999999990905,0.06542320261422674,1,1,-0.6,0.00799
517,2020-01-08 09:40:20,N,AAPL,297.98,1.0,297.99,3.0,0.0,2.0,2020-01-08 09:40:20.044668,297.91,297.96,-1,0.009999999999990905,0.06502593104795551,1,1,-0.5,0.00799
518,2020-01-08 09:40:21,N,AAPL,297.91,2.0,297.96,1.0,0.0,-2.0,2020-01-08 09:40:21.938467,297.9,297.95,0,0.049999999999954525,0.06540341419571405,1,1,0.3333333333333333,0.00799
519,2020-01-08 09:40:22,N,AAPL,297.9,9.0,297.95,4.0,7.0,3.0,2020-01-08 09:40:22.297138,297.9,297.91,0,0.05000000000001137,0.06885339425565462,1,1,0.38461538461538464,0.00799
520,2020-01-08 09:40:23,N,AAPL,297.9,1.0,297.91,4.0,-8.0,3.0,2020-01-08 09:40:23.107036,297.93,297.98,1,0.010000000000047748,0.0685507838279591,1,-1,-0.6,0.00799
521,2020-01-08 09:40:24,N,AAPL,297.93,3.0,297.98,4.0,1.0,3.0,2020-01-08 09:40:24.044796,297.94,297.98,0,0.05000000000001137,0.067989558770023,1,1,-0.14285714285714285,0.00799
522,2020-01-08 09:40:25,N,AAPL,297.94,2.0,297.98,3.0,0.0,2.0,2020-01-08 09:40:25.230694,297.94,297.98,0,0.040000000000020464,0.06839288623831408,1,-1,-0.2,0.00799
523,2020-01-08 09:40:26,N,AAPL,297.94,3.0,297.98,4.0,2.0,0.0,2020-01-08 09:40:26.043303,297.97,298.03,0,0.040000000000020464,0.06730881957196289,1,1,-0.14285714285714285,0.00799
524,2020-01-08 09:40:27,N,AAPL,297.97,4.0,298.03,3.0,3.0,-1.0,2020-01-08 09:40:27.202480,297.99,298.02,0,0.05999999999994543,0.06811705675892199,1,1,0.14285714285714285,0.00799
525,2020-01-08 09:40:28,N,AAPL,297.99,2.0,298.02,2.0,-2.0,-1.0,2020-01-08 09:40:28.215058,298.06,298.09,1,0.029999999999972715,0.06801209308014222,1,-1,0.0,0.00799
526,2020-01-08 09:40:29,N,AAPL,298.06,1.0,298.09,2.0,-1.0,0.0,2020-01-08 09:40:29.263994,298.07,298.1,0,0.029999999999972715,0.06816670053507323,1,1,-0.3333333333333333,0.00799
527,2020-01-08 09:40:31,N,AAPL,298.07,1.0,298.1,4.0,0.0,3.0,2020-01-08 09:40:31.961908,298.07,298.1,0,0.03000000000002956,0.06661226236315088,1,1,-0.6,0.00799
528,2020-01-08 09:40:32,N,AAPL,298.07,1.0,298.1,3.0,0.0,-1.0,2020-01-08 09:40:32.054230,298.04,298.06,-1,0.03000000000002956,0.06638069583561901,1,1,-0.5,0.00799
529,2020-01-08 09:40:33,N,AAPL,298.04,1.0,298.06,2.0,-1.0,0.0,2020-01-08 09:40:33.822227,298.03,298.05,0,0.01999999999998181,0.06466929808601662,1,-1,-0.3333333333333333,0.00799
530,2020-01-08 09:40:34,N,AAPL,298.03,2.0,298.05,4.0,1.0,3.0,2020-01-08 09:40:34.203542,298.04,298.08,0,0.020000000000038654,0.06332162778278416,1,1,-0.3333333333333333,0.00799
531,2020-01-08 09:40:35,N,AAPL,298.04,1.0,298.08,2.0,-1.0,0.0,2020-01-08 09:40:35.919373,298.03,298.08,0,0.03999999999996362,0.06337914982304937,1,1,-0.3333333333333333,0.00799
532,2020-01-08 09:40:37,N,AAPL,298.03,2.0,298.08,3.0,1.0,1.0,2020-01-08 09:40:37.496080,298.03,298.07,0,0.05000000000001137,0.06295141862278797,1,1,-0.2,0.00799
533,2020-01-08 09:40:38,N,AAPL,298.03,2.0,298.07,2.0,0.0,-1.0,2020-01-08 09:40:38.621728,298.08,298.09,1,0.040000000000020464,0.06332794386719343,1,-1,0.0,0.00799
534,2020-01-08 09:40:39,N,AAPL,298.08,1.0,298.09,1.0,-1.0,-1.0,2020-01-08 09:40:39.290253,298.06,298.1,0,0.009999999999990905,0.06225520620660063,1,-1,0.0,0.00799
535,2020-01-08 09:40:40,N,AAPL,298.06,2.0,298.1,2.0,0.0,1.0,2020-01-08 09:40:40.321207,298.08,298.1,0,0.040000000000020464,0.062697996868053,1,1,0.0,0.00799
536,2020-01-08 09:40:41,N,AAPL,298.08,1.0,298.1,3.0,-1.0,1.0,2020-01-08 09:40:41.072603,298.07,298.09,0,0.020000000000038654,0.0634199704059597,1,-1,-0.5,0.00799
537,2020-01-08 09:40:43,N,AAPL,298.07,1.0,298.09,1.0,0.0,-1.0,2020-01-08 09:40:43.154061,298.09,298.11,0,0.01999999999998181,0.06478319605480465,1,-1,0.0,0.00799
538,2020-01-08 09:40:44,N,AAPL,298.09,2.0,298.11,1.0,1.0,0.0,2020-01-08 09:40:44.346686,298.13,298.14,1,0.020000000000038654,0.06580428580338094,1,1,0.3333333333333333,0.00799
539,2020-01-08 09:40:45,N,AAPL,298.13,1.0,298.14,2.0,-1.0,0.0,2020-01-08 09:40:45.554198,298.19,298.23,1,0.009999999999990905,0.06689751818566947,1,-1,-0.3333333333333333,0.00799
540,2020-01-08 09:40:46,N,AAPL,298.19,3.0,298.23,4.0,1.0,2.0,2020-01-08 09:40:46.404768,298.15,298.19,0,0.040000000000020464,0.06572225195264991,1,1,-0.14285714285714285,0.00799
541,2020-01-08 09:40:47,N,AAPL,298.15,2.0,298.19,1.0,1.0,-1.0,2020-01-08 09:40:47.572595,298.14,298.19,0,0.040000000000020464,0.06585641588708313,1,1,0.3333333333333333,0.00799
542,2020-01-08 09:40:48,N,AAPL,298.14,1.0,298.19,4.0,0.0,3.0,2020-01-08 09:40:48.294758,298.14,298.19,0,0.05000000000001137,0.06628743407634374,1,1,-0.6,0.00799
543,2020-01-08 09:40:49,N,AAPL,298.14,1.0,298.19,2.0,0.0,0.0,2020-01-08 09:40:49.782246,298.08,298.11,-1,0.05000000000001137,0.065672131692736,1,1,-0.3333333333333333,0.00799
544,2020-01-08 09:40:51,N,AAPL,298.08,1.0,298.11,4.0,0.0,2.0,2020-01-08 09:40:51.554443,298.15,298.19,1,0.03000000000002956,0.06462240650142803,1,-1,-0.6,0.00799
545,2020-01-08 09:40:52,N,AAPL,298.15,4.0,298.19,3.0,0.0,1.0,2020-01-08 09:40:52.436857,298.15,298.19,0,0.040000000000020464,0.06429127713010985,1,1,0.14285714285714285,0.00799
546,2020-01-08 09:40:53,N,AAPL,298.15,4.0,298.19,2.0,0.0,-1.0,2020-01-08 09:40:53.373246,298.18,298.2,0,0.040000000000020464,0.06420112459096572,1,1,0.3333333333333333,0.00812
547,2020-01-08 09:40:54,N,AAPL,298.18,5.0,298.2,2.0,1.0,0.0,2020-01-08 09:40:54.704624,298.26,298.29,1,0.01999999999998181,0.06436934509230241,1,-1,0.42857142857142855,0.00812
548,2020-01-08 09:40:56,N,AAPL,298.26,1.0,298.29,2.0,-1.0,0.0,2020-01-08 09:40:56.529400,298.34,298.38,1,0.03000000000002956,0.06458203163373355,1,1,-0.3333333333333333,0.00812
549,2020-01-08 09:40:59,N,AAPL,298.34,3.0,298.38,1.0,-2.0,0.0,2020-01-08 09:40:59.184777,298.37,298.43,0,0.040000000000020464,0.0639665088400534,1,1,0.5,0.00812
550,2020-01-08 09:41:00,N,AAPL,298.37,4.0,298.43,4.0,1.0,2.0,2020-01-08 09:41:00.035340,298.32,298.35,-1,0.060000000000002274,0.06330860757338996,1,1,0.0,0.00812
551,2020-01-08 09:41:01,N,AAPL,298.32,4.0,298.35,4.0,0.0,2.0,2020-01-08 09:41:01.084508,298.37,298.39,1,0.03000000000002956,0.0635336456015807,1,-1,0.0,0.00812
552,2020-01-08 09:41:02,N,AAPL,298.37,1.0,298.39,1.0,-3.0,0.0,2020-01-08 09:41:02.360233,298.39,298.43,0,0.01999999999998181,0.06328450452349443,1,-1,0.0,0.00812
553,2020-01-08 09:41:03,N,AAPL,298.39,2.0,298.43,1.0,1.0,-3.0,2020-01-08 09:41:03.002834,298.39,298.44,0,0.040000000000020464,0.0635248790237597,1,1,0.3333333333333333,0.00812
554,2020-01-08 09:41:04,N,AAPL,298.39,3.0,298.44,1.0,1.0,-1.0,2020-01-08 09:41:04.480091,298.41,298.45,0,0.05000000000001137,0.06268412910020515,1,1,0.5,0.00812
555,2020-01-08 09:41:05,N,AAPL,298.41,2.0,298.45,3.0,0.0,1.0,2020-01-08 09:41:05.051831,298.42,298.46,0,0.03999999999996362,0.06202277502660536,1,-1,-0.2,0.00812
556,2020-01-08 09:41:06,N,AAPL,298.42,2.0,298.46,2.0,0.0,-2.0,2020-01-08 09:41:06.282020,298.45,298.49,0,0.03999999999996362,0.061958104029827155,1,1,0.0,0.00812
557,2020-01-08 09:41:07,N,AAPL,298.45,1.0,298.49,2.0,0.0,1.0,2020-01-08 09:41:07.090638,298.48,298.52,0,0.040000000000020464,0.06195248247041718,1,1,-0.3333333333333333,0.00812
558,2020-01-08 09:41:08,N,AAPL,298.48,2.0,298.52,1.0,-2.0,-1.0,2020-01-08 09:41:08.171863,298.5,298.54,0,0.03999999999996362,0.06189001694565377,1,-1,0.3333333333333333,0.00812
559,2020-01-08 09:41:09,N,AAPL,298.5,1.0,298.54,1.0,0.0,0.0,2020-01-08 09:41:09.332105,298.53,298.56,0,0.040000000000020464,0.0618639535522334,1,1,0.0,0.00812
560,2020-01-08 09:41:10,N,AAPL,298.53,4.0,298.56,2.0,1.0,1.0,2020-01-08 09:41:10.043193,298.49,298.52,-1,0.03000000000002956,0.05998254915544976,1,-1,0.3333333333333333,0.00812
561,2020-01-08 09:41:11,N,AAPL,298.49,4.0,298.52,4.0,2.0,0.0,2020-01-08 09:41:11.002822,298.5,298.54,0,0.029999999999972715,0.05982287690846988,1,-1,0.0,0.00812
562,2020-01-08 09:41:12,N,AAPL,298.5,1.0,298.54,2.0,-1.0,1.0,2020-01-08 09:41:12.008840,298.45,298.5,0,0.040000000000020464,0.06035767431973227,1,1,-0.3333333333333333,0.00812
563,2020-01-08 09:41:13,N,AAPL,298.45,2.0,298.5,2.0,1.0,-1.0,2020-01-08 09:41:13.469966,298.45,298.48,0,0.05000000000001137,0.060509658365276664,1,1,0.0,0.00812
564,2020-01-08 09:41:14,N,AAPL,298.45,2.0,298.48,4.0,0.0,2.0,2020-01-08 09:41:14.989088,298.42,298.46,0,0.03000000000002956,0.06104086538465481,1,-1,-0.3333333333333333,0.00812
565,2020-01-08 09:41:15,N,AAPL,298.42,1.0,298.46,3.0,-1.0,1.0,2020-01-08 09:41:15.015273,298.42,298.45,0,0.03999999999996362,0.0610893084287909,1,1,-0.5,0.00812
566,2020-01-08 09:41:17,N,AAPL,298.42,2.0,298.45,2.0,-1.0,-2.0,2020-01-08 09:41:17.679695,298.42,298.45,0,0.029999999999972715,0.06084876455503263,1,-1,0.0,0.00812
567,2020-01-08 09:41:19,N,AAPL,298.42,2.0,298.45,2.0,0.0,0.0,2020-01-08 09:41:19.037590,298.41,298.42,0,0.029999999999972715,0.060797548165794524,1,1,0.0,0.00812
568,2020-01-08 09:41:20,N,AAPL,298.41,2.0,298.42,2.0,0.0,0.0,2020-01-08 09:41:20.765837,298.31,298.35,-1,0.009999999999990905,0.060662141779801004,1,-1,0.0,0.00812
569,2020-01-08 09:41:21,N,AAPL,298.31,2.0,298.35,1.0,1.0,-5.0,2020-01-08 09:41:21.253187,298.31,298.33,0,0.040000000000020464,0.060935637043087354,1,1,0.3333333333333333,0.00812
570,2020-01-08 09:41:22,N,AAPL,298.31,1.0,298.33,1.0,-1.0,0.0,2020-01-08 09:41:22.215376,298.28,298.32,0,0.01999999999998181,0.060095064336394444,1,-1,0.0,0.00812
571,2020-01-08 09:41:23,N,AAPL,298.28,1.0,298.32,1.0,-1.0,-4.0,2020-01-08 09:41:23.057384,298.37,298.41,1,0.040000000000020464,0.06004968008647893,1,1,0.0,0.00812
572,2020-01-08 09:41:25,N,AAPL,298.37,1.0,298.41,4.0,-2.0,3.0,2020-01-08 09:41:25.034046,298.33,298.37,0,0.040000000000020464,0.0598679567367526,1,1,-0.6,0.00812
573,2020-01-08 09:41:26,N,AAPL,298.33,1.0,298.37,1.0,-2.0,0.0,2020-01-08 09:41:26.104516,298.25,298.3,-1,0.040000000000020464,0.058926049361446076,1,1,0.0,0.00812
574,2020-01-08 09:41:27,N,AAPL,298.25,2.0,298.3,1.0,1.0,0.0,2020-01-08 09:41:27.152900,298.26,298.31,0,0.05000000000001137,0.05807727312867428,1,1,0.3333333333333333,0.00812
575,2020-01-08 09:41:29,N,AAPL,298.26,3.0,298.31,2.0,2.0,1.0,2020-01-08 09:41:29.101308,298.3,298.34,0,0.05000000000001137,0.05703824587271811,1,1,0.2,0.00812
576,2020-01-08 09:41:30,N,AAPL,298.3,2.0,298.34,2.0,1.0,0.0,2020-01-08 09:41:30.087322,298.35,298.39,1,0.03999999999996362,0.05698236818489022,1,-1,0.0,0.00812
577,2020-01-08 09:41:31,N,AAPL,298.35,5.0,298.39,1.0,2.0,-1.0,2020-01-08 09:41:31.204542,298.34,298.38,0,0.03999999999996362,0.056031806339547074,1,1,0.6666666666666666,0.00812
578,2020-01-08 09:41:32,N,AAPL,298.34,2.0,298.38,2.0,-1.0,-2.0,2020-01-08 09:41:32.294241,298.37,298.41,0,0.040000000000020464,0.057354064375431335,1,1,0.0,0.00812
579,2020-01-08 09:41:33,N,AAPL,298.37,4.0,298.41,1.0,2.0,-2.0,2020-01-08 09:41:33.031081,298.4,298.43,0,0.040000000000020464,0.05597102650284569,1,1,0.6,0.00812
580,2020-01-08 09:41:34,N,AAPL,298.4,1.0,298.43,2.0,-1.0,-1.0,2020-01-08 09:41:34.115620,298.43,298.48,0,0.03000000000002956,0.05595289394887004,1,-1,-0.3333333333333333,0.00812
581,2020-01-08 09:41:35,N,AAPL,298.43,4.0,298.48,2.0,1.0,-1.0,2020-01-08 09:41:35.014746,298.43,298.48,0,0.05000000000001137,0.05517611261370803,1,1,0.3333333333333333,0.00812
582,2020-01-08 09:41:36,N,AAPL,298.43,2.0,298.48,1.0,1.0,-2.0,2020-01-08 09:41:36.401865,298.43,298.47,0,0.05000000000001137,0.05486875581328832,1,1,0.3333333333333333,0.00812
583,2020-01-08 09:41:37,N,AAPL,298.43,2.0,298.47,4.0,0.0,3.0,2020-01-08 09:41:37.265238,298.42,298.44,0,0.040000000000020464,0.054916707646953,1,-1,-0.3333333333333333,0.00812
584,2020-01-08 09:41:40,N,AAPL,298.42,2.0,298.44,2.0,0.0,1.0,2020-01-08 09:41:40.227877,298.4,298.4,-1,0.01999999999998181,0.05439308967561374,1,-1,0.0,0.00812
585,2020-01-08 09:41:42,N,AAPL,298.4,2.0,298.4,1.0,1.0,0.0,2020-01-08 09:41:42.961057,298.36,298.38,-1,0.0,0.05338150551654053,1,-1,0.3333333333333333,0.00812
586,2020-01-08 09:41:43,N,AAPL,298.36,3.0,298.38,3.0,-2.0,2.0,2020-01-08 09:41:43.324238,298.33,298.36,0,0.01999999999998181,0.05260416150059655,1,1,0.0,0.00812
587,2020-01-08 09:41:44,N,AAPL,298.33,4.0,298.36,1.0,2.0,0.0,2020-01-08 09:41:44.843723,298.33,298.38,0,0.03000000000002956,0.05123923158589605,1,1,0.6,0.00812
588,2020-01-08 09:41:45,N,AAPL,298.33,4.0,298.38,4.0,2.0,3.0,2020-01-08 09:41:45.052321,298.35,298.38,0,0.05000000000001137,0.05150526999096883,1,1,0.0,0.0084
589,2020-01-08 09:41:46,N,AAPL,298.35,1.0,298.38,1.0,-1.0,0.0,2020-01-08 09:41:46.379434,298.34,298.37,0,0.029999999999972715,0.05146074401403666,1,-1,0.0,0.0084
590,2020-01-08 09:41:49,N,AAPL,298.34,2.0,298.37,2.0,1.0,-2.0,2020-01-08 09:41:49.216697,298.34,298.38,0,0.03000000000002956,0.05098699599165002,1,1,0.0,0.0084
591,2020-01-08 09:41:50,N,AAPL,298.34,4.0,298.38,1.0,3.0,-4.0,2020-01-08 09:41:50.607776,298.36,298.4,0,0.040000000000020464,0.050578036462241016,1,1,0.6,0.0084
592,2020-01-08 09:41:51,N,AAPL,298.36,3.0,298.4,1.0,0.0,-2.0,2020-01-08 09:41:51.095282,298.35,298.39,0,0.03999999999996362,0.05067103283732877,1,-1,0.5,0.0084
