,last_interval,Exchange,Symbol,Best_Bid_Price,FB0,Best_Offer_Price,FA0,FB2,FA2,p_time,Next_Best_Bid,Next_Best_Offer,outcome,Spread,AWS,Anomaly,Spread Change,Quote IMB,VPIN
0,2020-01-03 09:30:01,N,AAPL,296.95,1.0,297.0,1.0,-1.0,0.0,2020-01-03 09:30:01.669640,296.61,296.77,-1,0.05000000000001137,0.05000000000001137,0,0,0.0,0.00027
1,2020-01-03 09:30:02,N,AAPL,296.61,1.0,296.77,1.0,0.0,-1.0,2020-01-03 09:30:02.409944,296.56,296.67,0,0.15999999999996817,0.10500000000001819,0,1,0.0,0.00027
2,2020-01-03 09:30:03,N,AAPL,296.56,5.0,296.67,1.0,4.0,0.0,2020-01-03 09:30:03.344977,296.52,296.61,0,0.11000000000001364,0.19047619047626085,1,-1,0.6666666666666666,0.00027
3,2020-01-03 09:30:04,N,AAPL,296.52,1.0,296.61,2.0,-4.0,1.0,2020-01-03 09:30:04.080917,296.54,296.78,0,0.09000000000003183,0.12200000000007094,0,-1,-0.3333333333333333,0.00027
4,2020-01-03 09:30:07,N,AAPL,296.54,2.0,296.78,2.0,1.0,1.0,2020-01-03 09:30:07.604378,296.76,296.88,0,0.23999999999995225,0.14971428571436718,0,1,0.0,0.00027
5,2020-01-03 09:30:12,N,AAPL,296.76,1.0,296.88,1.0,-60.0,0.0,2020-01-03 09:30:12.620994,297.13,297.28,1,0.12000000000000455,0.1515909090909986,0,-1,0.0,0.00027
6,2020-01-03 09:30:19,N,AAPL,297.13,5.0,297.28,2.0,4.0,1.0,2020-01-03 09:30:19.230379,297.52,297.62,1,0.14999999999997726,0.09287500000010596,0,1,0.42857142857142855,0.00027
7,2020-01-03 09:30:29,N,AAPL,297.52,2.0,297.62,2.0,-3.0,0.0,2020-01-03 09:30:29.424162,297.6,297.64,0,0.10000000000002274,0.13555555555569754,0,-1,0.0,0.00027
8,2020-01-03 09:30:30,N,AAPL,297.6,8.0,297.64,1.0,7.0,-1.0,2020-01-03 09:30:30.501867,297.51,297.61,0,0.03999999999996362,-0.043461538461485816,1,-1,0.7777777777777778,0.00027
9,2020-01-03 09:30:31,N,AAPL,297.51,4.0,297.61,2.0,2.0,-2.0,2020-01-03 09:30:31.302275,297.53,297.63,0,0.10000000000002274,-0.024333333333288465,1,1,0.3333333333333333,0.00027
10,2020-01-03 09:30:33,N,AAPL,297.53,1.0,297.63,1.0,-1.0,0.0,2020-01-03 09:30:33.003757,297.6,297.65,0,0.10000000000002274,-0.004818548387106603,1,1,0.0,0.00027
11,2020-01-03 09:30:35,N,AAPL,297.6,36.0,297.65,2.0,35.0,1.0,2020-01-03 09:30:35.338035,297.56,297.66,0,0.049999999999954525,-0.188731343283564,1,-1,0.8947368421052632,0.00027
12,2020-01-03 09:30:36,N,AAPL,297.56,4.0,297.66,1.0,2.0,-3.0,2020-01-03 09:30:36.229024,297.56,297.65,0,0.10000000000002274,-0.1741512231282627,1,1,0.6,0.00027
13,2020-01-03 09:30:38,N,AAPL,297.56,2.0,297.65,1.0,-2.0,0.0,2020-01-03 09:30:38.025692,297.66,297.68,1,0.08999999999997499,-0.15739726027396728,1,-1,0.3333333333333333,0.00027
14,2020-01-03 09:30:39,N,AAPL,297.66,1.0,297.68,34.0,0.0,33.0,2020-01-03 09:30:39.789578,297.59,297.66,0,0.01999999999998181,0.10992992992987638,1,-1,-0.9428571428571428,0.00027
15,2020-01-03 09:30:40,N,AAPL,297.59,1.0,297.66,3.0,-1.0,-31.0,2020-01-03 09:30:40.043742,297.82,297.89,1,0.07000000000005002,0.11487017543862521,1,1,-0.5,0.00027
16,2020-01-03 09:30:41,N,AAPL,297.82,5.0,297.89,5.0,3.0,4.0,2020-01-03 09:30:41.430938,297.82,297.9,0,0.06999999999999318,0.11863306451618882,1,-1,0.0,0.00027
17,2020-01-03 09:30:42,N,AAPL,297.82,1.0,297.9,17.0,-1.0,16.0,2020-01-03 09:30:42.338611,297.69,297.88,0,0.07999999999998408,0.18767932489453187,1,1,-0.8888888888888888,0.00027
18,2020-01-03 09:30:43,N,AAPL,297.69,2.0,297.88,1.0,1.0,-1.0,2020-01-03 09:30:43.278484,297.88,297.94,0,0.18999999999999773,0.18484789156627812,1,1,0.3333333333333333,0.00027
19,2020-01-03 09:30:44,N,AAPL,297.88,1.0,297.94,1.0,-3.0,0.0,2020-01-03 09:30:44.190096,297.88,297.9,0,0.060000000000002274,0.18349647266313696,1,-1,0.0,0.00027
20,2020-01-03 09:30:45,N,AAPL,297.88,2.0,297.9,1.0,0.0,0.0,2020-01-03 09:30:45.426783,297.8,297.9,0,0.01999999999998181,0.1767952353942519,1,-1,0.3333333333333333,0.00027
21,2020-01-03 09:30:47,N,AAPL,297.8,4.0,297.9,1.0,2.0,0.0,2020-01-03 09:30:47.290174,297.82,297.9,0,0.0999999999999659,0.16499464524770246,1,1,0.6,0.00027
22,2020-01-03 09:30:48,N,AAPL,297.82,1.0,297.9,1.0,-3.0,0.0,2020-01-03 09:30:48.125670,297.92,297.95,1,0.07999999999998408,0.16429487179493663,1,-1,0.0,0.00027
23,2020-01-03 09:30:49,N,AAPL,297.92,2.0,297.95,1.0,-1.0,-2.0,2020-01-03 09:30:49.108291,297.85,297.95,0,0.029999999999972715,0.15845793801400987,1,-1,0.3333333333333333,0.00027
24,2020-01-03 09:30:50,N,AAPL,297.85,2.0,297.95,1.0,1.0,0.0,2020-01-03 09:30:50.477770,297.91,297.95,0,0.0999999999999659,0.15440758873938876,1,1,0.3333333333333333,0.00027
25,2020-01-03 09:30:51,N,AAPL,297.91,2.0,297.95,2.0,0.0,1.0,2020-01-03 09:30:51.734416,297.78,297.87,-1,0.03999999999996362,0.1526722118088628,1,-1,0.0,0.00027
26,2020-01-03 09:30:52,N,AAPL,297.78,1.0,297.87,4.0,0.0,2.0,2020-01-03 09:30:52.181319,297.77,297.9,0,0.09000000000003183,0.15898624667266859,1,1,-0.6,0.00027
27,2020-01-03 09:30:53,N,AAPL,297.77,18.0,297.9,5.0,17.0,0.0,2020-01-03 09:30:53.064269,297.85,297.9,0,0.12999999999999545,0.1306656594384208,0,1,0.5652173913043478,0.00027
28,2020-01-03 09:30:54,N,AAPL,297.85,1.0,297.9,3.0,0.0,0.0,2020-01-03 09:30:54.184490,297.85,297.94,0,0.049999999999954525,0.13465384615392395,1,-1,-0.5,0.00027
29,2020-01-03 09:30:55,N,AAPL,297.85,2.0,297.94,3.0,0.0,1.0,2020-01-03 09:30:55.504587,297.89,297.95,0,0.08999999999997499,0.13700171330680178,1,1,-0.2,0.00027
30,2020-01-03 09:30:56,N,AAPL,297.89,2.0,297.95,6.0,-2.0,4.0,2020-01-03 09:30:56.116654,297.91,297.95,0,0.060000000000002274,0.14551899310043837,1,-1,-0.5,0.00027
31,2020-01-03 09:30:57,N,AAPL,297.91,1.0,297.95,1.0,-1.0,-5.0,2020-01-03 09:30:57.003801,297.97,297.99,1,0.03999999999996362,0.14486885245906933,1,-1,0.0,0.00048
32,2020-01-03 09:30:58,N,AAPL,297.97,4.0,297.99,1.0,0.0,-1.0,2020-01-03 09:30:58.093735,297.99,298.1,0,0.01999999999998181,0.1345838695838779,1,-1,0.6,0.00048
33,2020-01-03 09:30:59,N,AAPL,297.99,1.0,298.1,2.0,-1.0,0.0,2020-01-03 09:30:59.701875,298.0,298.07,0,0.11000000000001364,0.13817782732917294,1,1,-0.3333333333333333,0.00048
34,2020-01-03 09:31:00,N,AAPL,298.0,1.0,298.07,1.0,0.0,-1.0,2020-01-03 09:31:00.482841,298.03,298.08,0,0.06999999999999318,0.1379797149123192,1,-1,0.0,0.00048
35,2020-01-03 09:31:01,N,AAPL,298.03,2.0,298.08,1.0,-3.0,0.0,2020-01-03 09:31:01.323664,297.97,298.06,0,0.05000000000001137,0.13424749163885963,0,-1,0.3333333333333333,0.00048
36,2020-01-03 09:31:02,N,AAPL,297.97,4.0,298.06,1.0,3.0,-1.0,2020-01-03 09:31:02.169256,298.06,298.17,0,0.08999999999997499,0.12586721564599657,0,1,0.6,0.00048
37,2020-01-03 09:31:03,N,AAPL,298.06,2.0,298.17,2.0,1.0,1.0,2020-01-03 09:31:03.332962,298.18,298.28,1,0.11000000000001364,0.12662013958129137,0,1,0.0,0.00048
38,2020-01-03 09:31:06,N,AAPL,298.18,2.0,298.28,1.0,-2.0,0.0,2020-01-03 09:31:06.062945,298.14,298.27,0,0.0999999999999659,0.12293265132137776,0,-1,0.3333333333333333,0.00048
39,2020-01-03 09:31:07,N,AAPL,298.14,1.0,298.27,4.0,0.0,2.0,2020-01-03 09:31:07.183190,298.25,298.31,0,0.12999999999999545,0.13634672749606125,1,1,-0.6,0.00048
40,2020-01-03 09:31:08,N,AAPL,298.25,2.0,298.31,4.0,0.0,3.0,2020-01-03 09:31:08.111011,298.22,298.34,0,0.060000000000002274,0.14479365611214234,1,-1,-0.3333333333333333,0.00048
41,2020-01-03 09:31:09,N,AAPL,298.22,4.0,298.34,2.0,2.0,1.0,2020-01-03 09:31:09.735519,298.19,298.26,0,0.1199999999999477,0.13730553327985717,1,1,0.3333333333333333,0.00048
42,2020-01-03 09:31:10,N,AAPL,298.19,1.0,298.26,1.0,0.0,0.0,2020-01-03 09:31:10.564293,298.12,298.21,0,0.06999999999999318,0.13724446786090994,1,-1,0.0,0.00048
43,2020-01-03 09:31:11,N,AAPL,298.12,1.0,298.21,4.0,-1.0,3.0,2020-01-03 09:31:11.188843,298.26,298.34,1,0.08999999999997499,0.14662097674892038,1,1,-0.6,0.00048
44,2020-01-03 09:31:12,N,AAPL,298.26,4.0,298.34,4.0,3.0,3.0,2020-01-03 09:31:12.526798,298.28,298.36,0,0.07999999999998408,0.14619925136764778,1,-1,0.0,0.00048
45,2020-01-03 09:31:13,N,AAPL,298.28,1.0,298.36,2.0,0.0,-2.0,2020-01-03 09:31:13.001468,298.24,298.31,0,0.08000000000004093,0.14994548872181213,1,1,-0.3333333333333333,0.00048
46,2020-01-03 09:31:14,N,AAPL,298.24,7.0,298.31,1.0,5.0,0.0,2020-01-03 09:31:14.123244,298.15,298.17,-1,0.06999999999999318,0.1285186672018881,0,-1,0.75,0.00048
47,2020-01-03 09:31:15,N,AAPL,298.15,2.0,298.17,4.0,-1.0,2.0,2020-01-03 09:31:15.062894,298.21,298.3,1,0.020000000000038654,0.13234782608691376,0,-1,-0.3333333333333333,0.00048
48,2020-01-03 09:31:16,N,AAPL,298.21,1.0,298.3,2.0,0.0,0.0,2020-01-03 09:31:16.473624,298.13,298.22,0,0.09000000000003183,0.13552028218691703,1,1,-0.3333333333333333,0.00048
49,2020-01-03 09:31:17,N,AAPL,298.13,1.0,298.22,4.0,0.0,2.0,2020-01-03 09:31:17.059010,298.17,298.24,0,0.09000000000003183,0.14288871734441955,1,1,-0.6,0.00048
50,2020-01-03 09:31:18,N,AAPL,298.17,1.0,298.24,1.0,0.0,0.0,2020-01-03 09:31:18.384673,298.15,298.19,0,0.06999999999999318,0.14262997432598468,1,-1,0.0,0.00048
51,2020-01-03 09:31:19,N,AAPL,298.15,4.0,298.19,1.0,3.0,-1.0,2020-01-03 09:31:19.403563,298.2,298.24,1,0.040000000000020464,0.13443043884217332,0,-1,0.6,0.00048
52,2020-01-03 09:31:20,N,AAPL,298.2,1.0,298.24,1.0,-3.0,-2.0,2020-01-03 09:31:20.008072,298.15,298.24,0,0.040000000000020464,0.13409129332205794,0,1,0.0,0.00048
53,2020-01-03 09:31:21,N,AAPL,298.15,2.0,298.24,2.0,0.0,1.0,2020-01-03 09:31:21.051038,298.24,298.27,0,0.09000000000003183,0.13400134952763665,0,1,0.0,0.00048
54,2020-01-03 09:31:22,N,AAPL,298.24,4.0,298.27,1.0,0.0,-5.0,2020-01-03 09:31:22.916057,298.2,298.23,-1,0.029999999999972715,0.12496778889897087,0,-1,0.6,0.00048
55,2020-01-03 09:31:23,N,AAPL,298.2,2.0,298.23,2.0,1.0,1.0,2020-01-03 09:31:23.090811,298.15,298.17,-1,0.03000000000002956,0.12435667839247344,0,1,0.0,0.00048
56,2020-01-03 09:31:24,N,AAPL,298.15,2.0,298.17,3.0,0.0,1.0,2020-01-03 09:31:24.556188,298.19,298.27,1,0.020000000000038654,0.12536933581617404,0,-1,-0.2,0.00048
57,2020-01-03 09:31:26,N,AAPL,298.19,4.0,298.27,1.0,2.0,0.0,2020-01-03 09:31:26.055665,298.34,298.38,1,0.07999999999998408,0.11822823426859941,0,1,0.6,0.00048
58,2020-01-03 09:31:28,N,AAPL,298.34,2.0,298.38,1.0,1.0,0.0,2020-01-03 09:31:28.652360,298.41,298.44,1,0.040000000000020464,0.11503197099528961,0,-1,0.3333333333333333,0.00048
59,2020-01-03 09:31:29,N,AAPL,298.41,2.0,298.44,2.0,0.0,0.0,2020-01-03 09:31:29.139022,298.41,298.46,0,0.029999999999972715,0.11487436376512505,0,-1,0.0,0.00048
60,2020-01-03 09:31:30,N,AAPL,298.41,2.0,298.46,2.0,1.0,0.0,2020-01-03 09:31:30.208436,298.38,298.42,0,0.049999999999954525,0.11494047619032699,0,1,0.0,0.00048
61,2020-01-03 09:31:31,N,AAPL,298.38,1.0,298.42,4.0,-1.0,2.0,2020-01-03 09:31:31.105146,298.32,298.36,-1,0.040000000000020464,0.12394186046498135,0,-1,-0.6,0.00048
62,2020-01-03 09:31:32,N,AAPL,298.32,1.0,298.36,4.0,0.0,3.0,2020-01-03 09:31:32.128864,298.26,298.34,0,0.040000000000020464,0.13137464302707258,0,1,-0.6,0.00048
63,2020-01-03 09:31:33,N,AAPL,298.26,3.0,298.34,2.0,1.0,-2.0,2020-01-03 09:31:33.073774,298.22,298.3,0,0.07999999999998408,0.12880516622266214,0,1,0.2,0.00048
64,2020-01-03 09:31:34,N,AAPL,298.22,5.0,298.3,2.0,4.0,-8.0,2020-01-03 09:31:34.098858,298.38,298.41,1,0.07999999999998408,0.12232188721384318,0,1,0.42857142857142855,0.00048
65,2020-01-03 09:31:35,N,AAPL,298.38,1.0,298.41,1.0,0.0,0.0,2020-01-03 09:31:35.422837,298.4,298.44,0,0.03000000000002956,0.12211270718239575,0,-1,0.0,0.00048
66,2020-01-03 09:31:36,N,AAPL,298.4,1.0,298.44,2.0,-2.0,1.0,2020-01-03 09:31:36.228856,298.44,298.49,0,0.040000000000020464,0.12473044613005868,0,1,-0.3333333333333333,0.00048
67,2020-01-03 09:31:37,N,AAPL,298.44,1.0,298.49,4.0,0.0,2.0,2020-01-03 09:31:37.475317,298.42,298.45,0,0.05000000000001137,0.1334473447344635,1,1,-0.6,0.00048
68,2020-01-03 09:31:38,N,AAPL,298.42,1.0,298.45,2.0,0.0,1.0,2020-01-03 09:31:38.359372,298.41,298.47,0,0.029999999999972715,0.1357708447363848,1,-1,-0.3333333333333333,0.00048
69,2020-01-03 09:31:39,N,AAPL,298.41,1.0,298.47,4.0,0.0,0.0,2020-01-03 09:31:39.175533,298.41,298.44,0,0.060000000000002274,0.14355811236413274,1,1,-0.6,0.00048
70,2020-01-03 09:31:40,N,AAPL,298.41,2.0,298.44,4.0,1.0,0.0,2020-01-03 09:31:40.984530,298.4,298.42,0,0.029999999999972715,0.14748780247396098,1,-1,-0.3333333333333333,0.00048
71,2020-01-03 09:31:41,N,AAPL,298.4,6.0,298.42,4.0,4.0,3.0,2020-01-03 09:31:41.031447,298.46,298.49,1,0.020000000000038654,0.14013869332580953,1,-1,0.2,0.00048
72,2020-01-03 09:31:42,N,AAPL,298.46,1.0,298.49,2.0,-2.0,1.0,2020-01-03 09:31:42.373293,298.43,298.46,0,0.03000000000002956,0.14223340040240373,1,1,-0.3333333333333333,0.00048
73,2020-01-03 09:31:43,N,AAPL,298.43,1.0,298.46,4.0,0.0,3.0,2020-01-03 09:31:43.278357,298.3,298.4,-1,0.029999999999972715,0.14861573885957569,1,-1,-0.6,0.00048
74,2020-01-03 09:31:44,N,AAPL,298.3,3.0,298.4,1.0,2.0,0.0,2020-01-03 09:31:44.352337,298.29,298.34,0,0.0999999999999659,0.1443158454449076,1,1,0.5,0.00048
75,2020-01-03 09:31:45,N,AAPL,298.29,1.0,298.34,2.0,-2.0,1.0,2020-01-03 09:31:45.807084,298.25,298.3,0,0.049999999999954525,0.14556356487548783,1,-1,-0.3333333333333333,0.00048
76,2020-01-03 09:31:46,N,AAPL,298.25,1.0,298.3,4.0,0.0,3.0,2020-01-03 09:31:46.103660,298.14,298.16,-1,0.05000000000001137,0.14932445696240393,1,1,-0.6,0.00048
77,2020-01-03 09:31:48,N,AAPL,298.14,1.0,298.16,4.0,0.0,3.0,2020-01-03 09:31:48.691501,298.21,298.25,1,0.020000000000038654,0.15082902418680533,1,-1,-0.6,0.00048
78,2020-01-03 09:31:50,N,AAPL,298.21,1.0,298.25,1.0,0.0,-3.0,2020-01-03 09:31:50.323436,298.26,298.31,1,0.040000000000020464,0.15033740366533266,1,1,0.0,0.00048
79,2020-01-03 09:31:51,N,AAPL,298.26,4.0,298.31,1.0,2.0,0.0,2020-01-03 09:31:51.069914,298.3,298.33,0,0.05000000000001137,0.14461414141413798,1,1,0.6,0.00048
80,2020-01-03 09:31:52,N,AAPL,298.3,1.0,298.33,4.0,0.0,2.0,2020-01-03 09:31:52.463303,298.29,298.34,0,0.029999999999972715,0.1483565107458844,1,-1,-0.6,0.00048
81,2020-01-03 09:31:53,N,AAPL,298.29,3.0,298.34,1.0,-2.0,0.0,2020-01-03 09:31:53.193875,298.31,298.38,0,0.049999999999954525,0.14429189713735013,1,1,0.5,0.00048
82,2020-01-03 09:31:54,N,AAPL,298.31,1.0,298.38,4.0,-1.0,2.0,2020-01-03 09:31:54.321838,298.36,298.37,0,0.06999999999999318,0.1486825517372381,1,1,-0.6,0.00075
83,2020-01-03 09:31:55,N,AAPL,298.36,1.0,298.37,4.0,0.0,3.0,2020-01-03 09:31:55.856371,298.33,298.37,0,0.009999999999990905,0.15248592609106026,1,-1,-0.6,0.00075
84,2020-01-03 09:31:56,N,AAPL,298.33,2.0,298.37,4.0,1.0,0.0,2020-01-03 09:31:56.078055,298.42,298.48,1,0.040000000000020464,0.15431647380523827,1,1,-0.3333333333333333,0.00075
85,2020-01-03 09:31:57,N,AAPL,298.42,2.0,298.48,2.0,1.0,1.0,2020-01-03 09:31:57.540572,298.45,298.49,0,0.060000000000002274,0.1534509035876681,1,1,0.0,0.00075
86,2020-01-03 09:31:58,N,AAPL,298.45,2.0,298.49,1.0,1.0,-1.0,2020-01-03 09:31:58.297001,298.54,298.59,1,0.040000000000020464,0.15058069620266679,1,-1,0.3333333333333333,0.00075
87,2020-01-03 09:31:59,N,AAPL,298.54,2.0,298.59,1.0,0.0,0.0,2020-01-03 09:31:59.485260,298.61,298.66,1,0.049999999999954525,0.1474360665984591,1,1,0.3333333333333333,0.00075
88,2020-01-03 09:32:00,N,AAPL,298.61,2.0,298.66,5.0,0.0,4.0,2020-01-03 09:32:00.186801,298.61,298.67,0,0.05000000000001137,0.15400701683375928,1,1,-0.42857142857142855,0.00075
89,2020-01-03 09:32:01,N,AAPL,298.61,2.0,298.67,3.0,1.0,-3.0,2020-01-03 09:32:01.843851,298.62,298.68,0,0.060000000000002274,0.1555664633844458,1,1,-0.2,0.00075
90,2020-01-03 09:32:02,N,AAPL,298.62,1.0,298.68,4.0,0.0,2.0,2020-01-03 09:32:02.190622,298.61,298.68,0,0.060000000000002274,0.1623632799845609,1,1,-0.6,0.00075
91,2020-01-03 09:32:03,N,AAPL,298.61,4.0,298.68,1.0,2.0,-3.0,2020-01-03 09:32:03.156750,298.59,298.64,0,0.06999999999999318,0.15350869951743107,1,1,0.6,0.00075
92,2020-01-03 09:32:04,N,AAPL,298.59,4.0,298.64,2.0,3.0,1.0,2020-01-03 09:32:04.403993,298.63,298.69,0,0.05000000000001137,0.1473381696428646,1,-1,0.3333333333333333,0.00075
93,2020-01-03 09:32:05,N,AAPL,298.63,1.0,298.69,2.0,0.0,1.0,2020-01-03 09:32:05.090219,298.55,298.64,0,0.060000000000002274,0.14930033397678244,1,1,-0.3333333333333333,0.00075
94,2020-01-03 09:32:06,N,AAPL,298.55,5.0,298.64,3.0,3.0,1.0,2020-01-03 09:32:06.189056,298.52,298.56,0,0.08999999999997499,0.14379354896198038,1,1,0.25,0.00075
95,2020-01-03 09:32:07,N,AAPL,298.52,1.0,298.56,4.0,0.0,2.0,2020-01-03 09:32:07.788852,298.51,298.57,0,0.040000000000020464,0.14863029066799527,1,-1,-0.6,0.00075
96,2020-01-03 09:32:08,N,AAPL,298.51,1.0,298.57,1.0,-1.0,0.0,2020-01-03 09:32:08.385352,298.53,298.58,0,0.060000000000002274,0.14824869866976087,1,1,0.0,0.00075
97,2020-01-03 09:32:09,N,AAPL,298.53,1.0,298.58,4.0,0.0,2.0,2020-01-03 09:32:09.681478,298.55,298.62,0,0.05000000000001137,0.15311621966799294,1,-1,-0.6,0.00075
98,2020-01-03 09:32:10,N,AAPL,298.55,4.0,298.62,1.0,3.0,-1.0,2020-01-03 09:32:10.166057,298.5,298.55,0,0.06999999999999318,0.14604121701597705,1,1,0.6,0.00075
99,2020-01-03 09:32:11,N,AAPL,298.5,1.0,298.55,2.0,0.0,1.0,2020-01-03 09:32:11.334880,298.49,298.54,0,0.05000000000001137,0.1472440717178074,1,-1,-0.3333333333333333,0.00075
100,2020-01-03 09:32:12,N,AAPL,298.49,6.0,298.54,4.0,5.0,2.0,2020-01-03 09:32:12.111921,298.43,298.53,0,0.05000000000001137,0.14185907305164847,1,1,0.2,0.00075
101,2020-01-03 09:32:13,N,AAPL,298.43,2.0,298.53,1.0,1.0,0.0,2020-01-03 09:32:13.921440,298.43,298.51,0,0.0999999999999659,0.1400388594234414,1,1,0.3333333333333333,0.00075
102,2020-01-03 09:32:14,N,AAPL,298.43,2.0,298.51,4.0,0.0,3.0,2020-01-03 09:32:14.065751,298.53,298.56,1,0.07999999999998408,0.1422934011717416,1,-1,-0.3333333333333333,0.00075
103,2020-01-03 09:32:15,N,AAPL,298.53,1.0,298.56,2.0,-3.0,1.0,2020-01-03 09:32:15.202866,298.53,298.56,0,0.03000000000002956,0.143371256419357,1,-1,-0.3333333333333333,0.00075
104,2020-01-03 09:32:16,N,AAPL,298.53,2.0,298.56,2.0,0.0,1.0,2020-01-03 09:32:16.327270,298.53,298.56,0,0.03000000000002956,0.14248326941878986,1,1,0.0,0.00075
105,2020-01-03 09:32:17,N,AAPL,298.53,1.0,298.56,2.0,0.0,1.0,2020-01-03 09:32:17.065101,298.76,298.79,1,0.03000000000002956,0.14351884920637303,1,1,-0.3333333333333333,0.00075
106,2020-01-03 09:32:21,N,AAPL,298.76,2.0,298.79,4.0,1.0,2.0,2020-01-03 09:32:21.153384,298.86,298.9,1,0.03000000000002956,0.14702880598463253,1,1,-0.3333333333333333,0.00075
107,2020-01-03 09:32:22,N,AAPL,298.86,1.0,298.9,27.0,-1.0,23.0,2020-01-03 09:32:22.858782,298.92,298.97,1,0.03999999999996362,0.20782170431004943,1,1,-0.9285714285714286,0.00075
108,2020-01-03 09:32:23,N,AAPL,298.92,2.0,298.97,1.0,1.0,-26.0,2020-01-03 09:32:23.590145,298.92,298.96,0,0.05000000000001137,0.20375438596494178,1,1,0.3333333333333333,0.00075
109,2020-01-03 09:32:24,N,AAPL,298.92,3.0,298.96,2.0,1.0,1.0,2020-01-03 09:32:24.175623,298.97,298.98,1,0.03999999999996362,0.19890290717739845,1,-1,0.2,0.00075
110,2020-01-03 09:32:25,N,AAPL,298.97,12.0,298.98,2.0,9.0,0.0,2020-01-03 09:32:25.439771,298.92,298.97,0,0.009999999999990905,0.16552469135808678,1,-1,0.7142857142857143,0.00075
111,2020-01-03 09:32:26,N,AAPL,298.92,4.0,298.97,1.0,-7.0,-1.0,2020-01-03 09:32:26.003527,298.94,298.99,0,0.05000000000001137,0.1564575910931012,1,1,0.6,0.00075
112,2020-01-03 09:32:28,N,AAPL,298.94,9.0,298.99,3.0,5.0,2.0,2020-01-03 09:32:28.759688,298.84,298.93,-1,0.05000000000001137,0.13837041221847812,0,1,0.5,0.00075
113,2020-01-03 09:32:29,N,AAPL,298.84,4.0,298.93,2.0,-5.0,-1.0,2020-01-03 09:32:29.741740,298.85,298.9,0,0.09000000000003183,0.13317407513619628,0,1,0.3333333333333333,0.00075
114,2020-01-03 09:32:30,N,AAPL,298.85,2.0,298.9,1.0,-2.0,-1.0,2020-01-03 09:32:30.100825,298.81,298.87,0,0.049999999999954525,0.1304920967145904,0,-1,0.3333333333333333,0.00075
115,2020-01-03 09:32:31,N,AAPL,298.81,1.0,298.87,2.0,0.0,1.0,2020-01-03 09:32:31.287115,298.81,298.85,0,0.060000000000002274,0.13209572072071296,0,1,-0.3333333333333333,0.00075
116,2020-01-03 09:32:34,N,AAPL,298.81,3.0,298.85,4.0,2.0,3.0,2020-01-03 09:32:34.501613,298.86,298.88,1,0.040000000000020464,0.13281320336972158,0,-1,-0.14285714285714285,0.00075
117,2020-01-03 09:32:37,N,AAPL,298.86,1.0,298.88,1.0,-2.0,-1.0,2020-01-03 09:32:37.108730,298.86,298.9,0,0.01999999999998181,0.13238421360216535,0,-1,0.0,0.00075
118,2020-01-03 09:32:38,N,AAPL,298.86,1.0,298.9,2.0,0.0,-3.0,2020-01-03 09:32:38.263115,298.89,298.93,0,0.03999999999996362,0.13392398190046606,0,1,-0.3333333333333333,0.00075
119,2020-01-03 09:32:39,N,AAPL,298.89,2.0,298.93,3.0,1.0,2.0,2020-01-03 09:32:39.173135,298.94,298.98,1,0.040000000000020464,0.13512843145122133,0,1,-0.2,0.00075
120,2020-01-03 09:32:40,N,AAPL,298.94,2.0,298.98,1.0,1.0,-1.0,2020-01-03 09:32:40.130990,298.92,298.96,0,0.040000000000020464,0.1322648794796919,0,1,0.3333333333333333,0.00075
121,2020-01-03 09:32:42,N,AAPL,298.92,1.0,298.96,2.0,0.0,0.0,2020-01-03 09:32:42.106440,298.93,298.97,0,0.03999999999996362,0.13390576283057953,0,-1,-0.3333333333333333,0.00075
122,2020-01-03 09:32:43,N,AAPL,298.93,1.0,298.97,2.0,-3.0,0.0,2020-01-03 09:32:43.059901,298.98,299.02,1,0.040000000000020464,0.13554198353995162,0,1,-0.3333333333333333,0.00075
123,2020-01-03 09:32:44,N,AAPL,298.98,2.0,299.02,1.0,0.0,0.0,2020-01-03 09:32:44.003451,299.07,299.11,1,0.03999999999996362,0.13261183819918188,0,-1,0.3333333333333333,0.00108
124,2020-01-03 09:32:45,N,AAPL,299.07,1.0,299.11,2.0,-1.0,1.0,2020-01-03 09:32:45.138630,299.06,299.1,0,0.040000000000020464,0.13460079840314165,0,1,-0.3333333333333333,0.00108
125,2020-01-03 09:32:46,N,AAPL,299.06,1.0,299.1,4.0,-1.0,3.0,2020-01-03 09:32:46.063684,299.07,299.14,0,0.040000000000020464,0.1411376918225642,1,1,-0.6,0.00108
126,2020-01-03 09:32:47,N,AAPL,299.07,1.0,299.14,2.0,0.0,0.0,2020-01-03 09:32:47.063448,299.0,299.07,0,0.06999999999999318,0.14316876750694973,1,1,-0.3333333333333333,0.00108
127,2020-01-03 09:32:48,N,AAPL,299.0,4.0,299.07,1.0,3.0,-2.0,2020-01-03 09:32:48.012527,299.05,299.1,0,0.06999999999999318,0.13531679263888918,0,1,0.6,0.00108
128,2020-01-03 09:32:49,N,AAPL,299.05,4.0,299.1,1.0,2.0,0.0,2020-01-03 09:32:49.076441,299.06,299.13,0,0.05000000000001137,0.12718808706358686,0,-1,0.6,0.00108
129,2020-01-03 09:32:50,N,AAPL,299.06,3.0,299.13,2.0,2.0,-2.0,2020-01-03 09:32:50.246589,299.03,299.11,0,0.06999999999999318,0.12410115992241799,0,1,0.2,0.00108
130,2020-01-03 09:32:51,N,AAPL,299.03,3.0,299.11,2.0,1.0,0.0,2020-01-03 09:32:51.065221,299.16,299.2,1,0.08000000000004093,0.12124242424243903,0,1,0.2,0.00108
131,2020-01-03 09:32:52,N,AAPL,299.16,1.0,299.2,2.0,-3.0,1.0,2020-01-03 09:32:52.379783,299.13,299.19,0,0.03999999999996362,0.1233672091480571,0,-1,-0.3333333333333333,0.00108
132,2020-01-03 09:32:53,N,AAPL,299.13,4.0,299.19,4.0,2.0,3.0,2020-01-03 09:32:53.463353,299.14,299.19,0,0.060000000000002274,0.12227665178062352,0,1,0.0,0.00108
133,2020-01-03 09:32:54,N,AAPL,299.14,1.0,299.19,2.0,0.0,0.0,2020-01-03 09:32:54.096247,299.19,299.23,0,0.05000000000001137,0.12432319270720882,0,-1,-0.3333333333333333,0.00108
134,2020-01-03 09:32:55,N,AAPL,299.19,1.0,299.23,4.0,0.0,3.0,2020-01-03 09:32:55.149474,299.2,299.24,0,0.040000000000020464,0.13121792717083736,0,-1,-0.6,0.00108
135,2020-01-03 09:32:56,N,AAPL,299.2,2.0,299.24,1.0,-2.0,-1.0,2020-01-03 09:32:56.421935,299.2,299.23,0,0.040000000000020464,0.12806925265221025,0,1,0.3333333333333333,0.00108
136,2020-01-03 09:32:57,N,AAPL,299.2,1.0,299.23,3.0,-2.0,2.0,2020-01-03 09:32:57.158193,299.19,299.25,0,0.03000000000002956,0.13239270008801896,0,-1,-0.5,0.00108
137,2020-01-03 09:32:58,N,AAPL,299.19,2.0,299.25,4.0,1.0,2.0,2020-01-03 09:32:58.292295,299.22,299.26,0,0.060000000000002274,0.136456443027555,0,1,-0.3333333333333333,0.00108
138,2020-01-03 09:32:59,N,AAPL,299.22,2.0,299.26,4.0,0.0,2.0,2020-01-03 09:32:59.189185,299.23,299.27,0,0.03999999999996362,0.1403222875315464,1,-1,-0.3333333333333333,0.00108
139,2020-01-03 09:33:00,N,AAPL,299.23,4.0,299.27,2.0,-1.0,0.0,2020-01-03 09:33:00.154846,299.2,299.23,0,0.03999999999996362,0.13402732759584524,0,1,0.3333333333333333,0.00108
140,2020-01-03 09:33:01,N,AAPL,299.2,4.0,299.23,1.0,0.0,-1.0,2020-01-03 09:33:01.582371,299.22,299.25,0,0.03000000000002956,0.12583457402809017,0,-1,0.6,0.00108
141,2020-01-03 09:33:02,N,AAPL,299.22,2.0,299.25,4.0,-2.0,2.0,2020-01-03 09:33:02.110611,299.19,299.25,0,0.029999999999972715,0.1295583484893541,0,-1,-0.3333333333333333,0.00108
142,2020-01-03 09:33:03,N,AAPL,299.19,4.0,299.25,2.0,2.0,0.0,2020-01-03 09:33:03.059067,299.25,299.26,0,0.060000000000002274,0.12399470899464404,0,1,0.3333333333333333,0.00108
143,2020-01-03 09:33:04,N,AAPL,299.25,1.0,299.26,1.0,-1.0,-1.0,2020-01-03 09:33:04.200634,299.18,299.22,-1,0.009999999999990905,0.1235888557320095,0,-1,0.0,0.00108
144,2020-01-03 09:33:05,N,AAPL,299.18,1.0,299.22,2.0,-1.0,0.0,2020-01-03 09:33:05.250931,299.05,299.08,-1,0.040000000000020464,0.12535964912285635,0,1,-0.3333333333333333,0.00108
145,2020-01-03 09:33:07,N,AAPL,299.05,2.0,299.08,2.0,1.0,0.0,2020-01-03 09:33:07.546483,299.02,299.05,0,0.029999999999972715,0.12468873627454968,0,-1,0.0,0.00108
146,2020-01-03 09:33:08,N,AAPL,299.02,1.0,299.05,2.0,-1.0,-1.0,2020-01-03 09:33:08.779955,299.04,299.09,0,0.03000000000002956,0.12599012627231332,0,1,-0.3333333333333333,0.00108
147,2020-01-03 09:33:09,N,AAPL,299.04,2.0,299.09,1.0,1.0,0.0,2020-01-03 09:33:09.501289,299.03,299.08,0,0.049999999999954525,0.12370470618498075,0,1,0.3333333333333333,0.00108
148,2020-01-03 09:33:10,N,AAPL,299.03,1.0,299.08,2.0,-1.0,1.0,2020-01-03 09:33:10.201628,299.09,299.14,1,0.05000000000001137,0.12511000791243987,0,1,-0.3333333333333333,0.00108
149,2020-01-03 09:33:11,N,AAPL,299.09,1.0,299.14,1.0,-1.0,-3.0,2020-01-03 09:33:11.005967,299.01,299.06,-1,0.05000000000001137,0.12482194668251623,0,1,0.0,0.00108
150,2020-01-03 09:33:12,N,AAPL,299.01,2.0,299.06,2.0,-1.0,0.0,2020-01-03 09:33:12.397789,299.03,299.09,0,0.05000000000001137,0.12427175190606476,0,1,0.0,0.00108
151,2020-01-03 09:33:13,N,AAPL,299.03,2.0,299.09,1.0,0.0,-3.0,2020-01-03 09:33:13.357465,299.0,299.04,0,0.060000000000002274,0.12210966252888511,0,1,0.3333333333333333,0.00108
152,2020-01-03 09:33:14,N,AAPL,299.0,1.0,299.04,2.0,0.0,1.0,2020-01-03 09:33:14.299991,299.02,299.1,0,0.040000000000020464,0.12335917376663019,0,-1,-0.3333333333333333,0.00108
153,2020-01-03 09:33:15,N,AAPL,299.02,2.0,299.1,2.0,0.0,0.0,2020-01-03 09:33:15.251214,299.02,299.1,0,0.08000000000004093,0.12296978837150618,0,1,0.0,0.00108
154,2020-01-03 09:33:16,N,AAPL,299.02,1.0,299.1,1.0,-1.0,0.0,2020-01-03 09:33:16.001406,299.09,299.13,0,0.08000000000004093,0.12277718468817511,0,1,0.0,0.00108
155,2020-01-03 09:33:17,N,AAPL,299.09,15.0,299.13,1.0,11.0,-1.0,2020-01-03 09:33:17.540411,299.12,299.16,0,0.040000000000020464,0.09529702157601605,1,-1,0.875,0.00108
156,2020-01-03 09:33:18,N,AAPL,299.12,2.0,299.16,1.0,-13.0,0.0,2020-01-03 09:33:18.471156,299.12,299.16,0,0.040000000000020464,0.09320202090759722,1,1,0.3333333333333333,0.00108
157,2020-01-03 09:33:19,N,AAPL,299.12,2.0,299.16,1.0,0.0,0.0,2020-01-03 09:33:19.073947,299.18,299.22,1,0.040000000000020464,0.09113595913368044,1,1,0.3333333333333333,0.00108
158,2020-01-03 09:33:20,N,AAPL,299.18,2.0,299.22,1.0,0.0,0.0,2020-01-03 09:33:20.908039,299.19,299.22,0,0.040000000000020464,0.0889530934459799,1,1,0.3333333333333333,0.00108
159,2020-01-03 09:33:21,N,AAPL,299.19,2.0,299.22,1.0,0.0,0.0,2020-01-03 09:33:21.255983,299.12,299.17,-1,0.03000000000002956,0.08675244930509507,1,-1,0.3333333333333333,0.00108
160,2020-01-03 09:33:24,N,AAPL,299.12,1.0,299.17,3.0,0.0,1.0,2020-01-03 09:33:24.566872,299.13,299.18,0,0.05000000000001137,0.09017631758604239,1,1,-0.5,0.00108
161,2020-01-03 09:33:25,N,AAPL,299.13,3.0,299.18,4.0,0.0,2.0,2020-01-03 09:33:25.028859,299.15,299.2,0,0.05000000000001137,0.091586900784705,1,1,-0.14285714285714285,0.00108
162,2020-01-03 09:33:26,N,AAPL,299.15,21.0,299.2,4.0,-4.0,3.0,2020-01-03 09:33:26.633922,299.2,299.22,0,0.05000000000001137,0.060491795551342875,1,1,0.68,0.00108
163,2020-01-03 09:33:27,N,AAPL,299.2,2.0,299.22,1.0,-19.0,0.0,2020-01-03 09:33:27.170638,299.29,299.32,1,0.020000000000038654,0.05861662505208187,1,-1,0.3333333333333333,0.00108
164,2020-01-03 09:33:28,N,AAPL,299.29,2.0,299.32,2.0,1.0,1.0,2020-01-03 09:33:28.402146,299.32,299.33,0,0.029999999999972715,0.05860586191613493,1,1,0.0,0.00108
165,2020-01-03 09:33:29,N,AAPL,299.32,2.0,299.33,8.0,0.0,7.0,2020-01-03 09:33:29.933062,299.31,299.36,0,0.009999999999990905,0.0704109685677281,1,-1,-0.6,0.00108
166,2020-01-03 09:33:30,N,AAPL,299.31,1.0,299.36,1.0,-1.0,-7.0,2020-01-03 09:33:30.447173,299.32,299.36,0,0.05000000000001137,0.07039704038129457,1,1,0.0,0.00108
167,2020-01-03 09:33:31,N,AAPL,299.32,1.0,299.36,1.0,-1.0,0.0,2020-01-03 09:33:31.185175,299.32,299.36,0,0.040000000000020464,0.07036085975107653,1,-1,0.0,0.00108
168,2020-01-03 09:33:32,N,AAPL,299.32,4.0,299.36,1.0,2.0,-1.0,2020-01-03 09:33:32.161395,299.33,299.37,0,0.040000000000020464,0.06426299543147707,1,1,0.6,0.00108
169,2020-01-03 09:33:33,N,AAPL,299.33,2.0,299.37,2.0,1.0,0.0,2020-01-03 09:33:33.731206,299.32,299.38,0,0.040000000000020464,0.0642448318230322,1,1,0.0,0.00108
170,2020-01-03 09:33:34,N,AAPL,299.32,2.0,299.38,1.0,-1.0,-1.0,2020-01-03 09:33:34.037649,299.38,299.41,0,0.060000000000002274,0.06230304621834648,1,1,0.3333333333333333,0.00165
171,2020-01-03 09:33:36,N,AAPL,299.38,3.0,299.41,5.0,-1.0,-4.0,2020-01-03 09:33:36.074134,299.37,299.43,0,0.03000000000002956,0.06633281729290275,1,-1,-0.25,0.00165
172,2020-01-03 09:33:37,N,AAPL,299.37,4.0,299.43,2.0,2.0,-3.0,2020-01-03 09:33:37.204632,299.42,299.46,0,0.060000000000002274,0.06233037777650452,1,1,0.3333333333333333,0.00165
173,2020-01-03 09:33:40,N,AAPL,299.42,2.0,299.46,2.0,0.0,1.0,2020-01-03 09:33:40.002620,299.44,299.47,0,0.03999999999996362,0.062334577044453,1,-1,0.0,0.00165
174,2020-01-03 09:33:41,N,AAPL,299.44,4.0,299.47,2.0,1.0,-1.0,2020-01-03 09:33:41.323982,299.43,299.46,0,0.03000000000002956,0.058049047302290546,1,-1,0.3333333333333333,0.00165
175,2020-01-03 09:33:42,N,AAPL,299.43,1.0,299.46,2.0,0.0,0.0,2020-01-03 09:33:42.051729,299.42,299.46,0,0.029999999999972715,0.060125153059118475,1,-1,-0.3333333333333333,0.00165
176,2020-01-03 09:33:43,N,AAPL,299.42,2.0,299.46,2.0,1.0,1.0,2020-01-03 09:33:43.172243,299.34,299.36,-1,0.03999999999996362,0.060144731158402465,1,1,0.0,0.00165
177,2020-01-03 09:33:44,N,AAPL,299.34,1.0,299.36,4.0,-29.0,0.0,2020-01-03 09:33:44.051736,299.42,299.43,1,0.020000000000038654,0.06556664207448648,1,-1,-0.6,0.00165
178,2020-01-03 09:33:45,N,AAPL,299.42,7.0,299.43,1.0,4.0,-1.0,2020-01-03 09:33:45.164735,299.48,299.49,1,0.009999999999990905,0.053462069331715156,1,-1,0.75,0.00165
179,2020-01-03 09:33:46,N,AAPL,299.48,4.0,299.49,1.0,3.0,0.0,2020-01-03 09:33:46.278756,299.48,299.53,0,0.009999999999990905,0.047190842502061514,1,1,0.6,0.00165
180,2020-01-03 09:33:47,N,AAPL,299.48,5.0,299.53,3.0,4.0,-5.0,2020-01-03 09:33:47.067383,299.44,299.5,0,0.049999999999954525,0.04337295025493404,1,1,0.25,0.00165
181,2020-01-03 09:33:48,N,AAPL,299.44,7.0,299.5,3.0,6.0,1.0,2020-01-03 09:33:48.633965,299.49,299.51,0,0.060000000000002274,0.036094251661211274,1,1,0.4,0.00165
182,2020-01-03 09:33:51,N,AAPL,299.49,2.0,299.51,2.0,0.0,0.0,2020-01-03 09:33:51.690850,299.48,299.52,0,0.01999999999998181,0.03622641509434743,1,-1,0.0,0.00165
183,2020-01-03 09:33:52,N,AAPL,299.48,3.0,299.52,1.0,2.0,0.0,2020-01-03 09:33:52.751757,299.48,299.52,0,0.03999999999996362,0.032451185495119717,1,1,0.5,0.00165
184,2020-01-03 09:33:53,N,AAPL,299.48,3.0,299.52,1.0,0.0,0.0,2020-01-03 09:33:53.012626,299.54,299.59,1,0.03999999999996362,0.02873639609140355,1,1,0.5,0.00165
185,2020-01-03 09:33:54,N,AAPL,299.54,1.0,299.59,2.0,-3.0,0.0,2020-01-03 09:33:54.961043,299.55,299.6,0,0.049999999999954525,0.03107649745436447,1,1,-0.3333333333333333,0.00165
186,2020-01-03 09:33:55,N,AAPL,299.55,3.0,299.6,2.0,2.0,0.0,2020-01-03 09:33:55.440593,299.57,299.62,0,0.05000000000001137,0.02936186505570504,1,1,0.2,0.00165
187,2020-01-03 09:33:56,N,AAPL,299.57,5.0,299.62,2.0,3.0,0.0,2020-01-03 09:33:56.272904,299.6,299.66,0,0.05000000000001137,0.02360081515217871,1,1,0.42857142857142855,0.00165
188,2020-01-03 09:33:57,N,AAPL,299.6,1.0,299.66,1.0,0.0,-2.0,2020-01-03 09:33:57.152327,299.62,299.66,0,0.060000000000002274,0.02380773853582241,1,1,0.0,0.00165
189,2020-01-03 09:33:58,N,AAPL,299.62,1.0,299.66,4.0,-4.0,2.0,2020-01-03 09:33:58.659566,299.58,299.61,-1,0.040000000000020464,0.030721456149990445,1,-1,-0.6,0.00165
190,2020-01-03 09:33:59,N,AAPL,299.58,5.0,299.61,1.0,3.0,-1.0,2020-01-03 09:33:59.233593,299.5,299.55,-1,0.03000000000002956,0.022850739700800204,1,-1,0.6666666666666666,0.00165
191,2020-01-03 09:34:00,N,AAPL,299.5,3.0,299.55,2.0,1.0,0.0,2020-01-03 09:34:00.207396,299.45,299.46,-1,0.05000000000001137,0.02138679150692724,1,1,0.2,0.00165
192,2020-01-03 09:34:01,N,AAPL,299.45,1.0,299.46,1.0,-2.0,-3.0,2020-01-03 09:34:01.206258,299.41,299.46,0,0.009999999999990905,0.021477886439924987,1,-1,0.0,0.00165
193,2020-01-03 09:34:02,N,AAPL,299.41,4.0,299.46,1.0,-14.0,-1.0,2020-01-03 09:34:02.059187,299.4,299.43,0,0.049999999999954525,0.01680123266555711,1,1,0.6,0.00165
194,2020-01-03 09:34:03,N,AAPL,299.4,1.0,299.43,1.0,-1.0,-2.0,2020-01-03 09:34:03.162294,299.45,299.49,1,0.03000000000002956,0.016942760126084977,1,-1,0.0,0.00165
195,2020-01-03 09:34:04,N,AAPL,299.45,4.0,299.49,1.0,2.0,-1.0,2020-01-03 09:34:04.220612,299.59,299.64,1,0.040000000000020464,0.01213411063389458,1,1,0.6,0.00165
196,2020-01-03 09:34:05,N,AAPL,299.59,4.0,299.64,2.0,3.0,-1.0,2020-01-03 09:34:05.478254,299.66,299.68,1,0.05000000000001137,0.008804609218373116,1,1,0.3333333333333333,0.00165
197,2020-01-03 09:34:06,N,AAPL,299.66,5.0,299.68,1.0,2.0,-1.0,2020-01-03 09:34:06.580620,299.68,299.72,0,0.01999999999998181,0.0010321100916712567,1,-1,0.6666666666666666,0.00165
198,2020-01-03 09:34:07,N,AAPL,299.68,2.0,299.72,3.0,-2.0,1.0,2020-01-03 09:34:07.390575,299.73,299.77,1,0.040000000000020464,0.003795217724757549,1,1,-0.2,0.00165
199,2020-01-03 09:34:08,N,AAPL,299.73,2.0,299.77,2.0,1.0,0.0,2020-01-03 09:34:08.963933,299.73,299.77,0,0.03999999999996362,0.004301249797094897,1,-1,0.0,0.00165
200,2020-01-03 09:34:09,N,AAPL,299.73,1.0,299.77,1.0,-3.0,-8.0,2020-01-03 09:34:09.291411,299.7,299.74,0,0.03999999999996362,0.004551778656093575,1,1,0.0,0.00165
201,2020-01-03 09:34:10,N,AAPL,299.7,4.0,299.74,10.0,1.0,8.0,2020-01-03 09:34:10.647294,299.73,299.77,0,0.040000000000020464,0.018690845996673033,1,1,-0.42857142857142855,0.00165
202,2020-01-03 09:34:11,N,AAPL,299.73,3.0,299.77,1.0,2.0,-9.0,2020-01-03 09:34:11.274188,299.72,299.77,0,0.03999999999996362,0.014837430417799169,1,-1,0.5,0.00165
203,2020-01-03 09:34:12,N,AAPL,299.72,4.0,299.77,1.0,3.0,-1.0,2020-01-03 09:34:12.029954,299.71,299.74,0,0.049999999999954525,0.009122155004433807,1,1,0.6,0.00165
204,2020-01-03 09:34:13,N,AAPL,299.71,1.0,299.74,3.0,0.0,2.0,2020-01-03 09:34:13.350044,299.8,299.84,1,0.03000000000002956,0.013596355216122902,1,-1,-0.5,0.00165
205,2020-01-03 09:34:14,N,AAPL,299.8,4.0,299.84,12.0,0.0,4.0,2020-01-03 09:34:14.083704,299.78,299.83,0,0.03999999999996362,0.03245447132366053,1,1,-0.5,0.00165
206,2020-01-03 09:34:15,N,AAPL,299.78,2.0,299.83,2.0,0.0,0.0,2020-01-03 09:34:15.125350,299.8,299.85,0,0.05000000000001137,0.03277069896006424,1,1,0.0,0.00165
207,2020-01-03 09:34:16,N,AAPL,299.8,15.0,299.85,4.0,13.0,3.0,2020-01-03 09:34:16.083386,299.82,299.87,0,0.05000000000001137,0.011479679350316019,1,1,0.5789473684210527,0.00165
208,2020-01-03 09:34:17,N,AAPL,299.82,1.0,299.87,1.0,0.0,-1.0,2020-01-03 09:34:17.041917,299.75,299.8,-1,0.05000000000001137,0.011712836123820125,1,1,0.0,0.00165
209,2020-01-03 09:34:18,N,AAPL,299.75,2.0,299.8,2.0,-1.0,0.0,2020-01-03 09:34:18.029256,299.79,299.86,0,0.05000000000001137,0.012155523091053055,1,1,0.0,0.00165
210,2020-01-03 09:34:19,N,AAPL,299.79,1.0,299.86,3.0,-1.0,2.0,2020-01-03 09:34:19.517472,299.78,299.85,0,0.06999999999999318,0.01674676085832516,1,1,-0.5,0.00168
211,2020-01-03 09:34:20,N,AAPL,299.78,3.0,299.85,2.0,1.0,1.0,2020-01-03 09:34:20.013678,299.81,299.83,0,0.07000000000005002,0.015352740681066734,1,1,0.2,0.00168
212,2020-01-03 09:34:22,N,AAPL,299.81,2.0,299.83,1.0,-2.0,0.0,2020-01-03 09:34:22.678018,299.83,299.86,0,0.01999999999998181,0.013595507003344665,1,-1,0.3333333333333333,0.00168
213,2020-01-03 09:34:23,N,AAPL,299.83,4.0,299.86,4.0,3.0,2.0,2020-01-03 09:34:23.035104,299.74,299.8,-1,0.03000000000002956,0.014331047563473476,1,1,0.0,0.00168
214,2020-01-03 09:34:24,N,AAPL,299.74,2.0,299.8,2.0,-2.0,0.0,2020-01-03 09:34:24.004065,299.71,299.76,0,0.060000000000002274,0.014776149137276207,1,1,0.0,0.00168
215,2020-01-03 09:34:25,N,AAPL,299.71,4.0,299.76,2.0,2.0,0.0,2020-01-03 09:34:25.045034,299.72,299.76,0,0.05000000000001137,0.011790076244608372,1,-1,0.3333333333333333,0.00168
216,2020-01-03 09:34:26,N,AAPL,299.72,4.0,299.76,1.0,2.0,0.0,2020-01-03 09:34:26.058252,299.7,299.75,0,0.03999999999996362,0.006916857753992645,1,-1,0.6,0.00168
217,2020-01-03 09:34:27,N,AAPL,299.7,2.0,299.75,3.0,1.0,1.0,2020-01-03 09:34:27.070091,299.73,299.79,0,0.05000000000001137,0.009210996240540226,1,1,-0.2,0.00168
218,2020-01-03 09:34:28,N,AAPL,299.73,2.0,299.79,2.0,0.0,0.0,2020-01-03 09:34:28.288569,299.77,299.79,0,0.060000000000002274,0.009678665188687319,1,1,0.0,0.00168
219,2020-01-03 09:34:30,N,AAPL,299.77,16.0,299.79,4.0,15.0,1.0,2020-01-03 09:34:30.308685,299.77,299.79,0,0.020000000000038654,-0.009873220515089542,1,-1,0.6,0.00168
220,2020-01-03 09:34:31,N,AAPL,299.77,8.0,299.79,4.0,-6.0,-1.0,2020-01-03 09:34:31.387315,299.79,299.81,0,0.020000000000038654,-0.015455531573422832,1,1,0.3333333333333333,0.00168
221,2020-01-03 09:34:32,N,AAPL,299.79,2.0,299.81,2.0,-4.0,0.0,2020-01-03 09:34:32.211804,299.82,299.87,1,0.01999999999998181,-0.01496525487090139,1,-1,0.0,0.00168
222,2020-01-03 09:34:33,N,AAPL,299.82,4.0,299.87,3.0,2.0,0.0,2020-01-03 09:34:33.310126,299.92,299.96,1,0.05000000000001137,-0.015728940217456966,1,1,0.14285714285714285,0.00168
223,2020-01-03 09:34:35,N,AAPL,299.92,4.0,299.96,1.0,2.0,-16.0,2020-01-03 09:34:35.038376,300.02,300.05,1,0.03999999999996362,-0.020828373015888246,1,-1,0.6,0.00168
224,2020-01-03 09:34:36,N,AAPL,300.02,2.0,300.05,7.0,0.0,-15.0,2020-01-03 09:34:36.168585,300.05,300.09,0,0.03000000000002956,-0.009044469462423876,1,-1,-0.5555555555555556,0.00168
225,2020-01-03 09:34:37,N,AAPL,300.05,2.0,300.09,2.0,0.0,0.0,2020-01-03 09:34:37.205928,299.98,300.02,-1,0.03999999999996362,-0.008451329534750585,1,1,0.0,0.00168
226,2020-01-03 09:34:39,N,AAPL,299.98,1.0,300.02,2.0,-3.0,-1.0,2020-01-03 09:34:39.065094,299.94,300.0,0,0.03999999999996362,-0.0060352842665452044,1,1,-0.3333333333333333,0.00168
227,2020-01-03 09:34:40,N,AAPL,299.94,1.0,300.0,6.0,0.0,4.0,2020-01-03 09:34:40.067525,299.9,299.95,0,0.060000000000002274,0.0046215332727683744,1,1,-0.7142857142857143,0.00168
228,2020-01-03 09:34:41,N,AAPL,299.9,2.0,299.95,1.0,1.0,-3.0,2020-01-03 09:34:41.146643,299.98,300.01,1,0.05000000000001137,0.0031444816260659536,1,-1,0.3333333333333333,0.00168
229,2020-01-03 09:34:42,N,AAPL,299.98,2.0,300.01,2.0,1.0,1.0,2020-01-03 09:34:42.573517,300.09,300.14,1,0.029999999999972715,0.003591424994283443,1,-1,0.0,0.00168
230,2020-01-03 09:34:43,N,AAPL,300.09,1.0,300.14,2.0,0.0,1.0,2020-01-03 09:34:43.014292,299.98,300.02,-1,0.05000000000001137,0.006119431182810331,1,1,-0.3333333333333333,0.00168
231,2020-01-03 09:34:45,N,AAPL,299.98,2.0,300.02,2.0,-1.0,0.0,2020-01-03 09:34:45.242449,299.96,300.0,0,0.03999999999996362,0.006577473363734043,1,-1,0.0,0.00168
232,2020-01-03 09:34:47,N,AAPL,299.96,3.0,300.0,2.0,2.0,-2.0,2020-01-03 09:34:47.199909,300.01,300.04,1,0.040000000000020464,0.0052577267693436625,1,1,0.2,0.00168
233,2020-01-03 09:34:48,N,AAPL,300.01,2.0,300.04,4.0,1.0,0.0,2020-01-03 09:34:48.193645,299.95,300.0,-1,0.03000000000002956,0.009767979819173433,1,-1,-0.3333333333333333,0.00168
234,2020-01-03 09:34:49,N,AAPL,299.95,5.0,300.0,2.0,-2.0,-2.0,2020-01-03 09:34:49.000814,299.91,299.95,0,0.05000000000001137,0.00505947684058583,1,1,0.42857142857142855,0.00168
235,2020-01-03 09:34:50,N,AAPL,299.91,2.0,299.95,2.0,1.0,0.0,2020-01-03 09:34:50.209347,299.85,299.91,0,0.03999999999996362,0.005492709941393059,1,-1,0.0,0.00168
236,2020-01-03 09:34:51,N,AAPL,299.85,2.0,299.91,2.0,0.0,0.0,2020-01-03 09:34:51.370341,299.82,299.87,0,0.060000000000002274,0.005969336567204664,1,1,0.0,0.00168
237,2020-01-03 09:34:52,N,AAPL,299.82,2.0,299.87,2.0,0.0,0.0,2020-01-03 09:34:52.005217,299.91,299.97,1,0.05000000000001137,0.006399949663773441,1,-1,0.0,0.00168
238,2020-01-03 09:34:53,N,AAPL,299.91,2.0,299.97,2.0,1.0,1.0,2020-01-03 09:34:53.380221,299.95,300.0,0,0.060000000000002274,0.006884078884013434,1,1,0.0,0.00168
239,2020-01-03 09:34:54,N,AAPL,299.95,2.0,300.0,7.0,0.0,6.0,2020-01-03 09:34:54.060051,299.92,299.97,0,0.05000000000001137,0.0167226053948184,1,-1,-0.5555555555555556,0.00168
240,2020-01-03 09:34:55,N,AAPL,299.92,2.0,299.97,2.0,0.0,-5.0,2020-01-03 09:34:55.689684,299.92,299.96,0,0.05000000000001137,0.017108053019114777,1,1,0.0,0.00168
241,2020-01-03 09:34:56,N,AAPL,299.92,2.0,299.96,1.0,0.0,-1.0,2020-01-03 09:34:56.261433,299.89,299.92,0,0.03999999999996362,0.015680755138305358,1,-1,0.3333333333333333,0.00168
242,2020-01-03 09:34:57,N,AAPL,299.89,2.0,299.92,2.0,0.0,1.0,2020-01-03 09:34:57.107960,299.9,299.95,0,0.03000000000002956,0.015998125542012076,1,-1,0.0,0.00168
243,2020-01-03 09:34:58,N,AAPL,299.9,1.0,299.95,3.0,0.0,-4.0,2020-01-03 09:34:58.077950,299.91,299.97,0,0.05000000000001137,0.019671434926408438,1,1,-0.5,0.00168
244,2020-01-03 09:34:59,N,AAPL,299.91,1.0,299.97,3.0,0.0,1.0,2020-01-03 09:34:59.334178,299.94,299.99,0,0.060000000000002274,0.02337981533077027,1,1,-0.5,0.00168
245,2020-01-03 09:35:00,N,AAPL,299.94,3.0,299.99,2.0,0.0,0.0,2020-01-03 09:35:00.033086,299.95,299.99,0,0.05000000000001137,0.022121910194471184,1,-1,0.2,0.00168
246,2020-01-03 09:35:02,N,AAPL,299.95,2.0,299.99,2.0,1.0,0.0,2020-01-03 09:35:02.082264,299.89,299.93,-1,0.040000000000020464,0.02243987097358513,1,-1,0.0,0.00168
247,2020-01-03 09:35:03,N,AAPL,299.89,1.0,299.93,2.0,-1.0,1.0,2020-01-03 09:35:03.065227,299.91,299.97,0,0.040000000000020464,0.024248824167841576,1,1,-0.3333333333333333,0.00168
248,2020-01-03 09:35:05,N,AAPL,299.91,2.0,299.97,4.0,0.0,2.0,2020-01-03 09:35:05.374546,299.89,299.92,0,0.060000000000002274,0.028008658008616294,1,1,-0.3333333333333333,0.00168
249,2020-01-03 09:35:06,N,AAPL,299.89,2.0,299.92,2.0,-1.0,0.0,2020-01-03 09:35:06.028313,299.84,299.92,0,0.03000000000002956,0.028242020624929864,1,-1,0.0,0.00168
250,2020-01-03 09:35:07,N,AAPL,299.84,1.0,299.92,2.0,-3.0,1.0,2020-01-03 09:35:07.003512,299.72,299.8,-1,0.08000000000004093,0.030031396338813465,1,1,-0.3333333333333333,0.00168
251,2020-01-03 09:35:08,N,AAPL,299.72,4.0,299.8,2.0,3.0,1.0,2020-01-03 09:35:08.177283,299.71,299.74,0,0.07999999999998408,0.027899999999931424,1,-1,0.3333333333333333,0.00168
252,2020-01-03 09:35:09,N,AAPL,299.71,4.0,299.74,2.0,1.0,0.0,2020-01-03 09:35:09.067810,299.68,299.71,0,0.03000000000002956,0.025680336726111364,1,-1,0.3333333333333333,0.00168
253,2020-01-03 09:35:10,N,AAPL,299.68,1.0,299.71,1.0,0.0,-1.0,2020-01-03 09:35:10.804302,299.67,299.72,0,0.029999999999972715,0.02577919694152797,1,-1,0.0,0.00186
254,2020-01-03 09:35:11,N,AAPL,299.67,5.0,299.72,2.0,3.0,1.0,2020-01-03 09:35:11.634701,299.67,299.74,0,0.05000000000001137,0.022640146220794577,1,1,0.42857142857142855,0.00186
255,2020-01-03 09:35:12,N,AAPL,299.67,2.0,299.74,4.0,-2.0,1.0,2020-01-03 09:35:12.285184,299.64,299.72,0,0.06999999999999318,0.02553571124104792,1,1,-0.3333333333333333,0.00186
256,2020-01-03 09:35:13,N,AAPL,299.64,4.0,299.72,3.0,2.0,-1.0,2020-01-03 09:35:13.616845,299.65,299.72,0,0.08000000000004093,0.024972826545592852,1,1,0.14285714285714285,0.00186
257,2020-01-03 09:35:14,N,AAPL,299.65,1.0,299.72,4.0,-1.0,2.0,2020-01-03 09:35:14.767877,299.54,299.6,-1,0.07000000000005002,0.02880916481336726,1,-1,-0.6,0.00186
258,2020-01-03 09:35:15,N,AAPL,299.54,2.0,299.6,4.0,0.0,2.0,2020-01-03 09:35:15.368002,299.51,299.57,0,0.060000000000002274,0.031106864841319748,1,-1,-0.3333333333333333,0.00186
259,2020-01-03 09:35:16,N,AAPL,299.51,4.0,299.57,29.0,2.0,27.0,2020-01-03 09:35:16.180307,299.51,299.54,0,0.060000000000002274,0.054970942484544594,1,1,-0.7575757575757576,0.00186
260,2020-01-03 09:35:17,N,AAPL,299.51,1.0,299.54,3.0,0.0,2.0,2020-01-03 09:35:17.363261,299.51,299.57,0,0.03000000000002956,0.056677370102761415,1,-1,-0.5,0.00186
261,2020-01-03 09:35:18,N,AAPL,299.51,4.0,299.57,2.0,1.0,0.0,2020-01-03 09:35:18.057975,299.55,299.59,0,0.060000000000002274,0.055025599400607916,1,1,0.3333333333333333,0.00186
262,2020-01-03 09:35:19,N,AAPL,299.55,3.0,299.59,4.0,1.0,2.0,2020-01-03 09:35:19.606508,299.56,299.59,0,0.03999999999996362,0.05596489600964105,1,-1,-0.14285714285714285,0.00186
263,2020-01-03 09:35:20,N,AAPL,299.56,1.0,299.59,1.0,0.0,-1.0,2020-01-03 09:35:20.382279,299.56,299.61,0,0.029999999999972715,0.055957960492378334,1,-1,0.0,0.00186
264,2020-01-03 09:35:21,N,AAPL,299.56,4.0,299.61,2.0,3.0,1.0,2020-01-03 09:35:21.315299,299.61,299.64,0,0.05000000000001137,0.054187324191275366,1,1,0.3333333333333333,0.00186
265,2020-01-03 09:35:22,N,AAPL,299.61,2.0,299.64,1.0,0.0,-1.0,2020-01-03 09:35:22.895423,299.56,299.6,-1,0.029999999999972715,0.053219489357843486,1,-1,0.3333333333333333,0.00186
266,2020-01-03 09:35:23,N,AAPL,299.56,1.0,299.6,4.0,-1.0,3.0,2020-01-03 09:35:23.211223,299.59,299.64,0,0.040000000000020464,0.05595397298179705,1,1,-0.6,0.00186
267,2020-01-03 09:35:24,N,AAPL,299.59,4.0,299.64,3.0,0.0,1.0,2020-01-03 09:35:24.113116,299.57,299.6,0,0.05000000000001137,0.05509045949497704,1,1,0.14285714285714285,0.00186
268,2020-01-03 09:35:25,N,AAPL,299.57,2.0,299.6,3.0,-3.0,1.0,2020-01-03 09:35:25.122773,299.56,299.6,0,0.03000000000002956,0.055969640632895334,1,-1,-0.2,0.00186
269,2020-01-03 09:35:26,N,AAPL,299.56,1.0,299.6,3.0,-2.0,1.0,2020-01-03 09:35:26.213485,299.57,299.6,0,0.040000000000020464,0.05774135157622595,1,1,-0.5,0.00186
270,2020-01-03 09:35:27,N,AAPL,299.57,2.0,299.6,2.0,1.0,0.0,2020-01-03 09:35:27.322726,299.63,299.66,1,0.03000000000002956,0.05771647823814874,1,-1,0.0,0.00186
271,2020-01-03 09:35:28,N,AAPL,299.63,1.0,299.66,2.0,-1.0,0.0,2020-01-03 09:35:28.242166,299.62,299.69,0,0.03000000000002956,0.05866050939425804,1,1,-0.3333333333333333,0.00186
272,2020-01-03 09:35:29,N,AAPL,299.62,2.0,299.69,3.0,1.0,0.0,2020-01-03 09:35:29.422835,299.63,299.64,0,0.06999999999999318,0.05973077790633852,1,1,-0.2,0.00186
273,2020-01-03 09:35:31,N,AAPL,299.63,14.0,299.64,4.0,13.0,2.0,2020-01-03 09:35:31.572020,299.59,299.64,0,0.009999999999990905,0.05017874396133948,1,-1,0.5555555555555556,0.00186
274,2020-01-03 09:35:32,N,AAPL,299.59,3.0,299.64,1.0,1.0,0.0,2020-01-03 09:35:32.330727,299.52,299.56,-1,0.05000000000001137,0.048474937104288074,1,1,0.5,0.00186
275,2020-01-03 09:35:34,N,AAPL,299.52,1.0,299.56,4.0,-1.0,2.0,2020-01-03 09:35:34.468861,299.52,299.56,0,0.040000000000020464,0.05086983989934879,1,-1,-0.6,0.00186
276,2020-01-03 09:35:35,N,AAPL,299.52,2.0,299.56,1.0,0.0,-1.0,2020-01-03 09:35:35.835102,299.45,299.48,-1,0.040000000000020464,0.050113829835595425,1,1,0.3333333333333333,0.00186
277,2020-01-03 09:35:37,N,AAPL,299.45,5.0,299.48,2.0,-11.0,-2.0,2020-01-03 09:35:37.173200,299.49,299.53,1,0.03000000000002956,0.04809472342310528,1,-1,0.42857142857142855,0.00186
278,2020-01-03 09:35:39,N,AAPL,299.49,7.0,299.53,2.0,2.0,0.0,2020-01-03 09:35:39.266750,299.52,299.56,0,0.03999999999996362,0.04456846048231,1,1,0.5555555555555556,0.00186
279,2020-01-03 09:35:41,N,AAPL,299.52,1.0,299.56,2.0,-6.0,0.0,2020-01-03 09:35:41.035665,299.55,299.59,0,0.040000000000020464,0.045374126923491076,1,1,-0.3333333333333333,0.00186
280,2020-01-03 09:35:42,N,AAPL,299.55,2.0,299.59,1.0,1.0,-3.0,2020-01-03 09:35:42.147401,299.52,299.56,0,0.03999999999996362,0.04462416385541701,1,-1,0.3333333333333333,0.00186
281,2020-01-03 09:35:43,N,AAPL,299.52,3.0,299.56,4.0,0.0,3.0,2020-01-03 09:35:43.092730,299.44,299.47,-1,0.040000000000020464,0.045479223789243406,1,1,-0.14285714285714285,0.00186
282,2020-01-03 09:35:45,N,AAPL,299.44,5.0,299.47,3.0,2.0,-1.0,2020-01-03 09:35:45.741454,299.39,299.42,-1,0.03000000000002956,0.04425239561254557,1,-1,0.25,0.00186
283,2020-01-03 09:35:46,N,AAPL,299.39,2.0,299.42,4.0,1.0,2.0,2020-01-03 09:35:46.495941,299.31,299.36,-1,0.03000000000002956,0.04540756413643976,1,1,-0.3333333333333333,0.00186
284,2020-01-03 09:35:47,N,AAPL,299.31,3.0,299.36,2.0,1.0,-2.0,2020-01-03 09:35:47.288473,299.28,299.33,0,0.05000000000001137,0.045005896478187424,1,1,0.2,0.00186
285,2020-01-03 09:35:48,N,AAPL,299.28,2.0,299.33,4.0,0.0,2.0,2020-01-03 09:35:48.216140,299.39,299.44,1,0.05000000000001137,0.045944169005395,1,1,-0.3333333333333333,0.00186
286,2020-01-03 09:35:49,N,AAPL,299.39,2.0,299.44,2.0,0.0,-2.0,2020-01-03 09:35:49.221512,299.5,299.54,1,0.05000000000001137,0.0460051175280114,1,1,0.0,0.00186
287,2020-01-03 09:35:50,N,AAPL,299.5,2.0,299.54,1.0,0.0,-1.0,2020-01-03 09:35:50.275626,299.47,299.52,0,0.040000000000020464,0.04534274568084129,1,-1,0.3333333333333333,0.00186
288,2020-01-03 09:35:51,N,AAPL,299.47,2.0,299.52,2.0,-1.0,0.0,2020-01-03 09:35:51.152028,299.48,299.54,0,0.049999999999954525,0.045415165936162794,1,1,0.0,0.00186
289,2020-01-03 09:35:52,N,AAPL,299.48,4.0,299.54,3.0,2.0,1.0,2020-01-03 09:35:52.163298,299.48,299.54,0,0.060000000000002274,0.04491175917689816,1,1,0.14285714285714285,0.00186
290,2020-01-03 09:35:54,N,AAPL,299.48,2.0,299.54,2.0,0.0,0.0,2020-01-03 09:35:54.161665,299.52,299.56,0,0.060000000000002274,0.045012522032436664,1,1,0.0,0.00204
291,2020-01-03 09:35:55,N,AAPL,299.52,5.0,299.56,4.0,3.0,2.0,2020-01-03 09:35:55.942814,299.46,299.52,0,0.040000000000020464,0.04442950285243796,1,-1,0.1111111111111111,0.00204
292,2020-01-03 09:35:57,N,AAPL,299.46,2.0,299.52,2.0,-3.0,0.0,2020-01-03 09:35:57.845217,299.47,299.52,0,0.060000000000002274,0.04452891273155046,1,1,0.0,0.00204
293,2020-01-03 09:35:59,N,AAPL,299.47,1.0,299.52,2.0,-1.0,0.0,2020-01-03 09:35:59.046836,299.49,299.5,0,0.049999999999954525,0.045224744587187615,1,-1,-0.3333333333333333,0.00204
294,2020-01-03 09:36:00,N,AAPL,299.49,1.0,299.5,2.0,-1.0,0.0,2020-01-03 09:36:00.434959,299.69,299.72,1,0.009999999999990905,0.045840158986607094,1,-1,-0.3333333333333333,0.00204
295,2020-01-03 09:36:02,N,AAPL,299.69,1.0,299.72,1.0,-1.0,-1.0,2020-01-03 09:36:02.789776,299.67,299.72,0,0.03000000000002956,0.04586062087287246,1,1,0.0,0.00204
296,2020-01-03 09:36:03,N,AAPL,299.67,2.0,299.72,2.0,0.0,1.0,2020-01-03 09:36:03.326498,299.6,299.65,-1,0.05000000000001137,0.045949579444595656,1,1,0.0,0.00204
297,2020-01-03 09:36:04,N,AAPL,299.6,2.0,299.65,1.0,0.0,-3.0,2020-01-03 09:36:04.813213,299.62,299.66,0,0.049999999999954525,0.04521976642735126,1,-1,0.3333333333333333,0.00204
298,2020-01-03 09:36:06,N,AAPL,299.62,2.0,299.66,1.0,0.0,0.0,2020-01-03 09:36:06.125120,299.6,299.66,0,0.040000000000020464,0.044459731692029436,1,-1,0.3333333333333333,0.00204
299,2020-01-03 09:36:08,N,AAPL,299.6,2.0,299.66,4.0,-2.0,2.0,2020-01-03 09:36:08.818787,299.6,299.65,0,0.060000000000002274,0.0462033921394891,1,1,-0.3333333333333333,0.00204
300,2020-01-03 09:36:09,N,AAPL,299.6,1.0,299.65,4.0,-1.0,0.0,2020-01-03 09:36:09.156453,299.62,299.68,0,0.049999999999954525,0.04863057487722244,1,-1,-0.6,0.00204
301,2020-01-03 09:36:10,N,AAPL,299.62,1.0,299.68,1.0,-1.0,-1.0,2020-01-03 09:36:10.823642,299.68,299.73,0,0.060000000000002274,0.04877563300277643,1,1,0.0,0.00204
302,2020-01-03 09:36:11,N,AAPL,299.68,2.0,299.73,2.0,1.0,1.0,2020-01-03 09:36:11.118476,299.65,299.7,0,0.05000000000001137,0.04882680072034873,1,-1,0.0,0.00204
303,2020-01-03 09:36:12,N,AAPL,299.65,2.0,299.7,4.0,0.0,3.0,2020-01-03 09:36:12.077534,299.64,299.67,0,0.05000000000001137,0.03894796621102614,1,1,-0.3333333333333333,0.00204
304,2020-01-03 09:36:13,N,AAPL,299.64,2.0,299.67,4.0,-1.0,1.0,2020-01-03 09:36:13.005343,299.6,299.65,0,0.03000000000002956,0.043604278314660405,1,-1,-0.3333333333333333,0.00204
305,2020-01-03 09:36:14,N,AAPL,299.6,2.0,299.65,2.0,1.0,0.0,2020-01-03 09:36:14.052364,299.59,299.61,0,0.049999999999954525,0.043370092158625084,1,1,0.0,0.00204
306,2020-01-03 09:36:15,N,AAPL,299.59,1.0,299.61,4.0,-1.0,3.0,2020-01-03 09:36:15.402849,299.62,299.66,1,0.020000000000038654,0.04543382361703152,1,-1,-0.6,0.00204
307,2020-01-03 09:36:17,N,AAPL,299.62,2.0,299.66,2.0,1.0,-2.0,2020-01-03 09:36:17.666671,299.65,299.69,0,0.040000000000020464,0.03850976945517459,1,1,0.0,0.00204
308,2020-01-03 09:36:18,N,AAPL,299.65,1.0,299.69,4.0,-1.0,3.0,2020-01-03 09:36:18.085747,299.63,299.64,-1,0.040000000000020464,0.040791511785926104,1,1,-0.6,0.00204
309,2020-01-03 09:36:19,N,AAPL,299.63,1.0,299.64,2.0,-1.0,-29.0,2020-01-03 09:36:19.316497,299.67,299.71,1,0.009999999999990905,0.029333358395263076,1,-1,-0.3333333333333333,0.00204
310,2020-01-03 09:36:20,N,AAPL,299.67,2.0,299.71,3.0,1.0,2.0,2020-01-03 09:36:20.457175,299.6,299.62,-1,0.03999999999996362,0.026277114673575852,1,1,-0.2,0.00204
311,2020-01-03 09:36:22,N,AAPL,299.6,1.0,299.62,3.0,0.0,1.0,2020-01-03 09:36:22.889364,299.59,299.62,0,0.01999999999998181,0.027532514733024982,1,-1,-0.5,0.00204
312,2020-01-03 09:36:23,N,AAPL,299.59,1.0,299.62,2.0,0.0,0.0,2020-01-03 09:36:23.541788,299.64,299.68,1,0.03000000000002956,-0.034999905861980096,1,1,-0.3333333333333333,0.00204
313,2020-01-03 09:36:26,N,AAPL,299.64,2.0,299.68,4.0,1.0,2.0,2020-01-03 09:36:26.214157,299.58,299.61,-1,0.040000000000020464,-0.03964991685955965,1,1,-0.3333333333333333,0.00204
314,2020-01-03 09:36:27,N,AAPL,299.58,23.0,299.61,1.0,20.0,-2.0,2020-01-03 09:36:27.175526,299.55,299.58,0,0.03000000000002956,-0.05414845688716241,1,-1,0.9166666666666666,0.00204
315,2020-01-03 09:36:28,N,AAPL,299.55,2.0,299.58,4.0,-21.0,3.0,2020-01-03 09:36:28.308156,299.51,299.54,-1,0.029999999999972715,0.006390077868672961,1,-1,-0.3333333333333333,0.00204
316,2020-01-03 09:36:30,N,AAPL,299.51,2.0,299.54,2.0,0.0,1.0,2020-01-03 09:36:30.002819,299.56,299.6,1,0.03000000000002956,0.010233754889611646,1,1,0.0,0.00204
317,2020-01-03 09:36:31,N,AAPL,299.56,2.0,299.6,3.0,1.0,2.0,2020-01-03 09:36:31.149764,299.58,299.62,0,0.040000000000020464,0.010692087696384078,1,1,-0.2,0.00204
318,2020-01-03 09:36:32,N,AAPL,299.58,2.0,299.62,1.0,1.0,-1.0,2020-01-03 09:36:32.203141,299.59,299.62,0,0.040000000000020464,0.03666361440144783,1,1,0.3333333333333333,0.00204
319,2020-01-03 09:36:33,N,AAPL,299.59,2.0,299.62,6.0,0.0,5.0,2020-01-03 09:36:33.455619,299.59,299.61,0,0.03000000000002956,0.036903730324866046,1,-1,-0.5,0.00204
320,2020-01-03 09:36:36,N,AAPL,299.59,2.0,299.61,4.0,0.0,-2.0,2020-01-03 09:36:36.460768,299.59,299.62,0,0.020000000000038654,0.03797094657915068,1,-1,-0.3333333333333333,0.00204
321,2020-01-03 09:36:38,N,AAPL,299.59,3.0,299.62,4.0,-1.0,3.0,2020-01-03 09:36:38.143802,299.57,299.61,0,0.03000000000002956,0.03699191781788613,1,1,-0.14285714285714285,0.00204
322,2020-01-03 09:36:39,N,AAPL,299.57,3.0,299.61,4.0,0.0,-1.0,2020-01-03 09:36:39.268549,299.59,299.6,0,0.040000000000020464,0.03238622429313409,1,1,-0.14285714285714285,0.00204
323,2020-01-03 09:36:40,N,AAPL,299.59,1.0,299.6,4.0,0.0,3.0,2020-01-03 09:36:40.361845,299.58,299.61,0,0.010000000000047748,0.03382054556561798,1,-1,-0.6,0.00204
324,2020-01-03 09:36:41,N,AAPL,299.58,1.0,299.61,1.0,0.0,-1.0,2020-01-03 09:36:41.076605,299.58,299.6,0,0.03000000000002956,0.032288816176105684,1,1,0.0,0.00204
325,2020-01-03 09:36:42,N,AAPL,299.58,1.0,299.6,3.0,0.0,2.0,2020-01-03 09:36:42.616378,299.5,299.52,-1,0.020000000000038654,0.03151997106539284,1,-1,-0.5,0.00204
326,2020-01-03 09:36:43,N,AAPL,299.5,1.0,299.52,2.0,-3.0,0.0,2020-01-03 09:36:43.314948,299.49,299.51,0,0.01999999999998181,0.03191996505722727,1,-1,-0.3333333333333333,0.00204
327,2020-01-03 09:36:44,N,AAPL,299.49,5.0,299.51,4.0,4.0,2.0,2020-01-03 09:36:44.272979,299.52,299.55,1,0.01999999999998181,0.03666318976911498,1,1,0.1111111111111111,0.00204
328,2020-01-03 09:36:45,N,AAPL,299.52,1.0,299.55,2.0,-1.0,1.0,2020-01-03 09:36:45.278569,299.47,299.51,-1,0.03000000000002956,0.012890870134640409,1,1,-0.3333333333333333,0.00204
329,2020-01-03 09:36:46,N,AAPL,299.47,1.0,299.51,2.0,0.0,0.0,2020-01-03 09:36:46.192555,299.45,299.49,0,0.03999999999996362,0.016662609680679452,1,1,-0.3333333333333333,0.00204
330,2020-01-03 09:36:47,N,AAPL,299.45,2.0,299.49,1.0,0.0,0.0,2020-01-03 09:36:47.432037,299.45,299.51,0,0.040000000000020464,0.017938068517480588,1,1,0.3333333333333333,0.00204
331,2020-01-03 09:36:48,N,AAPL,299.45,2.0,299.51,2.0,-3.0,1.0,2020-01-03 09:36:48.511562,299.47,299.51,0,0.060000000000002274,0.0247134664162445,1,1,0.0,0.00204
332,2020-01-03 09:36:49,N,AAPL,299.47,1.0,299.51,1.0,-1.0,-1.0,2020-01-03 09:36:49.273028,299.47,299.5,0,0.03999999999996362,0.024738977496326697,1,-1,0.0,0.00204
333,2020-01-03 09:36:51,N,AAPL,299.47,1.0,299.5,2.0,-2.0,0.0,2020-01-03 09:36:51.122964,299.45,299.49,0,0.029999999999972715,0.020187719689488404,1,-1,-0.3333333333333333,0.00204
334,2020-01-03 09:36:52,N,AAPL,299.45,10.0,299.49,1.0,0.0,0.0,2020-01-03 09:36:52.115116,299.51,299.56,1,0.040000000000020464,0.019384446597598526,1,1,0.8181818181818182,0.00204
335,2020-01-03 09:36:53,N,AAPL,299.51,2.0,299.56,3.0,0.0,2.0,2020-01-03 09:36:53.050793,299.33,299.35,-1,0.05000000000001137,0.019807380773045224,1,1,-0.2,0.0032
336,2020-01-03 09:36:54,N,AAPL,299.33,4.0,299.35,1.0,3.0,-4.0,2020-01-03 09:36:54.176409,299.34,299.38,0,0.020000000000038654,0.017988756362001368,1,-1,0.6,0.0032
337,2020-01-03 09:36:55,N,AAPL,299.34,4.0,299.38,2.0,0.0,1.0,2020-01-03 09:36:55.342628,299.36,299.38,0,0.040000000000020464,0.012926427006846097,1,1,0.3333333333333333,0.0032
338,2020-01-03 09:36:57,N,AAPL,299.36,2.0,299.38,2.0,0.0,1.0,2020-01-03 09:36:57.482234,299.32,299.34,-1,0.01999999999998181,0.01276265945114119,1,-1,0.0,0.0032
339,2020-01-03 09:36:58,N,AAPL,299.32,2.0,299.34,4.0,0.0,2.0,2020-01-03 09:36:58.644018,299.29,299.33,0,0.01999999999998181,0.011467843688421908,1,1,-0.3333333333333333,0.0032
340,2020-01-03 09:36:59,N,AAPL,299.29,10.0,299.33,4.0,8.0,0.0,2020-01-03 09:36:59.484711,299.27,299.3,0,0.03999999999996362,0.015273157072215326,1,1,0.42857142857142855,0.0032
341,2020-01-03 09:37:00,N,AAPL,299.27,4.0,299.3,1.0,3.0,-4.0,2020-01-03 09:37:00.415876,299.26,299.28,0,0.03000000000002956,0.01779973310448213,1,-1,0.6,0.0032
342,2020-01-03 09:37:01,N,AAPL,299.26,4.0,299.28,1.0,1.0,0.0,2020-01-03 09:37:01.718747,299.26,299.29,0,0.01999999999998181,0.015078365966587626,1,-1,0.6,0.0032
343,2020-01-03 09:37:03,N,AAPL,299.26,4.0,299.29,1.0,3.0,-5.0,2020-01-03 09:37:03.560828,299.24,299.27,0,0.03000000000002956,0.015165042235196324,1,1,0.6,0.0032
344,2020-01-03 09:37:04,N,AAPL,299.24,4.0,299.27,4.0,3.0,3.0,2020-01-03 09:37:04.000044,299.14,299.17,-1,0.029999999999972715,0.019393804464357345,1,-1,0.0,0.0032
345,2020-01-03 09:37:05,N,AAPL,299.14,1.0,299.17,2.0,0.0,1.0,2020-01-03 09:37:05.237045,299.16,299.19,0,0.03000000000002956,0.01912927212924842,1,1,-0.3333333333333333,0.0032
346,2020-01-03 09:37:06,N,AAPL,299.16,2.0,299.19,1.0,1.0,-2.0,2020-01-03 09:37:06.073011,299.15,299.2,0,0.029999999999972715,0.020498207634659593,1,-1,0.3333333333333333,0.0032
347,2020-01-03 09:37:08,N,AAPL,299.15,2.0,299.2,2.0,0.0,0.0,2020-01-03 09:37:08.513651,299.17,299.2,0,0.05000000000001137,0.012719740300383364,1,1,0.0,0.0032
348,2020-01-03 09:37:10,N,AAPL,299.17,4.0,299.2,2.0,-2.0,0.0,2020-01-03 09:37:10.187999,299.13,299.15,-1,0.029999999999972715,0.016124353241707468,1,-1,0.3333333333333333,0.0032
349,2020-01-03 09:37:11,N,AAPL,299.13,5.0,299.15,4.0,0.0,2.0,2020-01-03 09:37:11.426455,299.1,299.14,0,0.01999999999998181,0.017594528025540512,1,-1,0.1111111111111111,0.0032
350,2020-01-03 09:37:12,N,AAPL,299.1,35.0,299.14,3.0,0.0,1.0,2020-01-03 09:37:12.159944,299.07,299.11,0,0.03999999999996362,0.02956468889374264,1,1,0.8421052631578947,0.0032
351,2020-01-03 09:37:14,N,AAPL,299.07,4.0,299.11,2.0,2.0,0.0,2020-01-03 09:37:14.460912,299.13,299.17,1,0.040000000000020464,0.030144571628625272,1,1,0.3333333333333333,0.0032
352,2020-01-03 09:37:15,N,AAPL,299.13,1.0,299.17,2.0,0.0,-1.0,2020-01-03 09:37:15.034349,299.08,299.14,0,0.040000000000020464,0.02598193829118145,1,1,-0.3333333333333333,0.0032
353,2020-01-03 09:37:16,N,AAPL,299.08,2.0,299.14,3.0,0.0,2.0,2020-01-03 09:37:16.302306,299.16,299.19,1,0.060000000000002274,0.025878182423639373,1,1,-0.2,0.0032
354,2020-01-03 09:37:17,N,AAPL,299.16,2.0,299.19,2.0,0.0,-1.0,2020-01-03 09:37:17.308831,299.16,299.2,0,0.029999999999972715,0.0259291920201008,1,-1,0.0,0.0032
355,2020-01-03 09:37:18,N,AAPL,299.16,2.0,299.2,2.0,1.0,0.0,2020-01-03 09:37:18.208368,299.16,299.21,0,0.03999999999996362,0.022256839585111265,1,1,0.0,0.0032
356,2020-01-03 09:37:20,N,AAPL,299.16,1.0,299.21,2.0,-1.0,-1.0,2020-01-03 09:37:20.101221,299.16,299.21,0,0.049999999999954525,0.022315083954822512,1,1,-0.3333333333333333,0.0032
357,2020-01-03 09:37:21,N,AAPL,299.16,1.0,299.21,2.0,0.0,1.0,2020-01-03 09:37:21.026541,299.15,299.18,0,0.049999999999954525,0.023897892143509125,1,1,-0.3333333333333333,0.0032
358,2020-01-03 09:37:22,N,AAPL,299.15,1.0,299.18,1.0,0.0,0.0,2020-01-03 09:37:22.553909,299.19,299.22,1,0.03000000000002956,0.0199075091575196,1,-1,0.0,0.0032
359,2020-01-03 09:37:25,N,AAPL,299.19,1.0,299.22,3.0,0.0,1.0,2020-01-03 09:37:25.116113,299.16,299.21,0,0.03000000000002956,0.01849709951869727,1,1,-0.5,0.0032
360,2020-01-03 09:37:27,N,AAPL,299.16,2.0,299.21,2.0,1.0,1.0,2020-01-03 09:37:27.566057,299.12,299.15,-1,0.049999999999954525,0.018678566311734812,1,1,0.0,0.0032
361,2020-01-03 09:37:28,N,AAPL,299.12,10.0,299.15,4.0,8.0,2.0,2020-01-03 09:37:28.305816,299.03,299.08,-1,0.029999999999972715,0.020191326530664355,1,-1,0.42857142857142855,0.0032
362,2020-01-03 09:37:29,N,AAPL,299.03,2.0,299.08,2.0,0.0,0.0,2020-01-03 09:37:29.307686,299.03,299.08,0,0.05000000000001137,0.023818884814033936,1,1,0.0,0.0032
363,2020-01-03 09:37:30,N,AAPL,299.03,1.0,299.08,2.0,-1.0,0.0,2020-01-03 09:37:30.328202,299.14,299.18,1,0.05000000000001137,0.027358792936638565,1,1,-0.3333333333333333,0.0032
364,2020-01-03 09:37:31,N,AAPL,299.14,2.0,299.18,1.0,1.0,-1.0,2020-01-03 09:37:31.829555,299.12,299.17,0,0.040000000000020464,0.0264012682382031,1,-1,0.3333333333333333,0.0032
365,2020-01-03 09:37:32,N,AAPL,299.12,20.0,299.17,3.0,18.0,1.0,2020-01-03 09:37:32.099123,299.11,299.17,0,0.05000000000001137,0.02678582902024118,1,1,0.7391304347826086,0.0032
366,2020-01-03 09:37:33,N,AAPL,299.11,2.0,299.17,2.0,1.0,0.0,2020-01-03 09:37:33.286619,299.14,299.19,0,0.060000000000002274,0.026928930583437705,1,1,0.0,0.0032
367,2020-01-03 09:37:34,N,AAPL,299.14,3.0,299.19,2.0,2.0,1.0,2020-01-03 09:37:34.287400,299.17,299.22,0,0.05000000000001137,0.028432556452798963,1,-1,0.2,0.0032
368,2020-01-03 09:37:35,N,AAPL,299.17,1.0,299.22,3.0,0.0,-1.0,2020-01-03 09:37:35.019508,299.17,299.22,0,0.05000000000001137,0.03150978212539712,1,1,-0.5,0.0032
369,2020-01-03 09:37:36,N,AAPL,299.17,1.0,299.22,3.0,0.0,0.0,2020-01-03 09:37:36.242495,299.17,299.22,0,0.05000000000001137,0.03243220119452417,1,1,-0.5,0.00371
370,2020-01-03 09:37:37,N,AAPL,299.17,1.0,299.22,4.0,0.0,0.0,2020-01-03 09:37:37.077088,299.16,299.2,0,0.05000000000001137,0.03539481767114694,1,1,-0.6,0.00371
371,2020-01-03 09:37:38,N,AAPL,299.16,8.0,299.2,2.0,7.0,-2.0,2020-01-03 09:37:38.404262,299.02,299.07,-1,0.03999999999996362,0.03919594286884376,1,-1,0.6,0.00371
372,2020-01-03 09:37:40,N,AAPL,299.02,2.0,299.07,3.0,1.0,-1.0,2020-01-03 09:37:40.644452,299.03,299.05,0,0.05000000000001137,0.03719091628784099,1,1,-0.2,0.00371
373,2020-01-03 09:37:42,N,AAPL,299.03,17.0,299.05,2.0,15.0,-1.0,2020-01-03 09:37:42.893121,299.04,299.07,0,0.020000000000038654,0.04358275567926739,1,-1,0.7894736842105263,0.00371
374,2020-01-03 09:37:43,N,AAPL,299.04,1.0,299.07,3.0,-16.0,1.0,2020-01-03 09:37:43.454030,299.01,299.04,0,0.029999999999972715,0.04642803942920182,1,1,-0.5,0.00371
375,2020-01-03 09:37:44,N,AAPL,299.01,1.0,299.04,3.0,0.0,2.0,2020-01-03 09:37:44.303957,299.04,299.05,0,0.03000000000002956,0.043219136265634006,1,1,-0.5,0.00371
376,2020-01-03 09:37:45,N,AAPL,299.04,16.0,299.05,2.0,15.0,-2.0,2020-01-03 09:37:45.566617,299.04,299.06,0,0.009999999999990905,0.04919076941587264,1,-1,0.7777777777777778,0.00371
377,2020-01-03 09:37:46,N,AAPL,299.04,12.0,299.06,4.0,-4.0,2.0,2020-01-03 09:37:46.287394,299.04,299.07,0,0.01999999999998181,0.055783826549429705,1,1,0.5,0.00371
378,2020-01-03 09:37:47,N,AAPL,299.04,1.0,299.07,1.0,-10.0,-3.0,2020-01-03 09:37:47.248794,299.07,299.1,0,0.029999999999972715,0.06070687323108359,1,1,0.0,0.00371
379,2020-01-03 09:37:48,N,AAPL,299.07,2.0,299.1,1.0,1.0,0.0,2020-01-03 09:37:48.359642,299.01,299.02,-1,0.03000000000002956,0.06114361460549844,1,1,0.3333333333333333,0.00371
380,2020-01-03 09:37:49,N,AAPL,299.01,2.0,299.02,2.0,1.0,-1.0,2020-01-03 09:37:49.921543,299.01,299.02,0,0.009999999999990905,0.05755286506933999,1,-1,0.0,0.00371
381,2020-01-03 09:37:50,N,AAPL,299.01,1.0,299.02,2.0,-1.0,0.0,2020-01-03 09:37:50.213650,298.81,298.85,-1,0.009999999999990905,0.06129619027268518,1,1,-0.3333333333333333,0.00371
382,2020-01-03 09:37:53,N,AAPL,298.81,2.0,298.85,2.0,0.0,0.0,2020-01-03 09:37:53.159007,298.78,298.82,0,0.040000000000020464,0.05893971065660253,1,1,0.0,0.00371
383,2020-01-03 09:37:54,N,AAPL,298.78,1.0,298.82,4.0,-1.0,2.0,2020-01-03 09:37:54.339417,298.82,298.86,0,0.040000000000020464,0.0606884148772906,1,1,-0.6,0.00371
384,2020-01-03 09:37:55,N,AAPL,298.82,4.0,298.86,2.0,2.0,1.0,2020-01-03 09:37:55.082438,298.78,298.84,0,0.040000000000020464,0.06583085749406337,0,1,0.3333333333333333,0.00371
385,2020-01-03 09:37:56,N,AAPL,298.78,2.0,298.84,2.0,0.0,-1.0,2020-01-03 09:37:56.986359,298.78,298.86,0,0.060000000000002274,0.06873833055618661,0,1,0.0,0.00371
386,2020-01-03 09:37:57,N,AAPL,298.78,3.0,298.86,1.0,1.0,-1.0,2020-01-03 09:37:57.242449,298.81,298.86,0,0.08000000000004093,0.0702598742363989,0,1,0.5,0.00371
387,2020-01-03 09:37:58,N,AAPL,298.81,1.0,298.86,3.0,-1.0,0.0,2020-01-03 09:37:58.387171,298.78,298.82,0,0.05000000000001137,0.06793736571842146,0,-1,-0.5,0.00371
388,2020-01-03 09:37:59,N,AAPL,298.78,1.0,298.82,2.0,-1.0,-2.0,2020-01-03 09:37:59.326498,298.75,298.79,0,0.040000000000020464,0.06632445321906744,0,-1,-0.3333333333333333,0.00371
389,2020-01-03 09:38:00,N,AAPL,298.75,1.0,298.79,1.0,-1.0,-3.0,2020-01-03 09:38:00.395640,298.68,298.73,-1,0.040000000000020464,0.06942126085823475,0,1,0.0,0.00371
390,2020-01-03 09:38:01,N,AAPL,298.68,2.0,298.73,4.0,-1.0,3.0,2020-01-03 09:38:01.622638,298.77,298.82,1,0.05000000000001137,0.06861416754696847,0,1,-0.3333333333333333,0.00371
391,2020-01-03 09:38:02,N,AAPL,298.77,4.0,298.82,2.0,3.0,0.0,2020-01-03 09:38:02.832361,298.77,298.82,0,0.05000000000001137,0.0726122105057243,0,1,0.3333333333333333,0.00371
392,2020-01-03 09:38:03,N,AAPL,298.77,2.0,298.82,2.0,-2.0,0.0,2020-01-03 09:38:03.080580,298.83,298.85,1,0.05000000000001137,0.07005441085914299,0,1,0.0,0.00371
393,2020-01-03 09:38:04,N,AAPL,298.83,1.0,298.85,2.0,-1.0,0.0,2020-01-03 09:38:04.148316,298.88,298.91,1,0.020000000000038654,0.06783182967473067,0,-1,-0.3333333333333333,0.00371
394,2020-01-03 09:38:05,N,AAPL,298.88,2.0,298.91,2.0,0.0,-2.0,2020-01-03 09:38:05.652421,298.86,298.9,0,0.03000000000002956,0.06864289301853432,0,1,0.0,0.00371
395,2020-01-03 09:38:06,N,AAPL,298.86,12.0,298.9,4.0,8.0,-10.0,2020-01-03 09:38:06.341702,298.85,298.93,0,0.03999999999996362,0.07102178476344534,0,1,0.5,0.00371
396,2020-01-03 09:38:07,N,AAPL,298.85,2.0,298.93,1.0,0.0,0.0,2020-01-03 09:38:07.010721,298.82,298.87,0,0.07999999999998408,0.07502608445133774,0,1,0.3333333333333333,0.00371
397,2020-01-03 09:38:08,N,AAPL,298.82,2.0,298.87,1.0,1.0,-1.0,2020-01-03 09:38:08.147241,298.66,298.71,-1,0.05000000000001137,0.07565129809438531,0,-1,0.3333333333333333,0.00371
398,2020-01-03 09:38:09,N,AAPL,298.66,3.0,298.71,3.0,2.0,-1.0,2020-01-03 09:38:09.255358,298.63,298.7,0,0.049999999999954525,0.07860664814421625,1,-1,0.0,0.00371
399,2020-01-03 09:38:11,N,AAPL,298.63,1.0,298.7,1.0,-1.0,-1.0,2020-01-03 09:38:11.827972,298.66,298.71,0,0.06999999999999318,0.07601819866886217,0,1,0.0,0.00371
400,2020-01-03 09:38:12,N,AAPL,298.66,2.0,298.71,1.0,1.0,0.0,2020-01-03 09:38:12.440172,298.71,298.72,0,0.049999999999954525,0.07793982208869465,1,-1,0.3333333333333333,0.00371
401,2020-01-03 09:38:13,N,AAPL,298.71,1.0,298.72,2.0,-1.0,1.0,2020-01-03 09:38:13.033181,298.63,298.69,-1,0.010000000000047748,0.07577755026818522,0,-1,-0.3333333333333333,0.00371
402,2020-01-03 09:38:15,N,AAPL,298.63,1.0,298.69,1.0,0.0,-1.0,2020-01-03 09:38:15.092619,298.73,298.75,1,0.060000000000002274,0.07475361533317937,0,1,0.0,0.00371
403,2020-01-03 09:38:16,N,AAPL,298.73,1.0,298.75,2.0,0.0,-2.0,2020-01-03 09:38:16.857123,298.73,298.75,0,0.01999999999998181,0.07644108089021984,0,-1,-0.3333333333333333,0.00371
404,2020-01-03 09:38:17,N,AAPL,298.73,2.0,298.75,5.0,-3.0,2.0,2020-01-03 09:38:17.571262,298.72,298.76,0,0.01999999999998181,0.0747406927529255,0,1,-0.42857142857142855,0.00371
405,2020-01-03 09:38:18,N,AAPL,298.72,1.0,298.76,2.0,-1.0,1.0,2020-01-03 09:38:18.594501,298.66,298.74,0,0.03999999999996362,0.07414779745039368,0,1,-0.3333333333333333,0.00371
406,2020-01-03 09:38:19,N,AAPL,298.66,2.0,298.74,2.0,1.0,0.0,2020-01-03 09:38:19.321621,298.66,298.71,0,0.07999999999998408,0.07523856209144242,0,1,0.0,0.00371
407,2020-01-03 09:38:20,N,AAPL,298.66,2.0,298.71,2.0,0.0,0.0,2020-01-03 09:38:20.454489,298.7,298.71,0,0.049999999999954525,0.07692078856354101,0,-1,0.0,0.00371
408,2020-01-03 09:38:21,N,AAPL,298.7,1.0,298.71,4.0,0.0,3.0,2020-01-03 09:38:21.308886,298.62,298.68,-1,0.009999999999990905,0.09251809739254213,1,-1,-0.6,0.00371
409,2020-01-03 09:38:22,N,AAPL,298.62,1.0,298.68,4.0,-1.0,2.0,2020-01-03 09:38:22.068676,298.58,298.62,0,0.060000000000002274,0.0888948376689882,1,1,-0.6,0.00371
410,2020-01-03 09:38:24,N,AAPL,298.58,2.0,298.62,1.0,1.0,-2.0,2020-01-03 09:38:24.504558,298.67,298.69,1,0.040000000000020464,0.08935851436666553,1,-1,0.3333333333333333,0.00371
411,2020-01-03 09:38:26,N,AAPL,298.67,1.0,298.69,5.0,0.0,3.0,2020-01-03 09:38:26.278121,298.7,298.73,1,0.01999999999998181,0.081195005811594,1,-1,-0.6666666666666666,0.0041
412,2020-01-03 09:38:28,N,AAPL,298.7,2.0,298.73,1.0,1.0,-1.0,2020-01-03 09:38:28.669726,298.7,298.74,0,0.03000000000002956,0.0803883448447209,1,1,0.3333333333333333,0.0041
413,2020-01-03 09:38:29,N,AAPL,298.7,2.0,298.74,2.0,0.0,1.0,2020-01-03 09:38:29.313506,298.72,298.77,0,0.040000000000020464,0.07756599067937486,1,1,0.0,0.0041
414,2020-01-03 09:38:30,N,AAPL,298.72,1.0,298.77,2.0,-1.0,0.0,2020-01-03 09:38:30.267339,298.67,298.7,-1,0.049999999999954525,0.07550653624622328,0,1,-0.3333333333333333,0.0041
415,2020-01-03 09:38:31,N,AAPL,298.67,1.0,298.7,2.0,0.0,0.0,2020-01-03 09:38:31.081017,298.67,298.69,0,0.029999999999972715,0.07387370071074884,0,-1,-0.3333333333333333,0.0041
416,2020-01-03 09:38:32,N,AAPL,298.67,1.0,298.69,2.0,0.0,1.0,2020-01-03 09:38:32.317796,298.7,298.75,1,0.01999999999998181,0.07354920939292242,0,-1,-0.3333333333333333,0.0041
417,2020-01-03 09:38:33,N,AAPL,298.7,2.0,298.75,2.0,1.0,0.0,2020-01-03 09:38:33.799928,298.68,298.72,0,0.05000000000001137,0.07447845422206001,0,1,0.0,0.0041
418,2020-01-03 09:38:36,N,AAPL,298.68,1.0,298.72,2.0,-1.0,0.0,2020-01-03 09:38:36.244572,298.74,298.78,1,0.040000000000020464,0.0735049827299008,0,-1,-0.3333333333333333,0.0041
419,2020-01-03 09:38:37,N,AAPL,298.74,2.0,298.78,2.0,1.0,-2.0,2020-01-03 09:38:37.018204,298.79,298.82,1,0.03999999999996362,0.0740232060567223,0,-1,0.0,0.0041
420,2020-01-03 09:38:38,N,AAPL,298.79,2.0,298.82,1.0,1.0,0.0,2020-01-03 09:38:38.048216,298.78,298.82,0,0.029999999999972715,0.07546228554315348,0,-1,0.3333333333333333,0.0041
421,2020-01-03 09:38:39,N,AAPL,298.78,2.0,298.82,2.0,0.0,0.0,2020-01-03 09:38:39.079153,298.81,298.82,0,0.040000000000020464,0.07478070456539854,0,1,0.0,0.0041
422,2020-01-03 09:38:41,N,AAPL,298.81,1.0,298.82,3.0,-1.0,1.0,2020-01-03 09:38:41.283014,298.77,298.82,0,0.009999999999990905,0.07370254553438826,0,-1,-0.5,0.0041
423,2020-01-03 09:38:43,N,AAPL,298.77,1.0,298.82,4.0,0.0,-1.0,2020-01-03 09:38:43.648590,298.7,298.75,-1,0.05000000000001137,0.0718364003332681,0,1,-0.6,0.0041
424,2020-01-03 09:38:44,N,AAPL,298.7,2.0,298.75,4.0,1.0,0.0,2020-01-03 09:38:44.896658,298.7,298.75,0,0.05000000000001137,0.06938044376630614,0,1,-0.3333333333333333,0.0041
425,2020-01-03 09:38:48,N,AAPL,298.7,2.0,298.75,2.0,-7.0,-2.0,2020-01-03 09:38:48.035275,298.71,298.75,0,0.05000000000001137,0.06958475400188036,0,1,0.0,0.0041
426,2020-01-03 09:38:49,N,AAPL,298.71,2.0,298.75,1.0,0.0,-1.0,2020-01-03 09:38:49.209445,298.71,298.72,0,0.040000000000020464,0.07156217776855556,0,-1,0.3333333333333333,0.0041
427,2020-01-03 09:38:51,N,AAPL,298.71,2.0,298.72,1.0,0.0,0.0,2020-01-03 09:38:51.376535,298.71,298.74,0,0.010000000000047748,0.07252341409775909,0,-1,0.3333333333333333,0.0041
428,2020-01-03 09:38:52,N,AAPL,298.71,2.0,298.74,1.0,0.0,0.0,2020-01-03 09:38:52.315335,298.7,298.73,0,0.03000000000002956,0.07193145697635828,0,1,0.3333333333333333,0.0041
429,2020-01-03 09:38:53,N,AAPL,298.7,5.0,298.73,1.0,3.0,0.0,2020-01-03 09:38:53.528229,298.73,298.78,0,0.03000000000002956,0.0737605302317661,0,1,0.6666666666666666,0.0041
430,2020-01-03 09:38:55,N,AAPL,298.73,6.0,298.78,3.0,4.0,2.0,2020-01-03 09:38:55.505245,298.82,298.84,1,0.049999999999954525,0.07517968813760945,0,1,0.3333333333333333,0.0041
431,2020-01-03 09:38:58,N,AAPL,298.82,1.0,298.84,1.0,-5.0,0.0,2020-01-03 09:38:58.964799,298.82,298.86,0,0.01999999999998181,0.07475410457664111,0,-1,0.0,0.0041
432,2020-01-03 09:38:59,N,AAPL,298.82,1.0,298.86,4.0,0.0,3.0,2020-01-03 09:38:59.767694,298.73,298.75,-1,0.040000000000020464,0.07271358881848755,0,1,-0.6,0.0041
433,2020-01-03 09:39:01,N,AAPL,298.73,5.0,298.75,4.0,4.0,0.0,2020-01-03 09:39:01.496082,298.73,298.78,0,0.01999999999998181,0.0728636895210002,0,-1,0.1111111111111111,0.0041
434,2020-01-03 09:39:02,N,AAPL,298.73,3.0,298.78,1.0,2.0,-3.0,2020-01-03 09:39:02.574777,298.79,298.83,1,0.049999999999954525,0.07447709103195166,0,1,0.5,0.0041
435,2020-01-03 09:39:06,N,AAPL,298.79,1.0,298.83,2.0,-2.0,1.0,2020-01-03 09:39:06.744378,298.8,298.82,0,0.03999999999996362,0.07436464690493949,0,-1,-0.3333333333333333,0.0041
436,2020-01-03 09:39:07,N,AAPL,298.8,1.0,298.82,2.0,0.0,0.0,2020-01-03 09:39:07.184007,298.79,298.82,0,0.01999999999998181,0.07328218941756859,0,-1,-0.3333333333333333,0.0041
437,2020-01-03 09:39:08,N,AAPL,298.79,2.0,298.82,4.0,0.0,2.0,2020-01-03 09:39:08.384461,298.89,298.94,1,0.029999999999972715,0.0719180373402537,0,1,-0.3333333333333333,0.0041
438,2020-01-03 09:39:10,N,AAPL,298.89,2.0,298.94,4.0,0.0,2.0,2020-01-03 09:39:10.603352,298.93,298.98,0,0.05000000000001137,0.07093151462453307,0,1,-0.3333333333333333,0.0041
439,2020-01-03 09:39:11,N,AAPL,298.93,3.0,298.98,2.0,1.0,0.0,2020-01-03 09:39:11.921869,298.93,298.99,0,0.05000000000001137,0.07171199366206338,0,1,0.2,0.0041
440,2020-01-03 09:39:12,N,AAPL,298.93,3.0,298.99,4.0,0.0,2.0,2020-01-03 09:39:12.358297,298.99,299.01,0,0.060000000000002274,0.070710818056682,0,1,-0.14285714285714285,0.0041
441,2020-01-03 09:39:14,N,AAPL,298.99,2.0,299.01,2.0,-1.0,0.0,2020-01-03 09:39:14.814505,299.04,299.07,1,0.01999999999998181,0.07003206203296486,0,-1,0.0,0.0041
442,2020-01-03 09:39:15,N,AAPL,299.04,2.0,299.07,2.0,0.0,0.0,2020-01-03 09:39:15.406768,299.04,299.08,0,0.029999999999972715,0.07038871634836141,0,1,0.0,0.0041
443,2020-01-03 09:39:16,N,AAPL,299.04,2.0,299.08,2.0,0.0,0.0,2020-01-03 09:39:16.319149,298.99,299.04,0,0.03999999999996362,0.06992994017429055,0,1,0.0,0.0041
444,2020-01-03 09:39:17,N,AAPL,298.99,2.0,299.04,1.0,1.0,-1.0,2020-01-03 09:39:17.218389,299.02,299.03,0,0.05000000000001137,0.07032510522134316,0,1,0.3333333333333333,0.0041
445,2020-01-03 09:39:23,N,AAPL,299.02,1.0,299.03,1.0,-1.0,-1.0,2020-01-03 09:39:23.253316,298.95,298.97,-1,0.009999999999990905,0.07050683433573113,0,-1,0.0,0.0041
446,2020-01-03 09:39:24,N,AAPL,298.95,1.0,298.97,4.0,0.0,0.0,2020-01-03 09:39:24.249061,298.9,298.94,-1,0.020000000000038654,0.06881528028822004,0,1,-0.6,0.0041
447,2020-01-03 09:39:25,N,AAPL,298.9,2.0,298.94,4.0,0.0,1.0,2020-01-03 09:39:25.133199,298.89,298.94,0,0.040000000000020464,0.06789978549210218,0,1,-0.3333333333333333,0.0041
448,2020-01-03 09:39:26,N,AAPL,298.89,2.0,298.94,2.0,0.0,1.0,2020-01-03 09:39:26.217672,298.93,298.99,0,0.05000000000001137,0.06741410392766056,0,1,0.0,0.0041
449,2020-01-03 09:39:27,N,AAPL,298.93,1.0,298.99,4.0,0.0,2.0,2020-01-03 09:39:27.468004,298.97,299.04,0,0.060000000000002274,0.06617730032269264,1,1,-0.6,0.0041
450,2020-01-03 09:39:31,N,AAPL,298.97,3.0,299.04,2.0,2.0,0.0,2020-01-03 09:39:31.325419,298.96,298.98,0,0.06999999999999318,0.06652631689416921,0,1,0.2,0.0041
451,2020-01-03 09:39:32,N,AAPL,298.96,2.0,298.98,3.0,1.0,1.0,2020-01-03 09:39:32.778708,298.94,298.96,0,0.020000000000038654,0.06586232297422612,1,-1,-0.2,0.0041
452,2020-01-03 09:39:33,N,AAPL,298.94,1.0,298.96,4.0,-1.0,1.0,2020-01-03 09:39:33.160911,298.94,298.99,0,0.01999999999998181,0.0636817275192243,1,-1,-0.6,0.0041
453,2020-01-03 09:39:34,N,AAPL,298.94,1.0,298.99,2.0,0.0,0.0,2020-01-03 09:39:34.210333,298.98,299.0,0,0.05000000000001137,0.06361717247722254,1,1,-0.3333333333333333,0.0041
454,2020-01-03 09:39:35,N,AAPL,298.98,1.0,299.0,2.0,0.0,0.0,2020-01-03 09:39:35.992142,298.98,299.0,0,0.01999999999998181,0.06303802349577836,1,-1,-0.3333333333333333,0.0041
455,2020-01-03 09:39:36,N,AAPL,298.98,1.0,299.0,1.0,0.0,-1.0,2020-01-03 09:39:36.021800,299.0,299.04,0,0.01999999999998181,0.06295094610362639,1,1,0.0,0.0041
456,2020-01-03 09:39:40,N,AAPL,299.0,2.0,299.04,2.0,1.0,1.0,2020-01-03 09:39:40.362812,299.04,299.07,0,0.040000000000020464,0.05885322615830546,1,1,0.0,0.0041
457,2020-01-03 09:39:41,N,AAPL,299.04,1.0,299.07,1.0,0.0,-1.0,2020-01-03 09:39:41.158502,299.04,299.09,0,0.029999999999972715,0.05857108624132934,1,-1,0.0,0.0041
458,2020-01-03 09:39:42,N,AAPL,299.04,3.0,299.09,3.0,0.0,1.0,2020-01-03 09:39:42.143900,299.05,299.09,0,0.049999999999954525,0.05818978073506287,1,1,0.0,0.0041
459,2020-01-03 09:39:43,N,AAPL,299.05,1.0,299.09,1.0,-1.0,-1.0,2020-01-03 09:39:43.119514,299.05,299.09,0,0.03999999999996362,0.057981966119484696,1,-1,0.0,0.0041
460,2020-01-03 09:39:44,N,AAPL,299.05,2.0,299.09,1.0,1.0,-1.0,2020-01-03 09:39:44.086349,299.06,299.1,0,0.03999999999996362,0.05813215769728686,1,1,0.3333333333333333,0.0041
461,2020-01-03 09:39:45,N,AAPL,299.06,1.0,299.1,4.0,-1.0,3.0,2020-01-03 09:39:45.406406,299.04,299.07,0,0.040000000000020464,0.057530424798983404,1,1,-0.6,0.0041
462,2020-01-03 09:39:47,N,AAPL,299.04,1.0,299.07,4.0,0.0,2.0,2020-01-03 09:39:47.110162,299.07,299.11,0,0.029999999999972715,0.05656834837373026,1,-1,-0.6,0.0041
463,2020-01-03 09:39:48,N,AAPL,299.07,5.0,299.11,2.0,4.0,-2.0,2020-01-03 09:39:48.768058,299.03,299.06,-1,0.040000000000020464,0.053724709004598026,1,1,0.42857142857142855,0.0041
464,2020-01-03 09:39:49,N,AAPL,299.03,5.0,299.06,4.0,0.0,3.0,2020-01-03 09:39:49.662220,299.05,299.07,0,0.03000000000002956,0.0536803210236485,1,-1,0.1111111111111111,0.00416
465,2020-01-03 09:39:51,N,AAPL,299.05,2.0,299.07,4.0,-3.0,2.0,2020-01-03 09:39:51.097360,299.04,299.08,0,0.01999999999998181,0.05272819416705943,1,-1,-0.3333333333333333,0.00416
466,2020-01-03 09:39:52,N,AAPL,299.04,2.0,299.08,3.0,-3.0,2.0,2020-01-03 09:39:52.382543,299.06,299.08,0,0.03999999999996362,0.052825993144608674,1,1,-0.2,0.00416
467,2020-01-03 09:39:54,N,AAPL,299.06,1.0,299.08,2.0,-1.0,0.0,2020-01-03 09:39:54.472602,299.05,299.1,0,0.01999999999998181,0.0523340013297684,1,-1,-0.3333333333333333,0.00416
468,2020-01-03 09:39:55,N,AAPL,299.05,3.0,299.1,2.0,2.0,0.0,2020-01-03 09:39:55.520937,299.1,299.14,0,0.05000000000001137,0.052599926389348184,1,1,0.2,0.00416
469,2020-01-03 09:39:57,N,AAPL,299.1,1.0,299.14,2.0,-1.0,1.0,2020-01-03 09:39:57.693467,299.14,299.18,0,0.03999999999996362,0.05216131436782234,1,-1,-0.3333333333333333,0.00416
470,2020-01-03 09:39:58,N,AAPL,299.14,2.0,299.18,2.0,1.0,0.0,2020-01-03 09:39:58.015533,299.16,299.21,0,0.040000000000020464,0.05210641584244513,1,1,0.0,0.00416
471,2020-01-03 09:39:59,N,AAPL,299.16,2.0,299.21,3.0,0.0,-1.0,2020-01-03 09:39:59.467797,299.15,299.19,0,0.049999999999954525,0.05177961723882163,1,1,-0.2,0.00416
472,2020-01-03 09:40:00,N,AAPL,299.15,1.0,299.19,2.0,0.0,1.0,2020-01-03 09:40:00.012477,299.17,299.21,0,0.040000000000020464,0.051492133028943954,1,-1,-0.3333333333333333,0.00416
473,2020-01-03 09:40:01,N,AAPL,299.17,1.0,299.21,1.0,0.0,0.0,2020-01-03 09:40:01.143021,299.15,299.18,0,0.03999999999996362,0.051493575137556036,1,-1,0.0,0.00416
474,2020-01-03 09:40:02,N,AAPL,299.15,1.0,299.18,4.0,0.0,3.0,2020-01-03 09:40:02.146540,299.12,299.14,-1,0.03000000000002956,0.05061689643372347,1,-1,-0.6,0.00416
475,2020-01-03 09:40:05,N,AAPL,299.12,1.0,299.14,4.0,-1.0,2.0,2020-01-03 09:40:05.855544,299.12,299.13,0,0.01999999999998181,0.0498348716805026,1,-1,-0.6,0.00416
476,2020-01-03 09:40:06,N,AAPL,299.12,1.0,299.13,2.0,0.0,-2.0,2020-01-03 09:40:06.667114,299.13,299.17,0,0.009999999999990905,0.04933629538743389,1,-1,-0.3333333333333333,0.00416
477,2020-01-03 09:40:11,N,AAPL,299.13,2.0,299.17,2.0,0.0,1.0,2020-01-03 09:40:11.012503,299.16,299.2,0,0.040000000000020464,0.04926171730977558,1,1,0.0,0.00416
478,2020-01-03 09:40:12,N,AAPL,299.16,1.0,299.2,1.0,-1.0,-1.0,2020-01-03 09:40:12.309325,299.17,299.22,0,0.03999999999996362,0.04936789224836957,1,-1,0.0,0.00416
479,2020-01-03 09:40:13,N,AAPL,299.17,2.0,299.22,1.0,1.0,0.0,2020-01-03 09:40:13.022624,299.21,299.26,0,0.05000000000001137,0.05018042430697278,1,1,0.3333333333333333,0.00416
480,2020-01-03 09:40:14,N,AAPL,299.21,2.0,299.26,3.0,0.0,0.0,2020-01-03 09:40:14.040946,299.25,299.29,0,0.05000000000001137,0.05053546122587704,1,1,-0.2,0.00416
481,2020-01-03 09:40:15,N,AAPL,299.25,2.0,299.29,2.0,0.0,-1.0,2020-01-03 09:40:15.187478,299.32,299.36,1,0.040000000000020464,0.050785952756655206,1,-1,0.0,0.00416
482,2020-01-03 09:40:16,N,AAPL,299.32,2.0,299.36,2.0,0.0,1.0,2020-01-03 09:40:16.059749,299.34,299.39,0,0.040000000000020464,0.051193900816997484,1,1,0.0,0.00416
483,2020-01-03 09:40:17,N,AAPL,299.34,3.0,299.39,2.0,1.0,0.0,2020-01-03 09:40:17.066309,299.39,299.43,0,0.05000000000001137,0.05123001012145778,1,1,0.2,0.00416
484,2020-01-03 09:40:18,N,AAPL,299.39,1.0,299.43,2.0,0.0,0.0,2020-01-03 09:40:18.218508,299.4,299.45,0,0.040000000000020464,0.051636670202412915,1,-1,-0.3333333333333333,0.00416
485,2020-01-03 09:40:19,N,AAPL,299.4,4.0,299.45,1.0,2.0,-1.0,2020-01-03 09:40:19.180754,299.43,299.47,0,0.05000000000001137,0.05175162201862804,1,1,0.6,0.00416
486,2020-01-03 09:40:20,N,AAPL,299.43,2.0,299.47,1.0,-2.0,0.0,2020-01-03 09:40:20.272384,299.37,299.42,-1,0.040000000000020464,0.05133615890690635,1,-1,0.3333333333333333,0.00416
487,2020-01-03 09:40:21,N,AAPL,299.37,2.0,299.42,2.0,-1.0,1.0,2020-01-03 09:40:21.592545,299.35,299.4,0,0.05000000000001137,0.05155833174995905,1,1,0.0,0.00416
488,2020-01-03 09:40:22,N,AAPL,299.35,2.0,299.4,3.0,0.0,2.0,2020-01-03 09:40:22.249362,299.29,299.33,-1,0.049999999999954525,0.052400175842876706,1,-1,-0.2,0.00416
489,2020-01-03 09:40:23,N,AAPL,299.29,2.0,299.33,1.0,0.0,-1.0,2020-01-03 09:40:23.018241,299.3,299.35,0,0.03999999999996362,0.05238830882478851,1,-1,0.3333333333333333,0.00416
490,2020-01-03 09:40:24,N,AAPL,299.3,2.0,299.35,2.0,0.0,0.0,2020-01-03 09:40:24.259829,299.32,299.35,0,0.05000000000001137,0.051258647237148125,1,1,0.0,0.00416
491,2020-01-03 09:40:25,N,AAPL,299.32,1.0,299.35,4.0,0.0,1.0,2020-01-03 09:40:25.110461,299.27,299.31,-1,0.03000000000002956,0.052330270156858205,1,-1,-0.6,0.00416
492,2020-01-03 09:40:26,N,AAPL,299.27,1.0,299.31,2.0,-1.0,0.0,2020-01-03 09:40:26.338547,299.27,299.33,0,0.040000000000020464,0.052398708049793186,1,1,-0.3333333333333333,0.00416
493,2020-01-03 09:40:27,N,AAPL,299.27,2.0,299.33,2.0,0.0,0.0,2020-01-03 09:40:27.132900,299.32,299.37,0,0.060000000000002274,0.05245089955917592,1,1,0.0,0.00416
494,2020-01-03 09:40:28,N,AAPL,299.32,3.0,299.37,2.0,1.0,0.0,2020-01-03 09:40:28.368920,299.28,299.32,0,0.05000000000001137,0.052750914959631245,1,-1,0.2,0.00416
495,2020-01-03 09:40:29,N,AAPL,299.28,2.0,299.32,4.0,-1.0,2.0,2020-01-03 09:40:29.579856,299.29,299.34,0,0.040000000000020464,0.05257928963692393,1,-1,-0.3333333333333333,0.00416
496,2020-01-03 09:40:31,N,AAPL,299.29,1.0,299.34,2.0,-1.0,1.0,2020-01-03 09:40:31.186386,299.3,299.35,0,0.049999999999954525,0.05298262621658978,1,1,-0.3333333333333333,0.00416
497,2020-01-03 09:40:32,N,AAPL,299.3,4.0,299.35,5.0,3.0,3.0,2020-01-03 09:40:32.601603,299.3,299.34,0,0.05000000000001137,0.05353261950074284,1,1,-0.1111111111111111,0.00416
498,2020-01-03 09:40:33,N,AAPL,299.3,2.0,299.34,2.0,0.0,-3.0,2020-01-03 09:40:33.024094,299.31,299.35,0,0.03999999999996362,0.05515545623052276,1,-1,0.0,0.00416
499,2020-01-03 09:40:34,N,AAPL,299.31,3.0,299.35,4.0,1.0,2.0,2020-01-03 09:40:34.352172,299.34,299.38,0,0.040000000000020464,0.05460147351146816,1,1,-0.14285714285714285,0.00416
500,2020-01-03 09:40:35,N,AAPL,299.34,2.0,299.38,2.0,0.0,-1.0,2020-01-03 09:40:35.092089,299.32,299.36,0,0.040000000000020464,0.054543637396307076,1,1,0.0,0.00416
501,2020-01-03 09:40:36,N,AAPL,299.32,2.0,299.36,2.0,0.0,1.0,2020-01-03 09:40:36.108753,299.34,299.37,0,0.040000000000020464,0.054494550352899296,1,1,0.0,0.00416
502,2020-01-03 09:40:37,N,AAPL,299.34,4.0,299.37,1.0,2.0,-1.0,2020-01-03 09:40:37.089981,299.33,299.36,0,0.03000000000002956,0.05145446729238756,1,-1,0.6,0.00416
503,2020-01-03 09:40:39,N,AAPL,299.33,3.0,299.36,2.0,1.0,0.0,2020-01-03 09:40:39.463708,299.31,299.33,0,0.03000000000002956,0.05236933243855901,1,1,0.2,0.00416
504,2020-01-03 09:40:41,N,AAPL,299.31,8.0,299.33,4.0,6.0,2.0,2020-01-03 09:40:41.608858,299.3,299.31,0,0.01999999999998181,0.053664357489026315,1,-1,0.3333333333333333,0.00416
505,2020-01-03 09:40:42,N,AAPL,299.3,18.0,299.31,4.0,17.0,3.0,2020-01-03 09:40:42.866103,299.27,299.31,0,0.009999999999990905,0.05268167936571899,1,-1,0.6363636363636364,0.00416
506,2020-01-03 09:40:43,N,AAPL,299.27,3.0,299.31,2.0,0.0,-3.0,2020-01-03 09:40:43.003065,299.29,299.32,0,0.040000000000020464,0.04751706927839905,1,1,0.2,0.00416
507,2020-01-03 09:40:44,N,AAPL,299.29,1.0,299.32,1.0,-1.0,-1.0,2020-01-03 09:40:44.253838,299.27,299.29,0,0.029999999999972715,0.047365565593793235,1,-1,0.0,0.00416
508,2020-01-03 09:40:46,N,AAPL,299.27,2.0,299.29,4.0,0.0,3.0,2020-01-03 09:40:46.818244,299.22,299.26,-1,0.020000000000038654,0.05340626707635465,1,-1,-0.3333333333333333,0.00416
509,2020-01-03 09:40:47,N,AAPL,299.22,3.0,299.26,4.0,1.0,2.0,2020-01-03 09:40:47.301311,299.23,299.26,0,0.03999999999996362,0.05315397547565226,1,1,-0.14285714285714285,0.00416
510,2020-01-03 09:40:49,N,AAPL,299.23,3.0,299.26,2.0,2.0,0.0,2020-01-03 09:40:49.021103,299.25,299.29,0,0.029999999999972715,0.05307352243619334,1,-1,0.2,0.00431
511,2020-01-03 09:40:50,N,AAPL,299.25,2.0,299.29,1.0,0.0,0.0,2020-01-03 09:40:50.246895,299.28,299.3,0,0.040000000000020464,0.05169283995189744,1,1,0.3333333333333333,0.00431
512,2020-01-03 09:40:51,N,AAPL,299.28,1.0,299.3,2.0,-1.0,1.0,2020-01-03 09:40:51.158432,299.35,299.38,1,0.020000000000038654,0.05201252301441173,1,-1,-0.3333333333333333,0.00431
513,2020-01-03 09:40:52,N,AAPL,299.35,1.0,299.38,1.0,0.0,0.0,2020-01-03 09:40:52.122783,299.36,299.38,0,0.029999999999972715,0.0525969997457878,1,1,0.0,0.00431
514,2020-01-03 09:40:53,N,AAPL,299.36,1.0,299.38,1.0,0.0,0.0,2020-01-03 09:40:53.148092,299.33,299.38,0,0.01999999999998181,0.052447283935805444,1,-1,0.0,0.00431
515,2020-01-03 09:40:54,N,AAPL,299.33,3.0,299.38,1.0,2.0,0.0,2020-01-03 09:40:54.269527,299.33,299.36,0,0.05000000000001137,0.05223612232094865,1,1,0.5,0.00431
516,2020-01-03 09:40:55,N,AAPL,299.33,5.0,299.36,5.0,1.0,4.0,2020-01-03 09:40:55.035539,299.32,299.35,0,0.03000000000002956,0.053038762579888044,1,-1,0.0,0.00431
517,2020-01-03 09:40:57,N,AAPL,299.32,2.0,299.35,2.0,-23.0,1.0,2020-01-03 09:40:57.287722,299.41,299.46,1,0.03000000000002956,0.054522966507192905,1,1,0.0,0.00431
518,2020-01-03 09:41:00,N,AAPL,299.41,2.0,299.46,2.0,1.0,0.0,2020-01-03 09:41:00.589213,299.48,299.51,1,0.049999999999954525,0.05392411067197145,1,1,0.0,0.00431
519,2020-01-03 09:41:03,N,AAPL,299.48,5.0,299.51,2.0,3.0,0.0,2020-01-03 09:41:03.450276,299.51,299.54,0,0.029999999999972715,0.053089591567925254,1,-1,0.42857142857142855,0.00431
520,2020-01-03 09:41:04,N,AAPL,299.51,4.0,299.54,1.0,3.0,0.0,2020-01-03 09:41:04.023933,299.55,299.6,1,0.03000000000002956,0.0593537970743796,1,1,0.6,0.00431
521,2020-01-03 09:41:05,N,AAPL,299.55,3.0,299.6,9.0,2.0,8.0,2020-01-03 09:41:05.037008,299.59,299.63,0,0.05000000000001137,0.06392332108930532,1,1,-0.5,0.00431
522,2020-01-03 09:41:06,N,AAPL,299.59,2.0,299.63,2.0,-2.0,-4.0,2020-01-03 09:41:06.264111,299.56,299.59,0,0.040000000000020464,0.06394347757753849,1,-1,0.0,0.00431
523,2020-01-03 09:41:07,N,AAPL,299.56,2.0,299.59,3.0,0.0,1.0,2020-01-03 09:41:07.013587,299.45,299.47,-1,0.029999999999972715,0.06483220146554913,0,-1,-0.2,0.00431
524,2020-01-03 09:41:11,N,AAPL,299.45,2.0,299.47,2.0,0.0,-9.0,2020-01-03 09:41:11.571136,299.48,299.53,1,0.020000000000038654,0.06713457053928096,0,-1,0.0,0.00431
525,2020-01-03 09:41:12,N,AAPL,299.48,3.0,299.53,3.0,1.0,1.0,2020-01-03 09:41:12.057482,299.5,299.53,0,0.049999999999954525,0.06238658925258278,1,1,0.0,0.00431
526,2020-01-03 09:41:13,N,AAPL,299.5,2.0,299.53,2.0,0.0,-2.0,2020-01-03 09:41:13.307142,299.38,299.43,-1,0.029999999999972715,0.0622704028318708,1,-1,0.0,0.00431
527,2020-01-03 09:41:14,N,AAPL,299.38,3.0,299.43,1.0,1.0,0.0,2020-01-03 09:41:14.263489,299.38,299.42,0,0.05000000000001137,0.06103959750151944,1,1,0.5,0.00431
528,2020-01-03 09:41:15,N,AAPL,299.38,2.0,299.42,1.0,-1.0,-2.0,2020-01-03 09:41:15.008400,299.47,299.48,1,0.040000000000020464,0.0563466104363215,1,-1,0.3333333333333333,0.00431
529,2020-01-03 09:41:17,N,AAPL,299.47,1.0,299.48,2.0,-4.0,0.0,2020-01-03 09:41:17.174723,299.44,299.49,0,0.009999999999990905,0.05724588067488412,1,-1,-0.3333333333333333,0.00431
530,2020-01-03 09:41:18,N,AAPL,299.44,2.0,299.49,3.0,0.0,1.0,2020-01-03 09:41:18.136303,299.47,299.49,0,0.05000000000001137,0.057423060549467664,1,1,-0.2,0.00431
531,2020-01-03 09:41:20,N,AAPL,299.47,1.0,299.49,2.0,-1.0,-1.0,2020-01-03 09:41:20.525592,299.44,299.49,0,0.01999999999998181,0.05646435471720679,1,-1,-0.3333333333333333,0.00431
532,2020-01-03 09:41:21,N,AAPL,299.44,4.0,299.49,3.0,2.0,-1.0,2020-01-03 09:41:21.941657,299.44,299.49,0,0.05000000000001137,0.056179656151130075,1,1,0.14285714285714285,0.00431
533,2020-01-03 09:41:22,N,AAPL,299.44,4.0,299.49,4.0,0.0,1.0,2020-01-03 09:41:22.000131,299.53,299.57,1,0.05000000000001137,0.056986762337885466,1,1,0.0,0.00431
534,2020-01-03 09:41:23,N,AAPL,299.53,4.0,299.57,2.0,2.0,-3.0,2020-01-03 09:41:23.879539,299.53,299.56,0,0.040000000000020464,0.05434079551451987,1,-1,0.3333333333333333,0.00431
535,2020-01-03 09:41:24,N,AAPL,299.53,1.0,299.56,1.0,-1.0,-1.0,2020-01-03 09:41:24.520747,299.55,299.58,0,0.03000000000002956,0.056771530055812036,1,-1,0.0,0.00431
536,2020-01-03 09:41:26,N,AAPL,299.55,4.0,299.58,1.0,3.0,0.0,2020-01-03 09:41:26.321603,299.6,299.62,1,0.029999999999972715,0.055593860719454824,1,-1,0.6,0.00431
537,2020-01-03 09:41:27,N,AAPL,299.6,2.0,299.62,1.0,0.0,0.0,2020-01-03 09:41:27.248167,299.56,299.59,-1,0.01999999999998181,0.05502641582256729,1,-1,0.3333333333333333,0.00431
538,2020-01-03 09:41:30,N,AAPL,299.56,2.0,299.59,3.0,-1.0,1.0,2020-01-03 09:41:30.229833,299.57,299.59,0,0.029999999999972715,0.05529468840501295,1,1,-0.2,0.00431
539,2020-01-03 09:41:32,N,AAPL,299.57,1.0,299.59,2.0,-1.0,-1.0,2020-01-03 09:41:32.184925,299.54,299.56,-1,0.01999999999998181,0.055512056862710324,1,-1,-0.3333333333333333,0.00431
540,2020-01-03 09:41:33,N,AAPL,299.54,2.0,299.56,1.0,1.0,-1.0,2020-01-03 09:41:33.810685,299.58,299.59,1,0.01999999999998181,0.05037653075351045,1,1,0.3333333333333333,0.00431
541,2020-01-03 09:41:35,N,AAPL,299.58,4.0,299.59,3.0,2.0,-1.0,2020-01-03 09:41:35.131303,299.64,299.66,1,0.009999999999990905,0.04977417256816352,1,-1,0.14285714285714285,0.00431
542,2020-01-03 09:41:36,N,AAPL,299.64,4.0,299.66,9.0,1.0,8.0,2020-01-03 09:41:36.144124,299.65,299.68,0,0.020000000000038654,0.05290596794264957,1,1,-0.38461538461538464,0.00431
543,2020-01-03 09:41:37,N,AAPL,299.65,1.0,299.68,1.0,0.0,-8.0,2020-01-03 09:41:37.163437,299.68,299.69,0,0.03000000000002956,0.052850688660385,1,1,0.0,0.00431
544,2020-01-03 09:41:38,N,AAPL,299.68,3.0,299.69,1.0,2.0,-1.0,2020-01-03 09:41:38.354369,299.66,299.69,0,0.009999999999990905,0.0500076397793805,1,-1,0.5,0.00431
545,2020-01-03 09:41:39,N,AAPL,299.66,1.0,299.69,1.0,-1.0,-1.0,2020-01-03 09:41:39.742083,299.6,299.64,-1,0.029999999999972715,0.04816093433959168,1,1,0.0,0.00431
546,2020-01-03 09:41:40,N,AAPL,299.6,4.0,299.64,4.0,1.0,1.0,2020-01-03 09:41:40.229848,299.59,299.61,0,0.03999999999996362,0.04895639934142082,1,1,0.0,0.00431
547,2020-01-03 09:41:41,N,AAPL,299.59,1.0,299.61,2.0,0.0,-2.0,2020-01-03 09:41:41.043843,299.58,299.61,0,0.020000000000038654,0.04924388939542723,1,-1,-0.3333333333333333,0.00431
548,2020-01-03 09:41:42,N,AAPL,299.58,4.0,299.61,1.0,2.0,-2.0,2020-01-03 09:41:42.834469,299.63,299.65,1,0.03000000000002956,0.04714647119868687,1,1,0.6,0.00431
549,2020-01-03 09:41:46,N,AAPL,299.63,4.0,299.65,1.0,1.0,0.0,2020-01-03 09:41:46.351700,299.65,299.68,0,0.01999999999998181,0.043781311009922774,1,-1,0.6,0.00431
550,2020-01-03 09:41:48,N,AAPL,299.65,2.0,299.68,1.0,1.0,-2.0,2020-01-03 09:41:48.587628,299.68,299.69,0,0.03000000000002956,0.0432076128394101,1,1,0.3333333333333333,0.00431
551,2020-01-03 09:41:51,N,AAPL,299.68,4.0,299.69,1.0,2.0,0.0,2020-01-03 09:41:51.671450,299.63,299.67,-1,0.009999999999990905,0.040689546062992576,1,-1,0.6,0.00431
552,2020-01-03 09:41:53,N,AAPL,299.63,2.0,299.67,2.0,-2.0,1.0,2020-01-03 09:41:53.218266,299.62,299.66,0,0.040000000000020464,0.041699710953878366,1,1,0.0,0.00431
553,2020-01-03 09:41:54,N,AAPL,299.62,2.0,299.66,2.0,0.0,1.0,2020-01-03 09:41:54.912918,299.67,299.68,1,0.040000000000020464,0.0428260015294768,1,1,0.0,0.00431
554,2020-01-03 09:41:55,N,AAPL,299.67,4.0,299.68,2.0,2.0,0.0,2020-01-03 09:41:55.547874,299.69,299.71,1,0.009999999999990905,0.04178281241888726,1,-1,0.3333333333333333,0.00431
555,2020-01-03 09:41:56,N,AAPL,299.69,2.0,299.71,2.0,1.0,1.0,2020-01-03 09:41:56.816180,299.71,299.72,0,0.01999999999998181,0.04324237756225102,1,1,0.0,0.00431
556,2020-01-03 09:41:58,N,AAPL,299.71,4.0,299.72,2.0,2.0,0.0,2020-01-03 09:41:58.583455,299.68,299.71,0,0.010000000000047748,0.040767918978133366,1,-1,0.3333333333333333,0.00431
557,2020-01-03 09:41:59,N,AAPL,299.68,2.0,299.71,1.0,-2.0,-1.0,2020-01-03 09:41:59.033709,299.72,299.73,1,0.029999999999972715,0.04045315835656993,1,1,0.3333333333333333,0.00464
558,2020-01-03 09:42:00,N,AAPL,299.72,4.0,299.73,1.0,-13.0,0.0,2020-01-03 09:42:00.346058,299.72,299.73,0,0.009999999999990905,0.03692220890167164,1,-1,0.6,0.00464
559,2020-01-03 09:42:01,N,AAPL,299.72,2.0,299.73,1.0,1.0,0.0,2020-01-03 09:42:01.158794,299.7,299.71,-1,0.009999999999990905,0.03539121082962993,1,1,0.3333333333333333,0.00464
560,2020-01-03 09:42:02,N,AAPL,299.7,1.0,299.71,1.0,0.0,0.0,2020-01-03 09:42:02.296460,299.67,299.69,-1,0.009999999999990905,0.02511993275123814,1,1,0.0,0.00464
561,2020-01-03 09:42:04,N,AAPL,299.67,4.0,299.69,2.0,2.0,-1.0,2020-01-03 09:42:04.006343,299.7,299.73,1,0.01999999999998181,0.023447765894843542,1,1,0.3333333333333333,0.00464
562,2020-01-03 09:42:05,N,AAPL,299.7,4.0,299.73,1.0,0.0,-1.0,2020-01-03 09:42:05.118461,299.72,299.75,0,0.03000000000002956,0.022335445120972963,1,1,0.6,0.00464
563,2020-01-03 09:42:06,N,AAPL,299.72,2.0,299.75,4.0,1.0,3.0,2020-01-03 09:42:06.174047,299.75,299.78,0,0.029999999999972715,0.02318719923664503,1,-1,-0.3333333333333333,0.00464
564,2020-01-03 09:42:07,N,AAPL,299.75,2.0,299.78,5.0,0.0,4.0,2020-01-03 09:42:07.473346,299.74,299.77,0,0.029999999999972715,0.025450665430355457,1,1,-0.42857142857142855,0.00464
565,2020-01-03 09:42:08,N,AAPL,299.74,1.0,299.77,1.0,-1.0,0.0,2020-01-03 09:42:08.057507,299.76,299.79,0,0.029999999999972715,0.02611004041250453,1,1,0.0,0.00464
566,2020-01-03 09:42:10,N,AAPL,299.76,4.0,299.79,1.0,2.0,-2.0,2020-01-03 09:42:10.335881,299.77,299.8,0,0.03000000000002956,0.024724285785111988,1,1,0.6,0.00464
567,2020-01-03 09:42:11,N,AAPL,299.77,5.0,299.8,1.0,4.0,-2.0,2020-01-03 09:42:11.718727,299.77,299.8,0,0.03000000000002956,0.0209006756434178,1,1,0.6666666666666666,0.00464
568,2020-01-03 09:42:12,N,AAPL,299.77,2.0,299.8,1.0,1.0,-1.0,2020-01-03 09:42:12.614492,299.79,299.82,0,0.03000000000002956,0.020472555584149177,1,1,0.3333333333333333,0.00464
569,2020-01-03 09:42:13,N,AAPL,299.79,5.0,299.82,2.0,3.0,1.0,2020-01-03 09:42:13.098268,299.84,299.86,1,0.029999999999972715,0.018176225716899808,1,-1,0.42857142857142855,0.00464
570,2020-01-03 09:42:14,N,AAPL,299.84,5.0,299.86,1.0,4.0,0.0,2020-01-03 09:42:14.710276,299.83,299.85,0,0.020000000000038654,0.014500783045093613,1,-1,0.6666666666666666,0.00464
571,2020-01-03 09:42:15,N,AAPL,299.83,2.0,299.85,3.0,-1.0,2.0,2020-01-03 09:42:15.559883,299.83,299.85,0,0.020000000000038654,0.015399912587270137,1,1,-0.2,0.00464
572,2020-01-03 09:42:16,N,AAPL,299.83,2.0,299.85,2.0,-2.0,-1.0,2020-01-03 09:42:16.628776,299.83,299.85,0,0.020000000000038654,0.015019081496120634,1,1,0.0,0.00464
573,2020-01-03 09:42:17,N,AAPL,299.83,3.0,299.85,2.0,2.0,-3.0,2020-01-03 09:42:17.361657,299.86,299.87,1,0.020000000000038654,0.013707560267505414,1,1,0.2,0.00464
574,2020-01-03 09:42:18,N,AAPL,299.86,2.0,299.87,2.0,0.0,-24.0,2020-01-03 09:42:18.432033,299.86,299.88,0,0.009999999999990905,0.018099013921641927,1,-1,0.0,0.00464
575,2020-01-03 09:42:19,N,AAPL,299.86,2.0,299.88,1.0,0.0,0.0,2020-01-03 09:42:19.021240,299.89,299.92,1,0.01999999999998181,0.018185018444057732,1,1,0.3333333333333333,0.00464
576,2020-01-03 09:42:20,N,AAPL,299.89,5.0,299.92,1.0,1.0,0.0,2020-01-03 09:42:20.007241,299.94,299.98,1,0.03000000000002956,0.013993192671648558,1,1,0.6666666666666666,0.00464
577,2020-01-03 09:42:21,N,AAPL,299.94,3.0,299.98,2.0,0.0,0.0,2020-01-03 09:42:21.132916,300.0,300.02,1,0.040000000000020464,0.01376295087749213,1,1,0.2,0.00464
578,2020-01-03 09:42:22,N,AAPL,300.0,1.0,300.02,1.0,0.0,-1.0,2020-01-03 09:42:22.869981,300.02,300.06,0,0.01999999999998181,0.014475770187857506,1,-1,0.0,0.00464
579,2020-01-03 09:42:23,N,AAPL,300.02,3.0,300.06,1.0,1.0,-1.0,2020-01-03 09:42:23.012052,300.04,300.06,0,0.040000000000020464,0.01403031854982828,1,1,0.5,0.00464
580,2020-01-03 09:42:24,N,AAPL,300.04,1.0,300.06,1.0,0.0,0.0,2020-01-03 09:42:24.056760,300.07,300.09,1,0.01999999999998181,0.013711744372187695,1,-1,0.0,0.00464
581,2020-01-03 09:42:25,N,AAPL,300.07,2.0,300.09,4.0,1.0,3.0,2020-01-03 09:42:25.108894,300.06,300.09,0,0.01999999999998181,0.016627613321020362,1,1,-0.3333333333333333,0.00464
582,2020-01-03 09:42:26,N,AAPL,300.06,4.0,300.09,2.0,2.0,-2.0,2020-01-03 09:42:26.367673,300.09,300.1,0,0.029999999999972715,0.014415627414109622,1,1,0.3333333333333333,0.00464
583,2020-01-03 09:42:27,N,AAPL,300.09,1.0,300.1,7.0,-2.0,6.0,2020-01-03 09:42:27.247959,300.13,300.16,1,0.010000000000047748,0.021786089985312174,1,-1,-0.75,0.00464
584,2020-01-03 09:42:28,N,AAPL,300.13,1.0,300.16,2.0,-1.0,1.0,2020-01-03 09:42:28.272075,300.13,300.17,0,0.03000000000002956,0.02277734425797462,1,1,-0.3333333333333333,0.00464
585,2020-01-03 09:42:29,N,AAPL,300.13,2.0,300.17,1.0,-2.0,0.0,2020-01-03 09:42:29.296921,300.16,300.17,0,0.040000000000020464,0.02187393607454169,1,1,0.3333333333333333,0.00464
586,2020-01-03 09:42:30,N,AAPL,300.16,4.0,300.17,1.0,1.0,0.0,2020-01-03 09:42:30.137251,300.14,300.17,0,0.009999999999990905,0.01860316899848158,1,-1,0.6,0.00464
587,2020-01-03 09:42:31,N,AAPL,300.14,2.0,300.17,2.0,0.0,0.0,2020-01-03 09:42:31.300435,300.08,300.1,-1,0.03000000000002956,0.018863397625352718,1,1,0.0,0.00464
588,2020-01-03 09:42:32,N,AAPL,300.08,2.0,300.1,2.0,0.0,1.0,2020-01-03 09:42:32.344205,300.1,300.11,0,0.020000000000038654,0.01939514138632603,1,-1,0.0,0.00464
589,2020-01-03 09:42:33,N,AAPL,300.1,4.0,300.11,7.0,3.0,4.0,2020-01-03 09:42:33.460939,300.1,300.14,0,0.009999999999990905,0.023302032242668247,1,-1,-0.2727272727272727,0.00464
590,2020-01-03 09:42:36,N,AAPL,300.1,3.0,300.14,10.0,0.0,3.0,2020-01-03 09:42:36.041230,300.1,300.12,0,0.03999999999996362,0.03202268195406077,1,1,-0.5384615384615384,0.00464
591,2020-01-03 09:42:38,N,AAPL,300.1,2.0,300.12,4.0,-2.0,3.0,2020-01-03 09:42:38.083554,300.08,300.1,0,0.01999999999998181,0.034391949737596406,1,-1,-0.3333333333333333,0.00464
592,2020-01-03 09:42:39,N,AAPL,300.08,2.0,300.1,4.0,-1.0,3.0,2020-01-03 09:42:39.634134,300.13,300.16,1,0.020000000000038654,0.03690918697913048,1,1,-0.3333333333333333,0.00464
