,last_interval,Exchange,Symbol,Best_Bid_Price,FB0,Best_Offer_Price,FA0,FB2,FA2,p_time,Next_Best_Bid,Next_Best_Offer,outcome,Spread,AWS,Anomaly,Spread Change,Quote IMB,VPIN
0,2020-01-24 09:30:02,N,AAPL,320.3,1.0,320.34,1.0,0.0,0.0,2020-01-24 09:30:02.231010,320.26,320.31,0,0.03999999999996362,0.03999999999996362,0,0,0.0,9e-05
1,2020-01-24 09:30:03,N,AAPL,320.26,1.0,320.31,1.0,0.0,-9.0,2020-01-24 09:30:03.572790,320.26,320.29,0,0.05000000000001137,0.045000000000015916,0,1,0.0,9e-05
2,2020-01-24 09:30:04,N,AAPL,320.26,2.0,320.29,1.0,1.0,0.0,2020-01-24 09:30:04.408067,320.02,320.08,-1,0.03000000000002956,0.043333333333350765,0,-1,0.3333333333333333,9e-05
3,2020-01-24 09:30:06,N,AAPL,320.02,2.0,320.08,6.0,1.0,5.0,2020-01-24 09:30:06.268612,320.02,320.06,0,0.060000000000002274,-0.02888888888890051,1,1,-0.5,9e-05
4,2020-01-24 09:30:07,N,AAPL,320.02,1.0,320.06,2.0,-1.0,-4.0,2020-01-24 09:30:07.072558,319.97,320.01,-1,0.040000000000020464,-0.02285714285716267,1,-1,-0.3333333333333333,9e-05
5,2020-01-24 09:30:22,N,AAPL,319.97,2.0,320.01,1.0,1.0,-2.0,2020-01-24 09:30:22.503008,319.97,320.02,0,0.03999999999996362,0.00916666666665833,0,-1,0.3333333333333333,9e-05
6,2020-01-24 09:30:23,N,AAPL,319.97,1.0,320.02,10.0,-2.0,0.0,2020-01-24 09:30:23.038751,319.88,319.97,0,0.049999999999954525,-0.025454545454579147,1,1,-0.8181818181818182,9e-05
7,2020-01-24 09:30:24,N,AAPL,319.88,3.0,319.97,5.0,1.0,4.0,2020-01-24 09:30:24.142355,319.95,320.0,0,0.09000000000003183,0.006182336182291692,0,1,-0.25,9e-05
8,2020-01-24 09:30:25,N,AAPL,319.95,4.0,320.0,1.0,0.0,-1.0,2020-01-24 09:30:25.029320,319.86,319.93,-1,0.05000000000001137,0.02831932773108292,0,-1,0.6,9e-05
9,2020-01-24 09:30:26,N,AAPL,319.86,2.0,319.93,2.0,0.0,0.0,2020-01-24 09:30:26.107619,319.98,320.03,1,0.06999999999999318,0.03761403508769945,1,1,0.0,9e-05
10,2020-01-24 09:30:27,N,AAPL,319.98,3.0,320.03,2.0,2.0,-2.0,2020-01-24 09:30:27.981274,320.06,320.09,1,0.049999999999954525,0.04068181818178118,1,-1,0.2,9e-05
11,2020-01-24 09:30:28,N,AAPL,320.06,2.0,320.09,2.0,0.0,0.0,2020-01-24 09:30:28.360703,320.03,320.1,0,0.029999999999972715,0.038749999999936335,1,-1,0.0,9e-05
12,2020-01-24 09:30:29,N,AAPL,320.03,1.0,320.1,2.0,0.0,-2.0,2020-01-24 09:30:29.235230,320.09,320.12,0,0.07000000000005002,0.04077777777774827,1,1,-0.3333333333333333,9e-05
13,2020-01-24 09:30:30,N,AAPL,320.09,2.0,320.12,1.0,1.0,0.0,2020-01-24 09:30:30.030969,320.03,320.1,0,0.03000000000002956,0.03681681681683813,1,-1,0.3333333333333333,9e-05
14,2020-01-24 09:30:32,N,AAPL,320.03,2.0,320.1,1.0,-1.0,-10.0,2020-01-24 09:30:32.508267,320.01,320.05,0,0.07000000000005002,0.03716878402906332,1,1,0.3333333333333333,9e-05
15,2020-01-24 09:30:33,N,AAPL,320.01,2.0,320.05,1.0,1.0,-1.0,2020-01-24 09:30:33.378420,319.94,319.98,-1,0.040000000000020464,0.03757650951195046,1,-1,0.3333333333333333,9e-05
16,2020-01-24 09:30:34,N,AAPL,319.94,2.0,319.98,2.0,1.0,1.0,2020-01-24 09:30:34.254066,319.9,319.94,0,0.040000000000020464,0.038617886178826666,1,1,0.0,9e-05
17,2020-01-24 09:30:36,N,AAPL,319.9,1.0,319.94,4.0,-1.0,2.0,2020-01-24 09:30:36.169867,319.89,319.95,0,0.040000000000020464,0.03200000000003911,0,1,-0.6,9e-05
18,2020-01-24 09:30:37,N,AAPL,319.89,1.0,319.95,3.0,-1.0,1.0,2020-01-24 09:30:37.327921,319.95,320.03,0,0.060000000000002274,0.029678571428576106,0,1,-0.5,9e-05
19,2020-01-24 09:30:38,N,AAPL,319.95,2.0,320.03,1.0,0.0,-2.0,2020-01-24 09:30:38.045824,319.99,320.05,0,0.07999999999998408,0.032608935466100775,0,1,0.3333333333333333,9e-05
20,2020-01-24 09:30:39,N,AAPL,319.99,5.0,320.05,1.0,2.0,-5.0,2020-01-24 09:30:39.025069,319.97,320.03,0,0.060000000000002274,0.03449523809524635,0,-1,0.6666666666666666,9e-05
21,2020-01-24 09:30:40,N,AAPL,319.97,2.0,320.03,4.0,0.0,2.0,2020-01-24 09:30:40.238556,320.02,320.09,0,0.05999999999994543,0.03547138047139242,1,-1,-0.3333333333333333,9e-05
22,2020-01-24 09:30:41,N,AAPL,320.02,1.0,320.09,3.0,-1.0,2.0,2020-01-24 09:30:41.260782,320.01,320.09,0,0.06999999999999318,0.037883040935639656,1,1,-0.5,9e-05
23,2020-01-24 09:30:42,N,AAPL,320.01,2.0,320.09,2.0,0.0,0.0,2020-01-24 09:30:42.280712,320.01,320.09,0,0.07999999999998408,0.039231878831571976,1,1,0.0,9e-05
24,2020-01-24 09:30:43,N,AAPL,320.01,2.0,320.09,2.0,0.0,0.0,2020-01-24 09:30:43.292908,320.07,320.12,0,0.07999999999998408,0.04049849447977749,1,1,0.0,9e-05
25,2020-01-24 09:30:44,N,AAPL,320.07,3.0,320.12,2.0,1.0,0.0,2020-01-24 09:30:44.483264,320.08,320.16,0,0.05000000000001137,0.039026251526252054,1,-1,0.2,9e-05
26,2020-01-24 09:30:45,N,AAPL,320.08,1.0,320.16,2.0,-1.0,1.0,2020-01-24 09:30:45.246758,320.09,320.13,0,0.08000000000004093,0.041172714078356876,1,1,-0.3333333333333333,9e-05
27,2020-01-24 09:30:46,N,AAPL,320.09,2.0,320.13,1.0,-4.0,0.0,2020-01-24 09:30:46.989912,320.12,320.17,0,0.040000000000020464,0.039393939393903565,1,-1,0.3333333333333333,9e-05
28,2020-01-24 09:30:47,N,AAPL,320.12,2.0,320.17,20.0,0.0,19.0,2020-01-24 09:30:47.022947,320.15,320.2,0,0.05000000000001137,0.06358221134229325,1,1,-0.8181818181818182,9e-05
29,2020-01-24 09:30:48,N,AAPL,320.15,2.0,320.2,2.0,0.0,-18.0,2020-01-24 09:30:48.079490,320.13,320.2,0,0.05000000000001137,0.06175269645603976,1,1,0.0,9e-05
30,2020-01-24 09:30:49,N,AAPL,320.13,2.0,320.2,4.0,-2.0,2.0,2020-01-24 09:30:49.049396,320.13,320.19,0,0.06999999999999318,0.06330363506771164,1,1,-0.3333333333333333,9e-05
31,2020-01-24 09:30:50,N,AAPL,320.13,3.0,320.19,4.0,-1.0,2.0,2020-01-24 09:30:50.073552,320.11,320.17,0,0.060000000000002274,0.06260416666668789,1,-1,-0.14285714285714285,9e-05
32,2020-01-24 09:30:51,N,AAPL,320.11,2.0,320.17,1.0,1.0,-3.0,2020-01-24 09:30:51.084276,320.1,320.17,0,0.060000000000002274,0.06092158700403161,1,1,0.3333333333333333,9e-05
33,2020-01-24 09:30:52,N,AAPL,320.1,4.0,320.17,1.0,3.0,0.0,2020-01-24 09:30:52.756928,320.1,320.18,0,0.06999999999999318,0.057714285714268954,1,1,0.6,9e-05
34,2020-01-24 09:30:53,N,AAPL,320.1,1.0,320.18,1.0,0.0,0.0,2020-01-24 09:30:53.144070,320.08,320.12,0,0.07999999999998408,0.05767534499921112,1,1,0.0,9e-05
35,2020-01-24 09:30:54,N,AAPL,320.08,2.0,320.12,2.0,1.0,1.0,2020-01-24 09:30:54.093484,320.05,320.09,0,0.040000000000020464,0.05698087616980274,1,-1,0.0,9e-05
36,2020-01-24 09:30:55,N,AAPL,320.05,5.0,320.09,2.0,-2.0,-2.0,2020-01-24 09:30:55.337111,320.08,320.16,0,0.03999999999996362,0.0560206621856878,1,-1,0.42857142857142855,9e-05
37,2020-01-24 09:30:56,N,AAPL,320.08,2.0,320.16,3.0,0.0,1.0,2020-01-24 09:30:56.069174,320.08,320.16,0,0.08000000000004093,0.05684198113209504,1,1,-0.2,9e-05
38,2020-01-24 09:30:58,N,AAPL,320.08,2.0,320.16,1.0,0.0,-1.0,2020-01-24 09:30:58.136631,320.05,320.13,0,0.08000000000004093,0.05642466377940991,1,1,0.3333333333333333,9e-05
39,2020-01-24 09:30:59,N,AAPL,320.05,7.0,320.13,4.0,1.0,2.0,2020-01-24 09:30:59.068935,320.05,320.13,0,0.07999999999998408,0.056801295677757935,1,-1,0.2727272727272727,9e-05
40,2020-01-24 09:31:00,N,AAPL,320.05,6.0,320.13,2.0,4.0,-2.0,2020-01-24 09:31:00.117586,320.04,320.07,0,0.07999999999998408,0.05674708896140146,1,1,0.5,9e-05
41,2020-01-24 09:31:01,N,AAPL,320.04,2.0,320.07,1.0,-4.0,-1.0,2020-01-24 09:31:01.011314,320.02,320.08,0,0.029999999999972715,0.056517453427431974,1,-1,0.3333333333333333,9e-05
42,2020-01-24 09:31:02,N,AAPL,320.02,4.0,320.08,2.0,2.0,0.0,2020-01-24 09:31:02.006554,320.02,320.08,0,0.060000000000002274,0.0570339706384857,1,1,0.3333333333333333,9e-05
43,2020-01-24 09:31:03,N,AAPL,320.02,4.0,320.08,1.0,3.0,-2.0,2020-01-24 09:31:03.860074,320.02,320.03,0,0.060000000000002274,0.05763858363860663,1,1,0.6,9e-05
44,2020-01-24 09:31:04,N,AAPL,320.02,2.0,320.03,2.0,0.0,0.0,2020-01-24 09:31:04.048675,319.97,320.03,0,0.009999999999990905,0.05687347836334311,1,-1,0.0,9e-05
45,2020-01-24 09:31:05,N,AAPL,319.97,2.0,320.03,2.0,1.0,-1.0,2020-01-24 09:31:05.037894,319.99,320.05,0,0.05999999999994543,0.05704981423912159,1,1,0.0,9e-05
46,2020-01-24 09:31:06,N,AAPL,319.99,4.0,320.05,2.0,2.0,1.0,2020-01-24 09:31:06.007525,320.06,320.12,1,0.060000000000002274,0.05800201453342879,1,1,0.3333333333333333,9e-05
47,2020-01-24 09:31:07,N,AAPL,320.06,2.0,320.12,2.0,0.0,0.0,2020-01-24 09:31:07.150274,320.02,320.08,0,0.060000000000002274,0.057999999999992724,1,1,0.0,9e-05
48,2020-01-24 09:31:08,N,AAPL,320.02,2.0,320.08,4.0,0.0,2.0,2020-01-24 09:31:08.362706,320.09,320.15,1,0.060000000000002274,0.05783939574632768,1,1,-0.3333333333333333,9e-05
49,2020-01-24 09:31:09,N,AAPL,320.09,2.0,320.15,2.0,0.0,0.0,2020-01-24 09:31:09.023108,320.17,320.24,1,0.060000000000002274,0.05778882545388342,1,1,0.0,9e-05
50,2020-01-24 09:31:10,N,AAPL,320.17,2.0,320.24,3.0,0.0,2.0,2020-01-24 09:31:10.070659,320.34,320.39,1,0.06999999999999318,0.05884359195761135,1,1,-0.2,9e-05
51,2020-01-24 09:31:11,N,AAPL,320.34,3.0,320.39,1.0,-1.0,-1.0,2020-01-24 09:31:11.036174,320.33,320.4,0,0.05000000000001137,0.05372281959387237,1,-1,0.5,9e-05
52,2020-01-24 09:31:12,N,AAPL,320.33,4.0,320.4,2.0,2.0,0.0,2020-01-24 09:31:12.033996,320.35,320.43,0,0.06999999999999318,0.049233576642450316,1,1,0.3333333333333333,9e-05
53,2020-01-24 09:31:13,N,AAPL,320.35,1.0,320.43,4.0,-9.0,2.0,2020-01-24 09:31:13.086595,320.46,320.5,1,0.07999999999998408,0.056188355599658735,1,1,-0.6,0.00122
54,2020-01-24 09:31:14,N,AAPL,320.46,4.0,320.5,25.0,2.0,24.0,2020-01-24 09:31:14.179277,320.58,320.6,1,0.040000000000020464,0.10228825074744918,1,-1,-0.7241379310344828,0.00122
55,2020-01-24 09:31:16,N,AAPL,320.58,4.0,320.6,1.0,2.0,-2.0,2020-01-24 09:31:16.880868,320.59,320.6,0,0.020000000000038654,0.08994492766305484,1,-1,0.6,0.00122
56,2020-01-24 09:31:17,N,AAPL,320.59,2.0,320.6,1.0,-2.0,0.0,2020-01-24 09:31:17.002299,320.65,320.7,1,0.010000000000047748,0.08520298047289998,1,-1,0.3333333333333333,0.00122
57,2020-01-24 09:31:19,N,AAPL,320.65,1.0,320.7,5.0,0.0,4.0,2020-01-24 09:31:19.834810,320.63,320.69,0,0.05000000000001137,0.09633608587955678,1,1,-0.6666666666666666,0.00122
58,2020-01-24 09:31:20,N,AAPL,320.63,3.0,320.69,2.0,2.0,-2.0,2020-01-24 09:31:20.147506,320.62,320.66,0,0.060000000000002274,0.09081678321689424,1,1,0.2,0.00122
59,2020-01-24 09:31:21,N,AAPL,320.62,1.0,320.66,1.0,-1.0,-3.0,2020-01-24 09:31:21.055614,320.6,320.64,0,0.040000000000020464,0.08988005050514403,1,-1,0.0,0.00122
60,2020-01-24 09:31:22,N,AAPL,320.6,2.0,320.64,2.0,-1.0,0.0,2020-01-24 09:31:22.059830,320.56,320.64,0,0.03999999999996362,0.0881137448054119,1,-1,0.0,0.00122
61,2020-01-24 09:31:23,N,AAPL,320.56,2.0,320.64,2.0,-1.0,-1.0,2020-01-24 09:31:23.058594,320.54,320.58,0,0.07999999999998408,0.08695945945953554,1,1,0.0,0.00122
62,2020-01-24 09:31:26,N,AAPL,320.54,2.0,320.58,4.0,0.0,-18.0,2020-01-24 09:31:26.362442,320.48,320.55,0,0.03999999999996362,0.08944347826093235,1,-1,-0.3333333333333333,0.00122
63,2020-01-24 09:31:27,N,AAPL,320.48,1.0,320.55,2.0,-1.0,0.0,2020-01-24 09:31:27.347714,320.48,320.54,0,0.06999999999999318,0.09068575090799413,1,1,-0.3333333333333333,0.00122
64,2020-01-24 09:31:28,N,AAPL,320.48,1.0,320.54,3.0,0.0,1.0,2020-01-24 09:31:28.000670,320.45,320.49,0,0.060000000000002274,0.09344298245616756,1,-1,-0.5,0.00122
65,2020-01-24 09:31:29,N,AAPL,320.45,2.0,320.49,2.0,1.0,-1.0,2020-01-24 09:31:29.049758,320.4,320.45,0,0.040000000000020464,0.09208642143198631,1,-1,0.0,0.00122
66,2020-01-24 09:31:31,N,AAPL,320.4,2.0,320.45,2.0,1.0,1.0,2020-01-24 09:31:31.037289,320.37,320.44,0,0.05000000000001137,0.09100471635446183,1,1,0.0,0.00122
67,2020-01-24 09:31:32,N,AAPL,320.37,2.0,320.44,2.0,1.0,1.0,2020-01-24 09:31:32.038217,320.42,320.48,0,0.06999999999999318,0.09023855890944787,1,1,0.0,0.00122
68,2020-01-24 09:31:33,N,AAPL,320.42,2.0,320.48,5.0,0.0,3.0,2020-01-24 09:31:33.411690,320.44,320.5,0,0.060000000000002274,0.092937500000005,1,-1,-0.42857142857142855,0.00122
69,2020-01-24 09:31:34,N,AAPL,320.44,2.0,320.5,2.0,-1.0,0.0,2020-01-24 09:31:34.432175,320.48,320.55,0,0.060000000000002274,0.09189524508008162,1,1,0.0,0.00122
70,2020-01-24 09:31:35,N,AAPL,320.48,1.0,320.55,13.0,-3.0,12.0,2020-01-24 09:31:35.991057,320.48,320.55,0,0.06999999999999318,0.1084634041946515,1,1,-0.8571428571428571,0.00122
71,2020-01-24 09:31:36,N,AAPL,320.48,4.0,320.55,13.0,0.0,0.0,2020-01-24 09:31:36.053130,320.53,320.56,0,0.06999999999999318,0.11709265679166947,1,1,-0.5294117647058824,0.00122
72,2020-01-24 09:31:37,N,AAPL,320.53,4.0,320.56,1.0,-24.0,-14.0,2020-01-24 09:31:37.040077,320.53,320.59,0,0.03000000000002956,0.10968334227123933,1,-1,0.6,0.00122
73,2020-01-24 09:31:38,N,AAPL,320.53,2.0,320.59,15.0,0.0,0.0,2020-01-24 09:31:38.124061,320.58,320.59,0,0.060000000000002274,0.12463920212263702,1,1,-0.7647058823529411,0.00122
74,2020-01-24 09:31:39,N,AAPL,320.58,3.0,320.59,10.0,1.0,-5.0,2020-01-24 09:31:39.921789,320.54,320.59,0,0.009999999999990905,0.12920409806730504,1,-1,-0.5384615384615384,0.00122
75,2020-01-24 09:31:40,N,AAPL,320.54,2.0,320.59,10.0,-5.0,0.0,2020-01-24 09:31:40.176372,320.56,320.59,0,0.049999999999954525,0.1357877936669638,1,1,-0.6666666666666666,0.00122
76,2020-01-24 09:31:41,N,AAPL,320.56,4.0,320.59,16.0,2.0,-1.0,2020-01-24 09:31:41.122766,320.63,320.68,1,0.029999999999972715,0.14295329670329693,1,-1,-0.6,0.00122
77,2020-01-24 09:31:42,N,AAPL,320.63,2.0,320.68,2.0,0.0,-2.0,2020-01-24 09:31:42.123399,320.59,320.66,0,0.05000000000001137,0.14064176688253838,1,1,0.0,0.00122
78,2020-01-24 09:31:43,N,AAPL,320.59,4.0,320.66,3.0,3.0,1.0,2020-01-24 09:31:43.036122,320.6,320.65,0,0.07000000000005002,0.13567693169090944,1,1,0.14285714285714285,0.00122
79,2020-01-24 09:31:44,N,AAPL,320.6,1.0,320.65,2.0,-1.0,0.0,2020-01-24 09:31:44.439219,320.65,320.7,0,0.049999999999954525,0.13574138598528407,1,-1,-0.3333333333333333,0.00122
80,2020-01-24 09:31:45,N,AAPL,320.65,2.0,320.7,3.0,0.0,1.0,2020-01-24 09:31:45.352502,320.67,320.73,0,0.05000000000001137,0.13479851958834388,1,1,-0.2,0.00122
81,2020-01-24 09:31:46,N,AAPL,320.67,1.0,320.73,4.0,-1.0,2.0,2020-01-24 09:31:46.110305,320.7,320.77,0,0.060000000000002274,0.13762329931967088,1,1,-0.6,0.00122
82,2020-01-24 09:31:47,N,AAPL,320.7,2.0,320.77,1.0,0.0,0.0,2020-01-24 09:31:47.050589,320.71,320.78,0,0.06999999999999318,0.13403669404152652,1,1,0.3333333333333333,0.00122
83,2020-01-24 09:31:48,N,AAPL,320.71,4.0,320.78,1.0,2.0,0.0,2020-01-24 09:31:48.021011,320.65,320.73,0,0.06999999999999318,0.12557330057330773,1,1,0.6,0.00122
84,2020-01-24 09:31:49,N,AAPL,320.65,3.0,320.73,2.0,2.0,-2.0,2020-01-24 09:31:49.095218,320.67,320.71,0,0.08000000000004093,0.12181508564566457,1,1,0.2,0.00122
85,2020-01-24 09:31:50,N,AAPL,320.67,1.0,320.71,1.0,-1.0,0.0,2020-01-24 09:31:50.019579,320.75,320.78,1,0.03999999999996362,0.12084439882119113,1,-1,0.0,0.00122
86,2020-01-24 09:31:52,N,AAPL,320.75,2.0,320.78,1.0,1.0,-1.0,2020-01-24 09:31:52.483524,320.76,320.79,0,0.029999999999972715,0.11722941176475388,1,-1,0.3333333333333333,0.00122
87,2020-01-24 09:31:53,N,AAPL,320.76,1.0,320.79,2.0,-1.0,1.0,2020-01-24 09:31:53.052348,320.81,320.85,1,0.03000000000002956,0.11755338394448245,1,1,-0.3333333333333333,0.00122
88,2020-01-24 09:31:55,N,AAPL,320.81,2.0,320.85,1.0,1.0,-1.0,2020-01-24 09:31:55.111842,320.85,320.87,0,0.040000000000020464,0.11370737073718828,1,1,0.3333333333333333,0.00122
89,2020-01-24 09:31:57,N,AAPL,320.85,4.0,320.87,2.0,2.0,1.0,2020-01-24 09:31:57.532472,320.76,320.81,-1,0.01999999999998181,0.105666692564796,1,-1,0.3333333333333333,0.00122
90,2020-01-24 09:31:58,N,AAPL,320.76,3.0,320.81,2.0,2.0,1.0,2020-01-24 09:31:58.028731,320.71,320.76,0,0.05000000000001137,0.10157051965063602,1,1,0.2,0.00122
91,2020-01-24 09:31:59,N,AAPL,320.71,1.0,320.76,4.0,-1.0,3.0,2020-01-24 09:31:59.395345,320.77,320.83,1,0.05000000000001137,0.10452448964338146,1,1,-0.6,0.00122
92,2020-01-24 09:32:00,N,AAPL,320.77,3.0,320.83,2.0,1.0,1.0,2020-01-24 09:32:00.112715,320.75,320.82,0,0.060000000000002274,0.10056511416604508,1,1,0.2,0.00122
93,2020-01-24 09:32:01,N,AAPL,320.75,1.0,320.82,2.0,-1.0,0.0,2020-01-24 09:32:01.190571,320.81,320.86,0,0.06999999999999318,0.10121200260937258,1,1,-0.3333333333333333,0.00144
94,2020-01-24 09:32:02,N,AAPL,320.81,2.0,320.86,2.0,1.0,-2.0,2020-01-24 09:32:02.091940,320.71,320.75,-1,0.05000000000001137,0.09943774355178903,1,-1,0.0,0.00144
95,2020-01-24 09:32:03,N,AAPL,320.71,1.0,320.75,3.0,0.0,1.0,2020-01-24 09:32:03.105913,320.64,320.69,-1,0.040000000000020464,0.10094904279281991,1,-1,-0.5,0.00144
96,2020-01-24 09:32:04,N,AAPL,320.64,1.0,320.69,3.0,-3.0,-1.0,2020-01-24 09:32:04.039642,320.68,320.72,0,0.05000000000001137,0.10217051465389204,1,1,-0.5,0.00144
97,2020-01-24 09:32:05,N,AAPL,320.68,2.0,320.72,2.0,1.0,-1.0,2020-01-24 09:32:05.616804,320.67,320.76,0,0.040000000000020464,0.10071794871799966,1,-1,0.0,0.00144
98,2020-01-24 09:32:06,N,AAPL,320.67,1.0,320.76,2.0,0.0,-2.0,2020-01-24 09:32:06.003944,320.71,320.76,0,0.08999999999997499,0.10129130470090786,1,1,-0.3333333333333333,0.00144
99,2020-01-24 09:32:07,N,AAPL,320.71,1.0,320.76,4.0,0.0,3.0,2020-01-24 09:32:07.135677,320.74,320.81,0,0.05000000000001137,0.10386653712561156,1,-1,-0.6,0.00144
100,2020-01-24 09:32:08,N,AAPL,320.74,3.0,320.81,3.0,-1.0,0.0,2020-01-24 09:32:08.038015,320.76,320.84,0,0.06999999999999318,0.10175813590211646,1,1,0.0,0.00144
101,2020-01-24 09:32:09,N,AAPL,320.76,4.0,320.84,2.0,2.0,0.0,2020-01-24 09:32:09.021700,320.71,320.76,0,0.07999999999998408,0.09652090964590343,1,1,0.3333333333333333,0.00144
102,2020-01-24 09:32:11,N,AAPL,320.71,3.0,320.76,3.0,-1.0,2.0,2020-01-24 09:32:11.063072,320.74,320.81,0,0.05000000000001137,0.09458347335794315,1,-1,0.0,0.00144
103,2020-01-24 09:32:13,N,AAPL,320.74,2.0,320.81,2.0,-1.0,-2.0,2020-01-24 09:32:13.511892,320.76,320.82,0,0.06999999999999318,0.09337415183006215,1,1,0.0,0.00144
104,2020-01-24 09:32:14,N,AAPL,320.76,1.0,320.82,2.0,-1.0,0.0,2020-01-24 09:32:14.050792,320.76,320.8,0,0.060000000000002274,0.09391508746358568,1,-1,-0.3333333333333333,0.00144
105,2020-01-24 09:32:15,N,AAPL,320.76,1.0,320.8,4.0,-1.0,2.0,2020-01-24 09:32:15.699854,320.72,320.77,0,0.040000000000020464,0.09654083011474768,1,-1,-0.6,0.00144
106,2020-01-24 09:32:16,N,AAPL,320.72,1.0,320.77,2.0,0.0,0.0,2020-01-24 09:32:16.093624,320.67,320.71,-1,0.049999999999954525,0.09691077221816613,1,1,-0.3333333333333333,0.00144
107,2020-01-24 09:32:17,N,AAPL,320.67,1.0,320.71,3.0,-3.0,1.0,2020-01-24 09:32:17.081564,320.62,320.71,0,0.03999999999996362,0.09795361017586401,1,-1,-0.5,0.00144
108,2020-01-24 09:32:18,N,AAPL,320.62,3.0,320.71,2.0,2.0,0.0,2020-01-24 09:32:18.024646,320.66,320.71,0,0.08999999999997499,0.09597629874605218,1,1,0.2,0.00144
109,2020-01-24 09:32:20,N,AAPL,320.66,1.0,320.71,4.0,0.0,0.0,2020-01-24 09:32:20.391866,320.66,320.71,0,0.049999999999954525,0.09782530025103142,1,-1,-0.6,0.00144
110,2020-01-24 09:32:21,N,AAPL,320.66,1.0,320.71,4.0,0.0,3.0,2020-01-24 09:32:21.104095,320.61,320.66,0,0.049999999999954525,0.0996145963285926,1,1,-0.6,0.00144
111,2020-01-24 09:32:22,N,AAPL,320.61,9.0,320.66,1.0,0.0,-3.0,2020-01-24 09:32:22.064651,320.61,320.63,0,0.05000000000001137,0.09047764521767476,1,1,0.8,0.00144
112,2020-01-24 09:32:23,N,AAPL,320.61,1.0,320.63,2.0,-1.0,1.0,2020-01-24 09:32:23.096256,320.64,320.68,1,0.01999999999998181,0.09052309652753365,1,-1,-0.3333333333333333,0.00144
113,2020-01-24 09:32:24,N,AAPL,320.64,2.0,320.68,2.0,1.0,-1.0,2020-01-24 09:32:24.188468,320.66,320.74,0,0.040000000000020464,0.08957912387336364,1,1,0.0,0.00144
114,2020-01-24 09:32:25,N,AAPL,320.66,1.0,320.74,2.0,0.0,-2.0,2020-01-24 09:32:25.010373,320.63,320.71,0,0.07999999999998408,0.09002896925517234,1,1,-0.3333333333333333,0.00144
115,2020-01-24 09:32:26,N,AAPL,320.63,11.0,320.71,2.0,0.0,-2.0,2020-01-24 09:32:26.002253,320.77,320.83,1,0.07999999999998408,0.07999831536392321,0,1,0.6923076923076923,0.00144
116,2020-01-24 09:32:27,N,AAPL,320.77,2.0,320.83,2.0,1.0,1.0,2020-01-24 09:32:27.677270,320.77,320.84,0,0.060000000000002274,0.07909072229512049,0,-1,0.0,0.00144
117,2020-01-24 09:32:28,N,AAPL,320.77,3.0,320.84,1.0,1.0,-1.0,2020-01-24 09:32:28.166544,320.79,320.83,0,0.06999999999999318,0.07572134597194236,0,1,0.5,0.00144
118,2020-01-24 09:32:29,N,AAPL,320.79,1.0,320.83,1.0,0.0,0.0,2020-01-24 09:32:29.039219,320.85,320.91,1,0.03999999999996362,0.07523002398085055,0,-1,0.0,0.00144
119,2020-01-24 09:32:30,N,AAPL,320.85,3.0,320.91,1.0,-2.0,-1.0,2020-01-24 09:32:30.123013,320.91,320.93,0,0.060000000000002274,0.0713083970621824,0,1,0.5,0.00144
120,2020-01-24 09:32:31,N,AAPL,320.91,2.0,320.93,2.0,1.0,0.0,2020-01-24 09:32:31.175904,320.9,320.94,0,0.01999999999998181,0.07007964552133217,0,-1,0.0,0.00144
121,2020-01-24 09:32:32,N,AAPL,320.9,5.0,320.94,4.0,3.0,3.0,2020-01-24 09:32:32.363294,320.9,320.93,0,0.040000000000020464,0.06614637870859497,1,1,0.1111111111111111,0.00144
122,2020-01-24 09:32:33,N,AAPL,320.9,1.0,320.93,4.0,-1.0,-16.0,2020-01-24 09:32:33.545853,320.85,320.88,-1,0.03000000000002956,0.06933377557061249,1,-1,-0.6,0.00144
123,2020-01-24 09:32:34,N,AAPL,320.85,2.0,320.88,4.0,0.0,3.0,2020-01-24 09:32:34.111131,320.9,320.95,1,0.029999999999972715,0.07050118953213769,0,-1,-0.3333333333333333,0.00144
124,2020-01-24 09:32:35,N,AAPL,320.9,2.0,320.95,2.0,0.0,1.0,2020-01-24 09:32:35.206600,320.88,320.95,0,0.05000000000001137,0.06951556731911523,0,1,0.0,0.00144
125,2020-01-24 09:32:36,N,AAPL,320.88,4.0,320.95,3.0,-4.0,-1.0,2020-01-24 09:32:36.018517,320.83,320.88,0,0.06999999999999318,0.06665567063038225,1,1,0.14285714285714285,0.00144
126,2020-01-24 09:32:37,N,AAPL,320.83,4.0,320.88,4.0,2.0,0.0,2020-01-24 09:32:37.117510,320.87,320.92,0,0.05000000000001137,0.06508189077345605,1,-1,0.0,0.00144
127,2020-01-24 09:32:38,N,AAPL,320.87,1.0,320.92,2.0,-2.0,-2.0,2020-01-24 09:32:38.510833,320.87,320.94,0,0.05000000000001137,0.06578660963486982,1,1,-0.3333333333333333,0.00144
128,2020-01-24 09:32:39,N,AAPL,320.87,2.0,320.94,4.0,0.0,2.0,2020-01-24 09:32:39.099343,320.87,320.93,0,0.06999999999999318,0.0673574561403143,1,1,-0.3333333333333333,0.00144
129,2020-01-24 09:32:40,N,AAPL,320.87,2.0,320.93,2.0,0.0,1.0,2020-01-24 09:32:40.014897,320.89,320.93,0,0.060000000000002274,0.0665740874563312,1,-1,0.0,0.00144
130,2020-01-24 09:32:41,N,AAPL,320.89,2.0,320.93,2.0,0.0,1.0,2020-01-24 09:32:41.388380,320.86,320.9,0,0.040000000000020464,0.06567816657661751,1,-1,0.0,0.00144
131,2020-01-24 09:32:42,N,AAPL,320.86,5.0,320.9,3.0,3.0,1.0,2020-01-24 09:32:42.252909,320.81,320.87,0,0.03999999999996362,0.061626523775487385,1,-1,0.25,0.00144
132,2020-01-24 09:32:43,N,AAPL,320.81,4.0,320.87,16.0,-3.0,14.0,2020-01-24 09:32:43.134587,320.78,320.8,-1,0.060000000000002274,0.07116151714370744,0,1,-0.6,0.00144
133,2020-01-24 09:32:44,N,AAPL,320.78,1.0,320.8,4.0,0.0,2.0,2020-01-24 09:32:44.426457,320.76,320.82,0,0.020000000000038654,0.07284372816212681,0,-1,-0.6,0.00144
134,2020-01-24 09:32:45,N,AAPL,320.76,9.0,320.82,2.0,0.0,0.0,2020-01-24 09:32:45.871633,320.77,320.82,0,0.060000000000002274,0.06518884144367121,1,1,0.6363636363636364,0.00144
135,2020-01-24 09:32:46,N,AAPL,320.77,4.0,320.82,2.0,3.0,0.0,2020-01-24 09:32:46.004327,320.77,320.82,0,0.05000000000001137,0.06262735940578068,1,-1,0.3333333333333333,0.00144
136,2020-01-24 09:32:47,N,AAPL,320.77,2.0,320.82,1.0,-7.0,-1.0,2020-01-24 09:32:47.221033,320.79,320.85,0,0.05000000000001137,0.06137780801407189,1,1,0.3333333333333333,0.00144
137,2020-01-24 09:32:48,N,AAPL,320.79,2.0,320.85,3.0,0.0,0.0,2020-01-24 09:32:48.106021,320.8,320.85,0,0.060000000000002274,0.06166214382636781,1,1,-0.2,0.00144
138,2020-01-24 09:32:49,N,AAPL,320.8,1.0,320.85,11.0,-2.0,10.0,2020-01-24 09:32:49.706252,320.81,320.86,0,0.05000000000001137,0.0689646684616605,1,-1,-0.8333333333333334,0.00144
139,2020-01-24 09:32:50,N,AAPL,320.81,4.0,320.86,4.0,3.0,-8.0,2020-01-24 09:32:50.701669,320.83,320.87,0,0.05000000000001137,0.06771784098265243,1,1,0.0,0.00144
140,2020-01-24 09:32:51,N,AAPL,320.83,5.0,320.87,42.0,0.0,1.0,2020-01-24 09:32:51.122422,320.8,320.85,0,0.040000000000020464,0.09190884437066416,1,-1,-0.7872340425531915,0.00343
141,2020-01-24 09:32:52,N,AAPL,320.8,6.0,320.85,1.0,-2.0,0.0,2020-01-24 09:32:52.138480,320.76,320.81,0,0.05000000000001137,0.08664298218525346,1,1,0.7142857142857143,0.00343
142,2020-01-24 09:32:53,N,AAPL,320.76,5.0,320.81,2.0,4.0,0.0,2020-01-24 09:32:53.069275,320.8,320.87,0,0.05000000000001137,0.08350696629224785,1,1,0.42857142857142855,0.00343
143,2020-01-24 09:32:54,N,AAPL,320.8,4.0,320.87,50.0,2.0,48.0,2020-01-24 09:32:54.006419,320.85,320.87,0,0.06999999999999318,0.10888585858589295,1,1,-0.8518518518518519,0.00343
144,2020-01-24 09:32:55,N,AAPL,320.85,1.0,320.87,88.0,0.0,31.0,2020-01-24 09:32:55.136803,320.88,320.93,1,0.01999999999998181,0.14794935697602796,1,-1,-0.9775280898876404,0.00343
145,2020-01-24 09:32:56,N,AAPL,320.88,2.0,320.93,1.0,1.0,-3.0,2020-01-24 09:32:56.348705,320.89,320.94,0,0.05000000000001137,0.14618399099839507,1,1,0.3333333333333333,0.00343
146,2020-01-24 09:32:57,N,AAPL,320.89,2.0,320.94,1.0,0.0,-2.0,2020-01-24 09:32:57.384962,320.91,320.96,0,0.05000000000001137,0.14440261130141607,1,1,0.3333333333333333,0.00343
147,2020-01-24 09:32:58,N,AAPL,320.91,2.0,320.96,4.0,1.0,1.0,2020-01-24 09:32:58.007268,320.89,320.93,0,0.049999999999954525,0.1441468935637431,1,-1,-0.3333333333333333,0.00343
148,2020-01-24 09:32:59,N,AAPL,320.89,2.0,320.93,2.0,0.0,0.0,2020-01-24 09:32:59.413630,320.89,320.95,0,0.040000000000020464,0.1428674687675766,1,-1,0.0,0.00343
149,2020-01-24 09:33:00,N,AAPL,320.89,1.0,320.95,3.0,0.0,1.0,2020-01-24 09:33:00.011974,320.78,320.82,-1,0.060000000000002274,0.14327064506727538,1,1,-0.5,0.00343
150,2020-01-24 09:33:03,N,AAPL,320.78,5.0,320.82,2.0,3.0,-1.0,2020-01-24 09:33:03.089081,320.81,320.85,0,0.040000000000020464,0.13989112135180903,1,-1,0.42857142857142855,0.00343
151,2020-01-24 09:33:04,N,AAPL,320.81,6.0,320.85,2.0,5.0,0.0,2020-01-24 09:33:04.744193,320.84,320.91,0,0.040000000000020464,0.1354694062936801,1,1,0.5,0.00343
152,2020-01-24 09:33:05,N,AAPL,320.84,3.0,320.91,1.0,-1.0,-1.0,2020-01-24 09:33:05.238647,320.87,320.92,0,0.07000000000005002,0.13317421636094195,1,1,0.5,0.00343
153,2020-01-24 09:33:06,N,AAPL,320.87,4.0,320.92,1.0,2.0,0.0,2020-01-24 09:33:06.036659,320.91,320.95,0,0.05000000000001137,0.12973959235074517,1,-1,0.6,0.00343
154,2020-01-24 09:33:07,N,AAPL,320.91,2.0,320.95,4.0,0.0,2.0,2020-01-24 09:33:07.473731,320.95,320.97,0,0.03999999999996362,0.1295835181510938,1,-1,-0.3333333333333333,0.00343
155,2020-01-24 09:33:09,N,AAPL,320.95,1.0,320.97,2.0,-1.0,-2.0,2020-01-24 09:33:09.491866,320.96,320.99,0,0.020000000000038654,0.12946291560109557,1,-1,-0.3333333333333333,0.00343
156,2020-01-24 09:33:10,N,AAPL,320.96,2.0,320.99,4.0,0.0,0.0,2020-01-24 09:33:10.689803,320.95,321.0,0,0.03000000000002956,0.12929009546775205,1,1,-0.3333333333333333,0.00343
157,2020-01-24 09:33:11,N,AAPL,320.95,1.0,321.0,152.0,0.0,148.0,2020-01-24 09:33:11.519968,320.91,320.95,0,0.05000000000001137,0.19658960291769745,1,1,-0.9869281045751634,0.00494
158,2020-01-24 09:33:12,N,AAPL,320.91,1.0,320.95,1.0,-3.0,-3.0,2020-01-24 09:33:12.020702,320.87,320.91,0,0.03999999999996362,0.1958666707932366,1,-1,0.0,0.00494
159,2020-01-24 09:33:13,N,AAPL,320.87,1.0,320.91,1.0,-1.0,-1.0,2020-01-24 09:33:13.025239,320.86,320.93,0,0.040000000000020464,0.19520035520037027,1,1,0.0,0.00494
160,2020-01-24 09:33:14,N,AAPL,320.86,2.0,320.93,2.0,-2.0,1.0,2020-01-24 09:33:14.136911,320.82,320.87,0,0.06999999999999318,0.19397872431585483,1,1,0.0,0.00494
161,2020-01-24 09:33:16,N,AAPL,320.82,9.0,320.87,1.0,1.0,0.0,2020-01-24 09:33:16.513565,320.82,320.89,0,0.05000000000001137,0.18727840647551375,1,-1,0.8,0.00494
162,2020-01-24 09:33:17,N,AAPL,320.82,6.0,320.89,1.0,1.0,-1.0,2020-01-24 09:33:17.074441,320.93,320.96,1,0.06999999999999318,0.18307076513906395,1,1,0.7142857142857143,0.00494
163,2020-01-24 09:33:18,N,AAPL,320.93,1.0,320.96,2.0,-6.0,0.0,2020-01-24 09:33:18.242320,320.92,320.96,0,0.029999999999972715,0.1827032938076627,1,-1,-0.3333333333333333,0.00494
164,2020-01-24 09:33:19,N,AAPL,320.92,4.0,320.96,1.0,0.0,-1.0,2020-01-24 09:33:19.030775,320.92,320.98,0,0.03999999999996362,0.179187645539173,1,1,0.6,0.00494
165,2020-01-24 09:33:20,N,AAPL,320.92,6.0,320.98,2.0,2.0,1.0,2020-01-24 09:33:20.216399,320.9,320.93,0,0.060000000000002274,0.1742513216663042,1,1,0.5,0.00494
166,2020-01-24 09:33:21,N,AAPL,320.9,2.0,320.93,2.0,0.0,0.0,2020-01-24 09:33:21.344480,320.84,320.89,-1,0.03000000000002956,0.1730570733639638,1,-1,0.0,0.00494
167,2020-01-24 09:33:22,N,AAPL,320.84,3.0,320.89,1.0,1.0,0.0,2020-01-24 09:33:22.339347,320.85,320.89,0,0.05000000000001137,0.1711214056702488,1,1,0.5,0.00494
168,2020-01-24 09:33:23,N,AAPL,320.85,1.0,320.89,1.0,-2.0,0.0,2020-01-24 09:33:23.440149,320.89,320.91,0,0.03999999999996362,0.17060806127022943,1,-1,0.0,0.00494
169,2020-01-24 09:33:24,N,AAPL,320.89,1.0,320.91,2.0,-2.0,-1.0,2020-01-24 09:33:24.524196,320.87,320.91,0,0.020000000000038654,0.1702746109377813,1,-1,-0.3333333333333333,0.00494
170,2020-01-24 09:33:25,N,AAPL,320.87,2.0,320.91,2.0,0.0,0.0,2020-01-24 09:33:25.401071,320.91,320.93,0,0.040000000000020464,0.16921696299340283,1,1,0.0,0.00494
171,2020-01-24 09:33:26,N,AAPL,320.91,4.0,320.93,7.0,0.0,5.0,2020-01-24 09:33:26.188631,320.89,320.92,0,0.01999999999998181,0.1676605834562679,1,-1,-0.2727272727272727,0.00494
172,2020-01-24 09:33:27,N,AAPL,320.89,3.0,320.92,2.0,2.0,-5.0,2020-01-24 09:33:27.496569,320.86,320.88,-1,0.03000000000002956,0.16577649273813222,1,1,0.2,0.00494
173,2020-01-24 09:33:30,N,AAPL,320.86,4.0,320.88,1.0,-5.0,-1.0,2020-01-24 09:33:30.368835,320.85,320.9,0,0.01999999999998181,0.16311769216036964,1,-1,0.6,0.00494
174,2020-01-24 09:33:31,N,AAPL,320.85,9.0,320.9,2.0,-1.0,0.0,2020-01-24 09:33:31.366081,320.83,320.89,0,0.049999999999954525,0.15751379690959766,1,1,0.6363636363636364,0.00494
175,2020-01-24 09:33:32,N,AAPL,320.83,6.0,320.89,2.0,0.0,1.0,2020-01-24 09:33:32.089833,320.84,320.88,0,0.060000000000002274,0.15429629629625197,1,1,0.5,0.00494
176,2020-01-24 09:33:33,N,AAPL,320.84,1.0,320.88,2.0,-5.0,0.0,2020-01-24 09:33:33.497192,320.84,320.87,0,0.040000000000020464,0.15407746478871331,1,-1,-0.3333333333333333,0.00494
177,2020-01-24 09:33:34,N,AAPL,320.84,9.0,320.87,4.0,-1.0,2.0,2020-01-24 09:33:34.141084,320.83,320.87,0,0.03000000000002956,0.14936761453083136,1,-1,0.38461538461538464,0.00494
178,2020-01-24 09:33:35,N,AAPL,320.83,6.0,320.87,2.0,4.0,0.0,2020-01-24 09:33:35.896490,320.83,320.89,0,0.040000000000020464,0.14634140596240286,1,1,0.5,0.00546
179,2020-01-24 09:33:36,N,AAPL,320.83,6.0,320.89,3.0,0.0,1.0,2020-01-24 09:33:36.034800,320.88,320.9,0,0.060000000000002274,0.14365252414023644,1,1,0.3333333333333333,0.00546
180,2020-01-24 09:33:38,N,AAPL,320.88,4.0,320.9,1.0,-5.0,-1.0,2020-01-24 09:33:38.537826,320.9,320.93,0,0.01999999999998181,0.14129550075341513,1,-1,0.6,0.00546
181,2020-01-24 09:33:39,N,AAPL,320.9,1.0,320.93,3.0,0.0,2.0,2020-01-24 09:33:39.822343,320.89,320.93,0,0.03000000000002956,0.14137465210870914,1,1,-0.5,0.00546
182,2020-01-24 09:33:40,N,AAPL,320.89,1.0,320.93,6.0,-1.0,0.0,2020-01-24 09:33:40.004831,320.84,320.87,-1,0.040000000000020464,0.1422191207914807,1,1,-0.7142857142857143,0.00546
183,2020-01-24 09:33:41,N,AAPL,320.84,10.0,320.87,4.0,8.0,0.0,2020-01-24 09:33:41.016880,320.87,320.91,0,0.03000000000002956,0.13753239436613285,1,-1,0.42857142857142855,0.00546
184,2020-01-24 09:33:43,N,AAPL,320.87,2.0,320.91,1.0,-1.0,-3.0,2020-01-24 09:33:43.080710,320.82,320.84,-1,0.040000000000020464,0.13658113029703145,1,1,0.3333333333333333,0.00546
185,2020-01-24 09:33:44,N,AAPL,320.82,2.0,320.84,2.0,0.0,0.0,2020-01-24 09:33:44.460547,320.76,320.79,-1,0.01999999999998181,0.13590102255614056,1,-1,0.0,0.00546
186,2020-01-24 09:33:45,N,AAPL,320.76,2.0,320.79,2.0,1.0,0.0,2020-01-24 09:33:45.334978,320.69,320.75,-1,0.03000000000002956,0.13535222754376264,1,1,0.0,0.00546
187,2020-01-24 09:33:46,N,AAPL,320.69,2.0,320.75,2.0,0.0,0.0,2020-01-24 09:33:46.055665,320.7,320.75,0,0.060000000000002274,0.13499488112069002,1,1,0.0,0.00546
188,2020-01-24 09:33:47,N,AAPL,320.7,2.0,320.75,1.0,1.0,-1.0,2020-01-24 09:33:47.217985,320.74,320.79,0,0.05000000000001137,0.13456193137517403,1,-1,0.3333333333333333,0.00546
189,2020-01-24 09:33:48,N,AAPL,320.74,3.0,320.79,2.0,1.0,0.0,2020-01-24 09:33:48.305537,320.74,320.78,0,0.05000000000001137,0.13379395147882178,1,1,0.2,0.00546
190,2020-01-24 09:33:49,N,AAPL,320.74,3.0,320.78,2.0,1.0,0.0,2020-01-24 09:33:49.047758,320.77,320.83,0,0.03999999999996362,0.13301361885226015,1,-1,0.2,0.00546
191,2020-01-24 09:33:50,N,AAPL,320.77,4.0,320.83,3.0,2.0,1.0,2020-01-24 09:33:50.128806,320.77,320.82,0,0.060000000000002274,0.13194934040387807,1,1,0.14285714285714285,0.00546
192,2020-01-24 09:33:51,N,AAPL,320.77,3.0,320.82,2.0,2.0,0.0,2020-01-24 09:33:51.063107,320.76,320.79,0,0.05000000000001137,0.13110977923429346,1,-1,0.2,0.00546
193,2020-01-24 09:33:52,N,AAPL,320.76,2.0,320.79,1.0,1.0,-1.0,2020-01-24 09:33:52.106462,320.74,320.79,0,0.03000000000002956,0.1305223899809107,1,-1,0.3333333333333333,0.00546
194,2020-01-24 09:33:53,N,AAPL,320.74,4.0,320.79,2.0,3.0,0.0,2020-01-24 09:33:53.813633,320.72,320.76,0,0.05000000000001137,0.12951443380006822,1,1,0.3333333333333333,0.00546
195,2020-01-24 09:33:54,N,AAPL,320.72,11.0,320.76,2.0,7.0,0.0,2020-01-24 09:33:54.289127,320.78,320.81,1,0.03999999999996362,0.1268865803455128,1,-1,0.6923076923076923,0.00546
196,2020-01-24 09:33:55,N,AAPL,320.78,2.0,320.81,2.0,0.0,1.0,2020-01-24 09:33:55.343463,320.79,320.83,0,0.03000000000002956,0.12638827722423684,1,-1,0.0,0.00546
197,2020-01-24 09:33:57,N,AAPL,320.79,1.0,320.83,4.0,-1.0,2.0,2020-01-24 09:33:57.353027,320.8,320.84,0,0.03999999999996362,0.12652011812485853,1,1,-0.6,0.00546
198,2020-01-24 09:33:58,N,AAPL,320.8,1.0,320.84,4.0,-2.0,3.0,2020-01-24 09:33:58.344128,320.84,320.88,0,0.03999999999996362,0.12667451960220433,1,1,-0.6,0.00546
199,2020-01-24 09:34:00,N,AAPL,320.84,2.0,320.88,2.0,1.0,1.0,2020-01-24 09:34:00.321626,320.81,320.85,0,0.040000000000020464,0.12611478827454903,1,1,0.0,0.00546
200,2020-01-24 09:34:01,N,AAPL,320.81,9.0,320.85,1.0,3.0,-1.0,2020-01-24 09:34:01.119289,320.79,320.81,0,0.040000000000020464,0.12270660136971401,1,1,0.8,0.00546
201,2020-01-24 09:34:02,N,AAPL,320.79,6.0,320.81,4.0,-3.0,3.0,2020-01-24 09:34:02.064983,320.74,320.77,-1,0.01999999999998181,0.12101777997389718,1,-1,0.2,0.00546
202,2020-01-24 09:34:03,N,AAPL,320.74,3.0,320.77,2.0,1.0,0.0,2020-01-24 09:34:03.315170,320.73,320.76,0,0.029999999999972715,0.12036886330560037,1,1,0.2,0.00546
203,2020-01-24 09:34:05,N,AAPL,320.73,3.0,320.76,4.0,0.0,3.0,2020-01-24 09:34:05.115595,320.7,320.75,0,0.029999999999972715,0.11984821153259873,1,1,-0.14285714285714285,0.00546
204,2020-01-24 09:34:06,N,AAPL,320.7,5.0,320.75,2.0,0.0,-2.0,2020-01-24 09:34:06.014461,320.67,320.72,0,0.05000000000001137,0.11902948431054483,1,1,0.42857142857142855,0.00546
205,2020-01-24 09:34:07,N,AAPL,320.67,2.0,320.72,2.0,-3.0,-2.0,2020-01-24 09:34:07.683090,320.64,320.69,0,0.05000000000001137,0.11878649517444728,1,1,0.0,0.00546
206,2020-01-24 09:34:08,N,AAPL,320.64,3.0,320.69,2.0,1.0,1.0,2020-01-24 09:34:08.329420,320.61,320.64,0,0.05000000000001137,0.11851622880624291,1,1,0.2,0.00546
207,2020-01-24 09:34:09,N,AAPL,320.61,1.0,320.64,4.0,-1.0,2.0,2020-01-24 09:34:09.072538,320.6,320.61,0,0.029999999999972715,0.11815979429644585,1,-1,-0.6,0.00546
208,2020-01-24 09:34:10,N,AAPL,320.6,2.0,320.61,4.0,1.0,3.0,2020-01-24 09:34:10.102182,320.6,320.66,0,0.009999999999990905,0.11769614301249476,1,-1,-0.3333333333333333,0.00546
209,2020-01-24 09:34:11,N,AAPL,320.6,2.0,320.66,3.0,0.0,-4.0,2020-01-24 09:34:11.046149,320.67,320.7,1,0.060000000000002274,0.11751155250556167,1,1,-0.2,0.00546
210,2020-01-24 09:34:12,N,AAPL,320.67,4.0,320.7,2.0,2.0,-5.0,2020-01-24 09:34:12.753790,320.7,320.74,0,0.029999999999972715,0.11699651284072843,1,-1,0.3333333333333333,0.00546
211,2020-01-24 09:34:13,N,AAPL,320.7,2.0,320.74,1.0,-2.0,-1.0,2020-01-24 09:34:13.747182,320.7,320.74,0,0.040000000000020464,0.11668148754318963,1,1,0.3333333333333333,0.00546
212,2020-01-24 09:34:14,N,AAPL,320.7,2.0,320.74,1.0,-2.0,0.0,2020-01-24 09:34:14.003162,320.74,320.78,0,0.040000000000020464,0.1163687186236757,1,1,0.3333333333333333,0.00546
213,2020-01-24 09:34:15,N,AAPL,320.74,1.0,320.78,3.0,0.0,1.0,2020-01-24 09:34:15.013431,320.73,320.77,0,0.03999999999996362,0.11633034993661795,1,-1,-0.5,0.00546
214,2020-01-24 09:34:16,N,AAPL,320.73,2.0,320.77,2.0,0.0,1.0,2020-01-24 09:34:16.094329,320.66,320.72,-1,0.03999999999996362,0.1160055899953818,1,1,0.0,0.00546
215,2020-01-24 09:34:17,N,AAPL,320.66,2.0,320.72,3.0,0.0,1.0,2020-01-24 09:34:17.040311,320.66,320.72,0,0.060000000000002274,0.11581602611568087,1,1,-0.2,0.00546
216,2020-01-24 09:34:18,N,AAPL,320.66,7.0,320.72,2.0,6.0,0.0,2020-01-24 09:34:18.606517,320.73,320.79,1,0.060000000000002274,0.11514809997032671,1,1,0.5555555555555556,0.00546
217,2020-01-24 09:34:19,N,AAPL,320.73,3.0,320.79,3.0,1.0,1.0,2020-01-24 09:34:19.596727,320.72,320.75,0,0.060000000000002274,0.11474156724267459,1,1,0.0,0.00546
218,2020-01-24 09:34:20,N,AAPL,320.72,2.0,320.75,1.0,0.0,-1.0,2020-01-24 09:34:20.604478,320.75,320.79,0,0.029999999999972715,0.11438986165529741,1,-1,0.3333333333333333,0.00546
219,2020-01-24 09:34:21,N,AAPL,320.75,4.0,320.79,2.0,-2.0,0.0,2020-01-24 09:34:21.067347,320.8,320.84,1,0.040000000000020464,0.11358006104603646,1,1,0.3333333333333333,0.00546
220,2020-01-24 09:34:22,N,AAPL,320.8,1.0,320.84,2.0,-1.0,1.0,2020-01-24 09:34:22.199266,320.79,320.84,0,0.03999999999996362,0.11351299845387075,1,-1,-0.3333333333333333,0.00546
221,2020-01-24 09:34:23,N,AAPL,320.79,2.0,320.84,2.0,1.0,1.0,2020-01-24 09:34:23.070383,320.79,320.84,0,0.049999999999954525,0.11316088498927002,1,1,0.0,0.00546
222,2020-01-24 09:34:24,N,AAPL,320.79,2.0,320.84,1.0,0.0,0.0,2020-01-24 09:34:24.012230,320.79,320.85,0,0.049999999999954525,0.1126864403618697,1,1,0.3333333333333333,0.00546
223,2020-01-24 09:34:25,N,AAPL,320.79,2.0,320.85,4.0,0.0,2.0,2020-01-24 09:34:25.024086,320.87,320.91,1,0.060000000000002274,0.11263116699484499,1,1,-0.3333333333333333,0.00546
224,2020-01-24 09:34:26,N,AAPL,320.87,2.0,320.91,2.0,-2.0,-2.0,2020-01-24 09:34:26.110552,320.85,320.89,0,0.040000000000020464,0.11217235155447725,1,-1,0.0,0.00546
225,2020-01-24 09:34:27,N,AAPL,320.85,8.0,320.89,4.0,5.0,3.0,2020-01-24 09:34:27.058280,320.86,320.91,0,0.03999999999996362,0.1097750946502174,1,-1,0.3333333333333333,0.00546
226,2020-01-24 09:34:28,N,AAPL,320.86,2.0,320.91,2.0,-5.0,0.0,2020-01-24 09:34:28.011471,320.86,320.9,0,0.05000000000001137,0.10936968845481942,1,1,0.0,0.00598
227,2020-01-24 09:34:29,N,AAPL,320.86,1.0,320.9,2.0,-1.0,0.0,2020-01-24 09:34:29.691816,320.86,320.9,0,0.03999999999996362,0.10934080348755515,1,-1,-0.3333333333333333,0.00598
228,2020-01-24 09:34:31,N,AAPL,320.86,1.0,320.9,2.0,0.0,0.0,2020-01-24 09:34:31.297547,320.86,320.91,0,0.03999999999996362,0.10931167724925217,1,1,-0.3333333333333333,0.00598
229,2020-01-24 09:34:32,N,AAPL,320.86,2.0,320.91,2.0,-5.0,0.0,2020-01-24 09:34:32.040107,320.91,320.93,0,0.05000000000001137,0.10891165626316024,1,1,0.0,0.00598
230,2020-01-24 09:34:34,N,AAPL,320.91,2.0,320.93,1.0,-4.0,-1.0,2020-01-24 09:34:34.059379,320.94,320.96,1,0.01999999999998181,0.10818673275656465,1,-1,0.3333333333333333,0.00598
231,2020-01-24 09:34:36,N,AAPL,320.94,2.0,320.96,2.0,0.0,1.0,2020-01-24 09:34:36.953210,320.89,320.91,-1,0.01999999999998181,0.10764444373239712,1,1,0.0,0.00598
232,2020-01-24 09:34:37,N,AAPL,320.89,1.0,320.91,4.0,-9.0,1.0,2020-01-24 09:34:37.484492,320.88,320.92,0,0.020000000000038654,0.10796988205157731,1,1,-0.6,0.00598
233,2020-01-24 09:34:38,N,AAPL,320.88,4.0,320.92,2.0,3.0,-2.0,2020-01-24 09:34:38.247984,320.85,320.87,-1,0.040000000000020464,0.10671639598086813,1,1,0.3333333333333333,0.00598
234,2020-01-24 09:34:39,N,AAPL,320.85,7.0,320.87,4.0,5.0,2.0,2020-01-24 09:34:39.390216,320.85,320.9,0,0.01999999999998181,0.10478935235988729,1,-1,0.2727272727272727,0.00598
235,2020-01-24 09:34:40,N,AAPL,320.85,7.0,320.9,2.0,0.0,0.0,2020-01-24 09:34:40.222835,320.84,320.87,0,0.049999999999954525,0.10268137322691473,0,1,0.5555555555555556,0.00598
236,2020-01-24 09:34:41,N,AAPL,320.84,1.0,320.87,1.0,-10.0,-1.0,2020-01-24 09:34:41.338459,320.86,320.87,0,0.03000000000002956,0.10249478831354963,0,-1,0.0,0.00598
237,2020-01-24 09:34:43,N,AAPL,320.86,2.0,320.87,2.0,1.0,1.0,2020-01-24 09:34:43.473107,320.86,320.88,0,0.009999999999990905,0.10206289290903214,0,-1,0.0,0.00598
238,2020-01-24 09:34:45,N,AAPL,320.86,1.0,320.88,2.0,-1.0,1.0,2020-01-24 09:34:45.118002,320.82,320.86,0,0.01999999999998181,0.10201224924009011,0,1,-0.3333333333333333,0.00598
239,2020-01-24 09:34:46,N,AAPL,320.82,4.0,320.86,4.0,2.0,3.0,2020-01-24 09:34:46.225719,320.84,320.87,0,0.040000000000020464,0.10136189381444183,0,1,0.0,0.00598
240,2020-01-24 09:34:47,N,AAPL,320.84,2.0,320.87,1.0,0.0,0.0,2020-01-24 09:34:47.042393,320.82,320.85,0,0.03000000000002956,0.10085771443982594,0,-1,0.3333333333333333,0.00598
241,2020-01-24 09:34:49,N,AAPL,320.82,4.0,320.85,4.0,2.0,3.0,2020-01-24 09:34:49.551198,320.81,320.86,0,0.03000000000002956,0.10018398782216309,0,1,0.0,0.00598
242,2020-01-24 09:34:50,N,AAPL,320.81,9.0,320.86,7.0,5.0,3.0,2020-01-24 09:34:50.013886,320.75,320.77,-1,0.05000000000001137,0.098666593005305,0,1,0.125,0.00598
243,2020-01-24 09:34:51,N,AAPL,320.75,1.0,320.77,1.0,-7.0,-1.0,2020-01-24 09:34:51.149179,320.73,320.76,0,0.01999999999998181,0.09852999016720787,0,-1,0.0,0.00598
244,2020-01-24 09:34:52,N,AAPL,320.73,1.0,320.76,4.0,-1.0,3.0,2020-01-24 09:34:52.027802,320.73,320.77,0,0.029999999999972715,0.0985068351078553,0,1,-0.6,0.00598
245,2020-01-24 09:34:53,N,AAPL,320.73,2.0,320.77,4.0,0.0,2.0,2020-01-24 09:34:53.033257,320.74,320.78,0,0.03999999999996362,0.09837525876588415,0,1,-0.3333333333333333,0.00598
246,2020-01-24 09:34:54,N,AAPL,320.74,3.0,320.78,2.0,2.0,1.0,2020-01-24 09:34:54.018047,320.73,320.8,0,0.03999999999996362,0.09799358832009375,0,1,0.2,0.00598
247,2020-01-24 09:34:55,N,AAPL,320.73,2.0,320.8,3.0,0.0,0.0,2020-01-24 09:34:55.232348,320.75,320.8,0,0.06999999999999318,0.09791177219858582,0,1,-0.2,0.00598
248,2020-01-24 09:34:56,N,AAPL,320.75,4.0,320.8,2.0,0.0,1.0,2020-01-24 09:34:56.142986,320.75,320.8,0,0.05000000000001137,0.09735920121340769,0,-1,0.3333333333333333,0.00598
249,2020-01-24 09:34:57,N,AAPL,320.75,1.0,320.8,4.0,-3.0,2.0,2020-01-24 09:34:57.432157,320.8,320.84,0,0.05000000000001137,0.0974622280954236,0,1,-0.6,0.00598
250,2020-01-24 09:34:58,N,AAPL,320.8,1.0,320.84,4.0,0.0,2.0,2020-01-24 09:34:58.259662,320.85,320.88,1,0.03999999999996362,0.09764523121395996,0,-1,-0.6,0.00598
251,2020-01-24 09:35:00,N,AAPL,320.85,2.0,320.88,4.0,0.0,3.0,2020-01-24 09:35:00.057676,320.84,320.88,0,0.029999999999972715,0.09759308026104918,0,-1,-0.3333333333333333,0.00598
252,2020-01-24 09:35:01,N,AAPL,320.84,5.0,320.88,1.0,3.0,0.0,2020-01-24 09:35:01.084196,320.8,320.85,0,0.040000000000020464,0.09625293823722814,0,1,0.6666666666666666,0.00598
253,2020-01-24 09:35:02,N,AAPL,320.8,5.0,320.85,4.0,3.0,2.0,2020-01-24 09:35:02.031452,320.83,320.88,0,0.05000000000001137,0.09553087626755996,0,1,0.1111111111111111,0.00598
254,2020-01-24 09:35:03,N,AAPL,320.83,2.0,320.88,1.0,0.0,-1.0,2020-01-24 09:35:03.420474,320.89,320.91,1,0.05000000000001137,0.09512132739791923,0,1,0.3333333333333333,0.00598
255,2020-01-24 09:35:04,N,AAPL,320.89,2.0,320.91,2.0,-1.0,1.0,2020-01-24 09:35:04.510842,320.89,320.93,0,0.020000000000038654,0.09474372193943736,0,-1,0.0,0.00598
256,2020-01-24 09:35:05,N,AAPL,320.89,2.0,320.93,4.0,0.0,3.0,2020-01-24 09:35:05.169743,320.86,320.9,0,0.040000000000020464,0.09478246372174226,0,1,-0.3333333333333333,0.00598
257,2020-01-24 09:35:06,N,AAPL,320.86,2.0,320.9,2.0,1.0,-1.0,2020-01-24 09:35:06.104480,320.85,320.9,0,0.03999999999996362,0.09447428368133615,0,-1,0.0,0.00598
258,2020-01-24 09:35:07,N,AAPL,320.85,1.0,320.9,4.0,-3.0,0.0,2020-01-24 09:35:07.004239,320.92,320.94,1,0.049999999999954525,0.09480821599407818,0,1,-0.6,0.00598
259,2020-01-24 09:35:09,N,AAPL,320.92,1.0,320.94,5.0,-2.0,3.0,2020-01-24 09:35:09.607395,320.91,320.94,0,0.01999999999998181,0.09538358548667247,0,-1,-0.6666666666666666,0.00598
260,2020-01-24 09:35:10,N,AAPL,320.91,4.0,320.94,4.0,2.0,2.0,2020-01-24 09:35:10.123568,320.98,321.0,1,0.029999999999972715,0.09464099102962109,0,1,0.0,0.00598
261,2020-01-24 09:35:11,N,AAPL,320.98,8.0,321.0,155.0,6.0,153.0,2020-01-24 09:35:11.331320,320.93,320.98,0,0.01999999999998181,0.12443344163870051,1,-1,-0.901840490797546,0.00598
262,2020-01-24 09:35:12,N,AAPL,320.93,2.0,320.98,4.0,0.0,3.0,2020-01-24 09:35:12.172168,320.94,320.99,0,0.05000000000001137,0.12433583489678313,1,1,-0.3333333333333333,0.00903
263,2020-01-24 09:35:13,N,AAPL,320.94,2.0,320.99,4.0,1.0,-125.0,2020-01-24 09:35:13.107324,320.95,321.0,0,0.05000000000001137,0.12424308962948771,1,1,-0.3333333333333333,0.00903
264,2020-01-24 09:35:14,N,AAPL,320.95,1.0,321.0,127.0,0.0,125.0,2020-01-24 09:35:14.008846,320.93,320.97,0,0.05000000000001137,0.14531959782527792,1,1,-0.984375,0.00903
265,2020-01-24 09:35:15,N,AAPL,320.93,3.0,320.97,2.0,2.0,0.0,2020-01-24 09:35:15.503528,320.95,320.98,0,0.040000000000020464,0.1444206060920692,1,-1,0.2,0.00903
266,2020-01-24 09:35:16,N,AAPL,320.95,2.0,320.98,4.0,-1.0,2.0,2020-01-24 09:35:16.235549,320.95,320.98,0,0.03000000000002956,0.14414904106098447,1,-1,-0.3333333333333333,0.00903
267,2020-01-24 09:35:18,N,AAPL,320.95,3.0,320.98,4.0,1.0,0.0,2020-01-24 09:35:18.714796,320.97,321.0,0,0.03000000000002956,0.1434709313056146,1,1,-0.14285714285714285,0.00903
268,2020-01-24 09:35:19,N,AAPL,320.97,1.0,321.0,113.0,-2.0,111.0,2020-01-24 09:35:19.699525,321.0,321.0,0,0.029999999999972715,0.15883561593932427,1,-1,-0.9824561403508771,0.00903
269,2020-01-24 09:35:20,N,AAPL,321.0,8.0,321.0,1.0,7.0,-112.0,2020-01-24 09:35:20.255019,321.02,321.07,1,0.0,0.15521588433347233,1,-1,0.7777777777777778,0.01049
270,2020-01-24 09:35:21,N,AAPL,321.02,1.0,321.07,4.0,0.0,3.0,2020-01-24 09:35:21.001419,321.05,321.08,0,0.05000000000001137,0.1554288278707645,1,1,-0.6,0.01049
271,2020-01-24 09:35:22,N,AAPL,321.05,1.0,321.08,2.0,0.0,-1.0,2020-01-24 09:35:22.462218,321.07,321.1,0,0.029999999999972715,0.15526376928238506,1,-1,-0.3333333333333333,0.01049
272,2020-01-24 09:35:23,N,AAPL,321.07,2.0,321.1,17.0,1.0,16.0,2020-01-24 09:35:23.123618,321.09,321.1,0,0.03000000000002956,0.15743273463516516,1,1,-0.7894736842105263,0.01049
273,2020-01-24 09:35:24,N,AAPL,321.09,4.0,321.1,1.0,3.0,-16.0,2020-01-24 09:35:24.500717,321.08,321.09,0,0.010000000000047748,0.15532337719713496,1,-1,0.6,0.01049
274,2020-01-24 09:35:25,N,AAPL,321.08,1.0,321.09,1.0,0.0,0.0,2020-01-24 09:35:25.600473,321.08,321.1,0,0.009999999999990905,0.15494891826398316,1,-1,0.0,0.01049
275,2020-01-24 09:35:26,N,AAPL,321.08,3.0,321.1,1.0,2.0,0.0,2020-01-24 09:35:26.599233,321.08,321.1,0,0.020000000000038654,0.15347381483155687,1,1,0.5,0.01049
276,2020-01-24 09:35:27,N,AAPL,321.08,1.0,321.1,1.0,0.0,0.0,2020-01-24 09:35:27.002384,321.04,321.08,0,0.020000000000038654,0.15311133359756468,1,1,0.0,0.01049
277,2020-01-24 09:35:28,N,AAPL,321.04,4.0,321.08,1.0,1.0,-1.0,2020-01-24 09:35:28.023368,321.03,321.06,0,0.03999999999996362,0.15130278328564373,1,1,0.6,0.01049
278,2020-01-24 09:35:29,N,AAPL,321.03,1.0,321.06,2.0,0.0,1.0,2020-01-24 09:35:29.130096,321.03,321.07,0,0.03000000000002956,0.15114803229676,1,-1,-0.3333333333333333,0.01049
279,2020-01-24 09:35:30,N,AAPL,321.03,1.0,321.07,1.0,-1.0,0.0,2020-01-24 09:35:30.009539,320.98,321.0,-1,0.040000000000020464,0.15083824687906144,1,1,0.0,0.01049
280,2020-01-24 09:35:31,N,AAPL,320.98,1.0,321.0,4.0,-1.0,2.0,2020-01-24 09:35:31.041773,320.92,320.96,-1,0.01999999999998181,0.15091488486842763,1,-1,-0.6,0.01049
281,2020-01-24 09:35:32,N,AAPL,320.92,1.0,320.96,2.0,-2.0,-2.0,2020-01-24 09:35:32.233165,320.93,320.96,0,0.03999999999996362,0.15077263849320843,1,1,-0.3333333333333333,0.01049
282,2020-01-24 09:35:33,N,AAPL,320.93,4.0,320.96,2.0,1.0,0.0,2020-01-24 09:35:33.083484,320.92,320.94,0,0.029999999999972715,0.1495872423288347,1,-1,0.3333333333333333,0.01049
283,2020-01-24 09:35:34,N,AAPL,320.92,3.0,320.94,4.0,0.0,0.0,2020-01-24 09:35:34.202932,320.97,321.01,1,0.01999999999998181,0.14893034490199852,1,-1,-0.14285714285714285,0.01049
284,2020-01-24 09:35:35,N,AAPL,320.97,4.0,321.01,2.0,2.0,1.0,2020-01-24 09:35:35.432454,320.97,321.0,0,0.03999999999996362,0.14762820512817143,1,1,0.3333333333333333,0.01049
285,2020-01-24 09:35:36,N,AAPL,320.97,2.0,321.0,1.0,1.0,0.0,2020-01-24 09:35:36.497565,320.94,320.98,0,0.029999999999972715,0.1469763255882981,1,-1,0.3333333333333333,0.01049
286,2020-01-24 09:35:37,N,AAPL,320.94,2.0,320.98,2.0,-2.0,0.0,2020-01-24 09:35:37.034479,320.97,321.02,0,0.040000000000020464,0.14649875361101294,1,1,0.0,0.01049
287,2020-01-24 09:35:38,N,AAPL,320.97,3.0,321.02,2.0,2.0,0.0,2020-01-24 09:35:38.540865,320.99,321.03,0,0.049999999999954525,0.14561907048164358,1,1,0.2,0.01049
288,2020-01-24 09:35:39,N,AAPL,320.99,1.0,321.03,1.0,0.0,-1.0,2020-01-24 09:35:39.788745,320.99,321.03,0,0.03999999999996362,0.14535295050768582,1,-1,0.0,0.01049
289,2020-01-24 09:35:40,N,AAPL,320.99,2.0,321.03,1.0,1.0,-1.0,2020-01-24 09:35:40.394938,320.94,320.97,-1,0.03999999999996362,0.14468445846347322,1,1,0.3333333333333333,0.01049
290,2020-01-24 09:35:41,N,AAPL,320.94,2.0,320.97,4.0,1.0,2.0,2020-01-24 09:35:41.002181,320.99,321.03,1,0.03000000000002956,0.14440566436599056,1,-1,-0.3333333333333333,0.01049
291,2020-01-24 09:35:42,N,AAPL,320.99,1.0,321.03,1.0,0.0,-2.0,2020-01-24 09:35:42.669718,321.01,321.05,0,0.03999999999996362,0.14414350273074206,1,1,0.0,0.01049
292,2020-01-24 09:35:43,N,AAPL,321.01,2.0,321.05,1.0,1.0,0.0,2020-01-24 09:35:43.122669,320.99,321.04,0,0.040000000000020464,0.14344650012031934,1,1,0.3333333333333333,0.01049
293,2020-01-24 09:35:44,N,AAPL,320.99,1.0,321.04,3.0,-2.0,0.0,2020-01-24 09:35:44.158773,320.94,320.99,0,0.05000000000001137,0.14348152469995057,1,1,-0.5,0.01049
294,2020-01-24 09:35:45,N,AAPL,320.94,3.0,320.99,2.0,1.0,0.0,2020-01-24 09:35:45.023150,320.87,320.91,-1,0.05000000000001137,0.14270612005321937,1,1,0.2,0.01049
295,2020-01-24 09:35:46,N,AAPL,320.87,2.0,320.91,2.0,0.0,1.0,2020-01-24 09:35:46.457671,320.85,320.9,0,0.040000000000020464,0.14233853650688388,1,-1,0.0,0.01049
296,2020-01-24 09:35:47,N,AAPL,320.85,2.0,320.9,2.0,-1.0,0.0,2020-01-24 09:35:47.187016,320.91,320.94,1,0.049999999999954525,0.14200999634113032,1,1,0.0,0.01049
297,2020-01-24 09:35:48,N,AAPL,320.91,4.0,320.94,1.0,2.0,0.0,2020-01-24 09:35:48.126506,320.98,321.04,1,0.029999999999972715,0.14092913663529316,1,-1,0.6,0.01049
298,2020-01-24 09:35:49,N,AAPL,320.98,2.0,321.04,2.0,0.0,1.0,2020-01-24 09:35:49.008418,320.99,321.01,0,0.060000000000002274,0.14046599549288885,1,1,0.0,0.01049
299,2020-01-24 09:35:51,N,AAPL,320.99,2.0,321.01,1.0,0.0,-2.0,2020-01-24 09:35:51.022642,321.0,321.04,0,0.01999999999998181,0.1398196868889272,1,-1,0.3333333333333333,0.01049
300,2020-01-24 09:35:53,N,AAPL,321.0,1.0,321.04,2.0,-4.0,1.0,2020-01-24 09:35:53.858392,321.01,321.04,0,0.040000000000020464,0.1397083067214453,1,1,-0.3333333333333333,0.01049
301,2020-01-24 09:35:54,N,AAPL,321.01,3.0,321.04,1.0,2.0,-1.0,2020-01-24 09:35:54.524883,320.98,321.01,0,0.03000000000002956,0.13847252667540033,1,-1,0.5,0.01049
302,2020-01-24 09:35:55,N,AAPL,320.98,2.0,321.01,3.0,-1.0,2.0,2020-01-24 09:35:55.885151,320.94,320.99,0,0.029999999999972715,0.13791521157781972,1,-1,-0.2,0.01049
303,2020-01-24 09:35:56,N,AAPL,320.94,1.0,320.99,1.0,-1.0,-3.0,2020-01-24 09:35:56.211683,320.96,321.01,0,0.05000000000001137,0.1370099855100193,1,1,0.0,0.01049
304,2020-01-24 09:35:57,N,AAPL,320.96,4.0,321.01,1.0,1.0,-1.0,2020-01-24 09:35:57.310211,320.96,321.01,0,0.05000000000001137,0.13700729777440301,1,1,0.6,0.01049
305,2020-01-24 09:35:58,N,AAPL,320.96,2.0,321.01,1.0,-1.0,-1.0,2020-01-24 09:35:58.007694,320.88,320.93,-1,0.05000000000001137,0.13662452800770097,1,1,0.3333333333333333,0.01049
306,2020-01-24 09:35:59,N,AAPL,320.88,2.0,320.93,2.0,1.0,0.0,2020-01-24 09:35:59.250529,320.88,320.93,0,0.05000000000001137,0.13505631535656448,1,1,0.0,0.01049
307,2020-01-24 09:36:00,N,AAPL,320.88,3.0,320.93,1.0,2.0,-1.0,2020-01-24 09:36:00.698255,320.9,320.94,0,0.05000000000001137,0.13875776946929363,1,1,0.5,0.01049
308,2020-01-24 09:36:01,N,AAPL,320.9,2.0,320.94,1.0,1.0,0.0,2020-01-24 09:36:01.301907,320.9,320.95,0,0.040000000000020464,0.1381327396864549,1,-1,0.3333333333333333,0.01049
309,2020-01-24 09:36:02,N,AAPL,320.9,2.0,320.95,2.0,1.0,0.0,2020-01-24 09:36:02.163571,320.9,320.93,0,0.05000000000001137,0.13466906999354933,1,1,0.0,0.01049
310,2020-01-24 09:36:03,N,AAPL,320.9,1.0,320.93,2.0,0.0,0.0,2020-01-24 09:36:03.015405,320.92,320.96,0,0.03000000000002956,0.13365926467838563,1,-1,-0.3333333333333333,0.01049
311,2020-01-24 09:36:04,N,AAPL,320.92,2.0,320.96,1.0,-1.0,-1.0,2020-01-24 09:36:04.065861,320.96,321.0,0,0.03999999999996362,0.13158847917605954,1,1,0.3333333333333333,0.01049
312,2020-01-24 09:36:05,N,AAPL,320.96,2.0,321.0,2.0,1.0,0.0,2020-01-24 09:36:05.326941,320.95,321.0,0,0.040000000000020464,0.13055746230850218,1,1,0.0,0.01049
313,2020-01-24 09:36:06,N,AAPL,320.95,1.0,321.0,4.0,0.0,1.0,2020-01-24 09:36:06.490256,320.95,321.0,0,0.05000000000001137,0.13080334750674183,1,1,-0.6,0.01049
314,2020-01-24 09:36:07,N,AAPL,320.95,2.0,321.0,1.0,1.0,-1.0,2020-01-24 09:36:07.074025,320.96,321.01,0,0.05000000000001137,0.1292602735802575,1,1,0.3333333333333333,0.01049
315,2020-01-24 09:36:08,N,AAPL,320.96,2.0,321.01,2.0,0.0,1.0,2020-01-24 09:36:08.120657,320.9,320.93,-1,0.05000000000001137,0.1276745545192739,1,1,0.0,0.01049
316,2020-01-24 09:36:09,N,AAPL,320.9,1.0,320.93,1.0,-1.0,-1.0,2020-01-24 09:36:09.256333,320.83,320.87,-1,0.03000000000002956,0.12628519566743535,1,-1,0.0,0.01049
317,2020-01-24 09:36:10,N,AAPL,320.83,2.0,320.87,4.0,1.0,2.0,2020-01-24 09:36:10.479542,320.85,320.9,0,0.040000000000020464,0.12528405969254663,1,1,-0.3333333333333333,0.01049
318,2020-01-24 09:36:11,N,AAPL,320.85,2.0,320.9,1.0,0.0,-3.0,2020-01-24 09:36:11.013646,320.81,320.85,0,0.049999999999954525,0.12632775203371693,1,1,0.3333333333333333,0.01049
319,2020-01-24 09:36:12,N,AAPL,320.81,2.0,320.85,2.0,1.0,0.0,2020-01-24 09:36:12.386814,320.82,320.87,0,0.040000000000020464,0.1268323757798271,1,-1,0.0,0.01049
320,2020-01-24 09:36:13,N,AAPL,320.82,1.0,320.87,4.0,0.0,2.0,2020-01-24 09:36:13.227666,320.85,320.91,0,0.05000000000001137,0.12540802769137827,1,1,-0.6,0.01049
321,2020-01-24 09:36:14,N,AAPL,320.85,2.0,320.91,2.0,0.0,-1.0,2020-01-24 09:36:14.103246,320.95,320.98,1,0.060000000000002274,0.12117861466879276,1,1,0.0,0.01049
322,2020-01-24 09:36:15,N,AAPL,320.95,3.0,320.98,2.0,1.0,0.0,2020-01-24 09:36:15.863054,320.96,320.99,0,0.03000000000002956,0.12077701787097794,1,-1,0.2,0.01049
323,2020-01-24 09:36:16,N,AAPL,320.96,3.0,320.99,2.0,0.0,0.0,2020-01-24 09:36:16.103739,320.97,320.99,0,0.03000000000002956,0.12071213288174931,1,1,0.2,0.01049
324,2020-01-24 09:36:17,N,AAPL,320.97,1.0,320.99,2.0,-3.0,-2.0,2020-01-24 09:36:17.020918,320.97,321.0,0,0.01999999999998181,0.1198107900119112,1,-1,-0.3333333333333333,0.01049
325,2020-01-24 09:36:18,N,AAPL,320.97,1.0,321.0,4.0,-1.0,0.0,2020-01-24 09:36:18.136137,320.98,321.01,0,0.029999999999972715,0.11910664100582835,1,1,-0.6,0.01049
326,2020-01-24 09:36:19,N,AAPL,320.98,2.0,321.01,2.0,0.0,1.0,2020-01-24 09:36:19.279087,320.97,321.01,0,0.029999999999972715,0.11719421505398486,1,1,0.0,0.01049
327,2020-01-24 09:36:20,N,AAPL,320.97,4.0,321.01,2.0,2.0,0.0,2020-01-24 09:36:20.113137,320.91,320.96,-1,0.03999999999996362,0.1163446605489753,1,1,0.3333333333333333,0.01049
328,2020-01-24 09:36:21,N,AAPL,320.91,4.0,320.96,2.0,1.0,0.0,2020-01-24 09:36:21.117415,320.94,320.98,0,0.049999999999954525,0.11452125080796804,1,1,0.3333333333333333,0.01049
329,2020-01-24 09:36:23,N,AAPL,320.94,2.0,320.98,1.0,-1.0,0.0,2020-01-24 09:36:23.946951,320.95,320.98,0,0.040000000000020464,0.12158024073494289,1,-1,0.3333333333333333,0.01049
330,2020-01-24 09:36:24,N,AAPL,320.95,1.0,320.98,4.0,-1.0,3.0,2020-01-24 09:36:24.614911,320.91,320.95,0,0.03000000000002956,0.12103853402294362,1,-1,-0.6,0.0106
331,2020-01-24 09:36:25,N,AAPL,320.91,1.0,320.95,1.0,0.0,-1.0,2020-01-24 09:36:25.020035,320.89,320.94,0,0.03999999999996362,0.12112511243157087,1,1,0.0,0.0106
332,2020-01-24 09:36:26,N,AAPL,320.89,3.0,320.94,1.0,1.0,-1.0,2020-01-24 09:36:26.123773,320.95,320.99,1,0.05000000000001137,0.12015233737656672,1,1,0.5,0.0106
333,2020-01-24 09:36:27,N,AAPL,320.95,2.0,320.99,3.0,0.0,1.0,2020-01-24 09:36:27.078870,320.94,320.98,0,0.040000000000020464,0.11878235080052946,1,-1,-0.2,0.0106
334,2020-01-24 09:36:28,N,AAPL,320.94,2.0,320.98,1.0,-2.0,0.0,2020-01-24 09:36:28.068532,321.03,321.05,1,0.040000000000020464,0.11563711754854467,1,1,0.3333333333333333,0.0106
335,2020-01-24 09:36:29,N,AAPL,321.03,2.0,321.05,12.0,1.0,9.0,2020-01-24 09:36:29.911332,320.98,321.02,-1,0.020000000000038654,0.11599786648469035,1,-1,-0.7142857142857143,0.0106
336,2020-01-24 09:36:30,N,AAPL,320.98,4.0,321.02,1.0,3.0,0.0,2020-01-24 09:36:30.002001,320.93,320.97,-1,0.03999999999996362,0.11432015273504703,1,1,0.6,0.0106
337,2020-01-24 09:36:31,N,AAPL,320.93,2.0,320.97,2.0,0.0,0.0,2020-01-24 09:36:31.288394,320.92,320.96,0,0.040000000000020464,0.11067394037343092,0,1,0.0,0.0106
338,2020-01-24 09:36:32,N,AAPL,320.92,2.0,320.96,1.0,1.0,0.0,2020-01-24 09:36:32.657880,320.9,320.94,0,0.03999999999996362,0.11005979409247857,0,-1,0.3333333333333333,0.0106
339,2020-01-24 09:36:33,N,AAPL,320.9,1.0,320.94,2.0,-1.0,0.0,2020-01-24 09:36:33.075819,320.86,320.9,0,0.040000000000020464,0.1087502861709595,0,1,-0.3333333333333333,0.0106
340,2020-01-24 09:36:34,N,AAPL,320.86,4.0,320.9,1.0,0.0,0.0,2020-01-24 09:36:34.131250,320.82,320.87,0,0.03999999999996362,0.10403752940561617,0,-1,0.6,0.0106
341,2020-01-24 09:36:35,N,AAPL,320.82,4.0,320.87,3.0,3.0,0.0,2020-01-24 09:36:35.057675,320.83,320.87,0,0.05000000000001137,0.09937427059600168,1,1,0.14285714285714285,0.0106
342,2020-01-24 09:36:36,N,AAPL,320.83,3.0,320.87,1.0,1.0,0.0,2020-01-24 09:36:36.088791,320.85,320.9,0,0.040000000000020464,0.09787803393493277,1,-1,0.5,0.0106
343,2020-01-24 09:36:37,N,AAPL,320.85,4.0,320.9,3.0,2.0,0.0,2020-01-24 09:36:37.040790,320.88,320.91,0,0.049999999999954525,0.09484532343304863,1,1,0.14285714285714285,0.0106
344,2020-01-24 09:36:38,N,AAPL,320.88,2.0,320.91,2.0,0.0,0.0,2020-01-24 09:36:38.152428,320.87,320.91,0,0.03000000000002956,0.09136047099764255,1,-1,0.0,0.0106
345,2020-01-24 09:36:40,N,AAPL,320.87,2.0,320.91,2.0,-1.0,1.0,2020-01-24 09:36:40.123485,320.83,320.88,0,0.040000000000020464,0.09039524956000378,1,1,0.0,0.0106
346,2020-01-24 09:36:42,N,AAPL,320.83,4.0,320.88,2.0,0.0,0.0,2020-01-24 09:36:42.299861,320.86,320.92,0,0.05000000000001137,0.08928140174140253,1,1,0.3333333333333333,0.0106
347,2020-01-24 09:36:43,N,AAPL,320.86,1.0,320.92,2.0,-2.0,1.0,2020-01-24 09:36:43.016305,320.99,321.01,1,0.060000000000002274,0.0863257328991267,1,1,-0.3333333333333333,0.0106
348,2020-01-24 09:36:45,N,AAPL,320.99,2.0,321.01,2.0,0.0,-2.0,2020-01-24 09:36:45.919624,321.04,321.06,1,0.01999999999998181,0.08517190918388451,1,-1,0.0,0.0106
349,2020-01-24 09:36:46,N,AAPL,321.04,2.0,321.06,1.0,0.0,-1.0,2020-01-24 09:36:46.185569,321.03,321.07,0,0.01999999999998181,0.08485552005004138,1,1,0.3333333333333333,0.0106
350,2020-01-24 09:36:47,N,AAPL,321.03,2.0,321.07,1.0,0.0,0.0,2020-01-24 09:36:47.026766,321.05,321.1,0,0.040000000000020464,0.0836012783893807,1,1,0.3333333333333333,0.0106
351,2020-01-24 09:36:48,N,AAPL,321.05,2.0,321.1,5.0,0.0,4.0,2020-01-24 09:36:48.502981,321.08,321.11,0,0.05000000000001137,0.08336813973198787,1,1,-0.42857142857142855,0.0106
352,2020-01-24 09:36:49,N,AAPL,321.08,1.0,321.11,2.0,-1.0,1.0,2020-01-24 09:36:49.020746,321.11,321.14,0,0.03000000000002956,0.08188591428859127,1,-1,-0.3333333333333333,0.0106
353,2020-01-24 09:36:50,N,AAPL,321.11,11.0,321.14,2.0,1.0,1.0,2020-01-24 09:36:50.090350,321.14,321.16,0,0.029999999999972715,0.0764110326623495,1,-1,0.6923076923076923,0.0106
354,2020-01-24 09:36:51,N,AAPL,321.14,2.0,321.16,2.0,-8.0,-45.0,2020-01-24 09:36:51.160168,321.11,321.16,0,0.020000000000038654,0.07659725042719856,1,-1,0.0,0.0106
355,2020-01-24 09:36:52,N,AAPL,321.11,2.0,321.16,2.0,-1.0,-1.0,2020-01-24 09:36:52.040697,321.09,321.14,0,0.05000000000001137,0.08100774888629303,1,1,0.0,0.0106
356,2020-01-24 09:36:53,N,AAPL,321.09,1.0,321.14,2.0,-1.0,0.0,2020-01-24 09:36:53.391934,321.08,321.11,0,0.05000000000001137,0.07998786557539006,1,1,-0.3333333333333333,0.0106
357,2020-01-24 09:36:54,N,AAPL,321.08,1.0,321.11,2.0,0.0,0.0,2020-01-24 09:36:54.218537,321.02,321.06,-1,0.03000000000002956,0.07956253642453248,1,-1,-0.3333333333333333,0.0106
358,2020-01-24 09:36:55,N,AAPL,321.02,2.0,321.06,2.0,1.0,0.0,2020-01-24 09:36:55.112349,320.98,321.02,0,0.040000000000020464,0.07974254905519729,1,1,0.0,0.0106
359,2020-01-24 09:36:56,N,AAPL,320.98,2.0,321.02,4.0,1.0,2.0,2020-01-24 09:36:56.569475,320.97,321.02,0,0.03999999999996362,0.07921931732079202,1,-1,-0.3333333333333333,0.0106
360,2020-01-24 09:36:57,N,AAPL,320.97,1.0,321.02,2.0,-1.0,0.0,2020-01-24 09:36:57.143930,320.97,321.0,0,0.049999999999954525,0.07909818873866925,1,1,-0.3333333333333333,0.0106
361,2020-01-24 09:36:58,N,AAPL,320.97,1.0,321.0,2.0,0.0,0.0,2020-01-24 09:36:58.015675,320.97,321.02,0,0.029999999999972715,0.07883189528354251,1,-1,-0.3333333333333333,0.0106
362,2020-01-24 09:36:59,N,AAPL,320.97,4.0,321.02,2.0,2.0,-1.0,2020-01-24 09:36:59.045082,321.01,321.05,0,0.049999999999954525,0.07796148328412755,1,1,0.3333333333333333,0.0106
363,2020-01-24 09:37:00,N,AAPL,321.01,3.0,321.05,1.0,-1.0,0.0,2020-01-24 09:37:00.000333,321.08,321.12,1,0.040000000000020464,0.07753144519557509,1,-1,0.5,0.0106
364,2020-01-24 09:37:01,N,AAPL,321.08,4.0,321.12,1.0,0.0,-1.0,2020-01-24 09:37:01.968756,321.05,321.11,0,0.040000000000020464,0.07647809193684907,1,1,0.6,0.0106
365,2020-01-24 09:37:02,N,AAPL,321.05,1.0,321.11,3.0,0.0,-1.0,2020-01-24 09:37:02.040873,321.08,321.12,0,0.060000000000002274,0.07690822310070189,1,1,-0.5,0.0106
366,2020-01-24 09:37:03,N,AAPL,321.08,1.0,321.12,2.0,0.0,0.0,2020-01-24 09:37:03.052750,321.1,321.14,0,0.040000000000020464,0.07649141465248022,1,-1,-0.3333333333333333,0.0106
367,2020-01-24 09:37:04,N,AAPL,321.1,2.0,321.14,3.0,-2.0,1.0,2020-01-24 09:37:04.078419,321.13,321.15,0,0.03999999999996362,0.07582631903773063,1,-1,-0.2,0.0106
368,2020-01-24 09:37:05,N,AAPL,321.13,1.0,321.15,1.0,-1.0,-2.0,2020-01-24 09:37:05.178850,321.07,321.1,-1,0.01999999999998181,0.07509171984679597,1,-1,0.0,0.0106
369,2020-01-24 09:37:06,N,AAPL,321.07,1.0,321.1,2.0,-1.0,1.0,2020-01-24 09:37:06.843986,321.06,321.09,0,0.03000000000002956,0.07545414048883003,1,1,-0.3333333333333333,0.0106
370,2020-01-24 09:37:07,N,AAPL,321.06,1.0,321.09,2.0,0.0,1.0,2020-01-24 09:37:07.053445,321.04,321.09,0,0.029999999999972715,0.07497389982825098,1,-1,-0.3333333333333333,0.0106
371,2020-01-24 09:37:08,N,AAPL,321.04,2.0,321.09,2.0,0.0,0.0,2020-01-24 09:37:08.024794,321.05,321.09,0,0.049999999999954525,0.0774385594311866,1,1,0.0,0.0106
372,2020-01-24 09:37:09,N,AAPL,321.05,1.0,321.09,1.0,0.0,-3.0,2020-01-24 09:37:09.735788,321.05,321.08,0,0.03999999999996362,0.07872728281773789,1,-1,0.0,0.0106
373,2020-01-24 09:37:10,N,AAPL,321.05,1.0,321.08,2.0,0.0,1.0,2020-01-24 09:37:10.601493,321.07,321.1,0,0.029999999999972715,0.07736368083675416,1,-1,-0.3333333333333333,0.0106
374,2020-01-24 09:37:11,N,AAPL,321.07,2.0,321.1,2.0,0.0,0.0,2020-01-24 09:37:11.007561,321.06,321.09,0,0.03000000000002956,0.07964277569777778,1,1,0.0,0.0106
375,2020-01-24 09:37:12,N,AAPL,321.06,2.0,321.09,2.0,-3.0,-1.0,2020-01-24 09:37:12.024890,321.04,321.08,0,0.029999999999972715,0.08062906319423746,1,-1,0.0,0.0106
376,2020-01-24 09:37:13,N,AAPL,321.04,2.0,321.08,1.0,0.0,0.0,2020-01-24 09:37:13.038279,321.01,321.05,0,0.03999999999996362,0.08180861407345219,1,1,0.3333333333333333,0.0106
377,2020-01-24 09:37:14,N,AAPL,321.01,2.0,321.05,4.0,0.0,3.0,2020-01-24 09:37:14.241762,320.96,321.0,-1,0.040000000000020464,0.08406850341572181,1,1,-0.3333333333333333,0.0106
378,2020-01-24 09:37:15,N,AAPL,320.96,1.0,321.0,3.0,-1.0,2.0,2020-01-24 09:37:15.890466,320.93,320.98,0,0.040000000000020464,0.08386694925019356,1,1,-0.5,0.0106
379,2020-01-24 09:37:16,N,AAPL,320.93,2.0,320.98,3.0,1.0,1.0,2020-01-24 09:37:16.090768,320.91,320.96,0,0.05000000000001137,0.08301944493496194,1,1,-0.2,0.0106
380,2020-01-24 09:37:17,N,AAPL,320.91,1.0,320.96,3.0,-1.0,1.0,2020-01-24 09:37:17.179994,320.84,320.87,-1,0.049999999999954525,0.08307598249012926,1,-1,-0.5,0.0106
381,2020-01-24 09:37:18,N,AAPL,320.84,3.0,320.87,4.0,2.0,2.0,2020-01-24 09:37:18.198192,320.85,320.88,0,0.03000000000002956,0.0829219001295769,1,-1,-0.14285714285714285,0.0106
382,2020-01-24 09:37:19,N,AAPL,320.85,4.0,320.88,2.0,-2.0,1.0,2020-01-24 09:37:19.279970,320.84,320.88,0,0.029999999999972715,0.08320319361911288,1,-1,0.3333333333333333,0.0106
383,2020-01-24 09:37:20,N,AAPL,320.84,1.0,320.88,4.0,-3.0,2.0,2020-01-24 09:37:20.956730,320.82,320.84,0,0.040000000000020464,0.08279323953757967,1,1,-0.6,0.0106
384,2020-01-24 09:37:21,N,AAPL,320.82,2.0,320.84,10.0,0.0,8.0,2020-01-24 09:37:21.149513,320.81,320.84,0,0.01999999999998181,0.08159695620008733,1,-1,-0.6666666666666666,0.0106
385,2020-01-24 09:37:22,N,AAPL,320.81,5.0,320.84,2.0,3.0,-8.0,2020-01-24 09:37:22.043272,320.82,320.84,0,0.029999999999972715,0.0812578483837001,1,1,0.42857142857142855,0.0106
386,2020-01-24 09:37:24,N,AAPL,320.82,4.0,320.84,5.0,-18.0,-5.0,2020-01-24 09:37:24.453558,320.81,320.84,0,0.01999999999998181,0.08102657858626117,1,-1,-0.1111111111111111,0.0106
387,2020-01-24 09:37:26,N,AAPL,320.81,2.0,320.84,4.0,1.0,-6.0,2020-01-24 09:37:26.889824,320.82,320.85,0,0.029999999999972715,0.08072020547962211,1,1,-0.3333333333333333,0.01076
388,2020-01-24 09:37:27,N,AAPL,320.82,6.0,320.85,2.0,4.0,-2.0,2020-01-24 09:37:27.451437,320.82,320.86,0,0.03000000000002956,0.08094665191879358,1,1,0.5,0.01076
389,2020-01-24 09:37:29,N,AAPL,320.82,2.0,320.86,2.0,1.0,0.0,2020-01-24 09:37:29.484410,320.79,320.81,-1,0.040000000000020464,0.08087661390783296,1,1,0.0,0.01076
390,2020-01-24 09:37:30,N,AAPL,320.79,2.0,320.81,4.0,1.0,3.0,2020-01-24 09:37:30.254861,320.8,320.83,0,0.01999999999998181,0.08075908950462463,1,-1,-0.3333333333333333,0.01076
391,2020-01-24 09:37:31,N,AAPL,320.8,1.0,320.83,1.0,0.0,0.0,2020-01-24 09:37:31.261855,320.85,320.87,1,0.029999999999972715,0.08057170329158225,1,1,0.0,0.01076
392,2020-01-24 09:37:32,N,AAPL,320.85,2.0,320.87,1.0,-1.0,-1.0,2020-01-24 09:37:32.519178,320.87,320.9,0,0.01999999999998181,0.0808406246208051,1,-1,0.3333333333333333,0.01076
393,2020-01-24 09:37:33,N,AAPL,320.87,3.0,320.9,1.0,1.0,-1.0,2020-01-24 09:37:33.478822,320.86,320.87,0,0.029999999999972715,0.08058745454621885,1,1,0.5,0.01076
394,2020-01-24 09:37:35,N,AAPL,320.86,1.0,320.87,4.0,-2.0,3.0,2020-01-24 09:37:35.174412,320.75,320.79,-1,0.009999999999990905,0.08042785160392896,1,-1,-0.6,0.01076
395,2020-01-24 09:37:36,N,AAPL,320.75,7.0,320.79,5.0,6.0,4.0,2020-01-24 09:37:36.727919,320.65,320.68,-1,0.040000000000020464,0.08083707917995753,1,1,0.16666666666666666,0.01076
396,2020-01-24 09:37:37,N,AAPL,320.65,1.0,320.68,4.0,0.0,3.0,2020-01-24 09:37:37.614323,320.66,320.69,0,0.03000000000002956,0.08059314502207826,1,-1,-0.6,0.01076
397,2020-01-24 09:37:39,N,AAPL,320.66,2.0,320.69,3.0,1.0,2.0,2020-01-24 09:37:39.228423,320.7,320.75,1,0.029999999999972715,0.08080979819300182,1,-1,-0.2,0.01076
398,2020-01-24 09:37:40,N,AAPL,320.7,2.0,320.75,2.0,0.0,0.0,2020-01-24 09:37:40.041348,320.76,320.8,1,0.05000000000001137,0.08080127684911531,1,1,0.0,0.01076
399,2020-01-24 09:37:41,N,AAPL,320.76,2.0,320.8,2.0,0.0,-1.0,2020-01-24 09:37:41.206159,320.74,320.79,0,0.040000000000020464,0.08086196444372717,1,-1,0.0,0.01076
400,2020-01-24 09:37:42,N,AAPL,320.74,4.0,320.79,1.0,2.0,-1.0,2020-01-24 09:37:42.068436,320.8,320.84,1,0.05000000000001137,0.08163086724459845,1,1,0.6,0.01076
401,2020-01-24 09:37:43,N,AAPL,320.8,1.0,320.84,2.0,-3.0,1.0,2020-01-24 09:37:43.204916,320.86,320.91,1,0.03999999999996362,0.08140157280570293,1,-1,-0.3333333333333333,0.01076
402,2020-01-24 09:37:44,N,AAPL,320.86,1.0,320.91,2.0,-1.0,1.0,2020-01-24 09:37:44.416905,320.86,320.91,0,0.05000000000001137,0.08102093836481572,1,1,-0.3333333333333333,0.01076
403,2020-01-24 09:37:45,N,AAPL,320.86,3.0,320.91,2.0,0.0,-2.0,2020-01-24 09:37:45.021046,320.88,320.93,0,0.05000000000001137,0.08078980782460121,1,1,0.2,0.01076
404,2020-01-24 09:37:46,N,AAPL,320.88,3.0,320.93,2.0,-2.0,0.0,2020-01-24 09:37:46.291598,320.83,320.87,-1,0.05000000000001137,0.08057792533890051,1,1,0.2,0.01076
405,2020-01-24 09:37:48,N,AAPL,320.83,3.0,320.87,2.0,2.0,1.0,2020-01-24 09:37:48.122855,320.86,320.91,0,0.040000000000020464,0.08062489105515169,1,-1,0.2,0.01076
406,2020-01-24 09:37:49,N,AAPL,320.86,2.0,320.91,1.0,0.0,-2.0,2020-01-24 09:37:49.291556,320.87,320.91,0,0.05000000000001137,0.08085464627862393,1,1,0.3333333333333333,0.01076
407,2020-01-24 09:37:50,N,AAPL,320.87,4.0,320.91,2.0,3.0,1.0,2020-01-24 09:37:50.050542,320.88,320.93,0,0.040000000000020464,0.0808125995626483,1,-1,0.3333333333333333,0.01076
408,2020-01-24 09:37:51,N,AAPL,320.88,5.0,320.93,2.0,1.0,0.0,2020-01-24 09:37:51.205677,320.9,320.92,0,0.05000000000001137,0.08090041085870325,1,1,0.42857142857142855,0.01076
409,2020-01-24 09:37:52,N,AAPL,320.9,1.0,320.92,2.0,-3.0,1.0,2020-01-24 09:37:52.124612,320.88,320.89,-1,0.020000000000038654,0.08026500909642209,1,-1,-0.3333333333333333,0.01076
410,2020-01-24 09:37:54,N,AAPL,320.88,1.0,320.89,2.0,0.0,0.0,2020-01-24 09:37:54.460358,320.83,320.88,0,0.009999999999990905,0.08055728175645527,1,-1,-0.3333333333333333,0.01076
411,2020-01-24 09:37:55,N,AAPL,320.83,4.0,320.88,5.0,2.0,4.0,2020-01-24 09:37:55.041528,320.83,320.87,0,0.05000000000001137,0.08088030493127008,1,1,-0.1111111111111111,0.01076
412,2020-01-24 09:37:56,N,AAPL,320.83,3.0,320.87,3.0,2.0,-1.0,2020-01-24 09:37:56.344493,320.82,320.87,0,0.040000000000020464,0.07828509590046906,1,-1,0.0,0.01076
413,2020-01-24 09:37:57,N,AAPL,320.82,2.0,320.87,2.0,1.0,0.0,2020-01-24 09:37:57.100630,320.82,320.84,0,0.05000000000001137,0.07840709965711312,1,1,0.0,0.01076
414,2020-01-24 09:37:59,N,AAPL,320.82,5.0,320.84,4.0,4.0,2.0,2020-01-24 09:37:59.664696,320.88,320.9,1,0.01999999999998181,0.07820051612424095,1,-1,0.1111111111111111,0.01076
415,2020-01-24 09:38:02,N,AAPL,320.88,1.0,320.9,4.0,-4.0,2.0,2020-01-24 09:38:02.916491,320.88,320.9,0,0.01999999999998181,0.07809609161483877,1,1,-0.6,0.01076
416,2020-01-24 09:38:03,N,AAPL,320.88,1.0,320.9,3.0,0.0,-1.0,2020-01-24 09:38:03.020716,320.91,320.95,1,0.01999999999998181,0.0751476938187352,1,1,-0.5,0.01076
417,2020-01-24 09:38:05,N,AAPL,320.91,3.0,320.95,1.0,1.0,-1.0,2020-01-24 09:38:05.361014,320.95,320.96,0,0.03999999999996362,0.07490292282653854,1,1,0.5,0.01076
418,2020-01-24 09:38:06,N,AAPL,320.95,2.0,320.96,4.0,1.0,2.0,2020-01-24 09:38:06.067841,320.95,320.96,0,0.009999999999990905,0.07446132228170654,1,-1,-0.3333333333333333,0.01076
419,2020-01-24 09:38:07,N,AAPL,320.95,4.0,320.96,1.0,2.0,-3.0,2020-01-24 09:38:07.049530,320.96,320.97,0,0.009999999999990905,0.07404107069021393,1,1,0.6,0.01076
420,2020-01-24 09:38:10,N,AAPL,320.96,1.0,320.97,3.0,0.0,1.0,2020-01-24 09:38:10.171325,320.91,320.95,-1,0.010000000000047748,0.07394571351341028,1,1,-0.5,0.01076
421,2020-01-24 09:38:11,N,AAPL,320.91,2.0,320.95,2.0,-4.0,-1.0,2020-01-24 09:38:11.051945,320.91,320.95,0,0.03999999999996362,0.07397301726763317,1,1,0.0,0.01076
422,2020-01-24 09:38:12,N,AAPL,320.91,4.0,320.95,4.0,3.0,-3.0,2020-01-24 09:38:12.020522,320.96,320.99,1,0.03999999999996362,0.07399219288566883,1,1,0.0,0.01076
423,2020-01-24 09:38:13,N,AAPL,320.96,2.0,320.99,2.0,-1.0,-4.0,2020-01-24 09:38:13.064338,320.96,320.99,0,0.03000000000002956,0.07389876017674624,1,-1,0.0,0.01076
424,2020-01-24 09:38:14,N,AAPL,320.96,2.0,320.99,2.0,1.0,-4.0,2020-01-24 09:38:14.586316,321.0,321.03,1,0.03000000000002956,0.07386009853547648,1,1,0.0,0.01076
425,2020-01-24 09:38:15,N,AAPL,321.0,2.0,321.03,2.0,0.0,0.0,2020-01-24 09:38:15.174980,321.01,321.04,0,0.029999999999972715,0.07372208781447398,1,-1,0.0,0.01076
426,2020-01-24 09:38:16,N,AAPL,321.01,2.0,321.04,2.0,0.0,0.0,2020-01-24 09:38:16.010384,320.97,321.0,-1,0.03000000000002956,0.07354820014273855,1,1,0.0,0.01076
427,2020-01-24 09:38:17,N,AAPL,320.97,5.0,321.0,4.0,0.0,2.0,2020-01-24 09:38:17.065235,320.97,320.99,0,0.029999999999972715,0.07305611006432855,1,-1,0.1111111111111111,0.01076
428,2020-01-24 09:38:18,N,AAPL,320.97,4.0,320.99,1.0,2.0,-8.0,2020-01-24 09:38:18.415356,320.96,320.99,0,0.01999999999998181,0.07261899322213594,1,-1,0.6,0.01076
429,2020-01-24 09:38:20,N,AAPL,320.96,4.0,320.99,2.0,1.0,-1.0,2020-01-24 09:38:20.443604,320.96,320.98,0,0.03000000000002956,0.07224361076640662,1,1,0.3333333333333333,0.01076
430,2020-01-24 09:38:21,N,AAPL,320.96,4.0,320.98,5.0,0.0,4.0,2020-01-24 09:38:21.811774,320.96,320.99,0,0.020000000000038654,0.07194715761841053,1,-1,-0.1111111111111111,0.01076
431,2020-01-24 09:38:22,N,AAPL,320.96,3.0,320.99,1.0,0.0,0.0,2020-01-24 09:38:22.207651,320.95,320.96,0,0.03000000000002956,0.07171383879204996,1,1,0.5,0.01076
432,2020-01-24 09:38:23,N,AAPL,320.95,1.0,320.96,5.0,0.0,4.0,2020-01-24 09:38:23.528858,320.92,320.95,0,0.009999999999990905,0.07170139196580294,1,-1,-0.6666666666666666,0.01076
433,2020-01-24 09:38:24,N,AAPL,320.92,5.0,320.95,3.0,0.0,2.0,2020-01-24 09:38:24.019529,320.84,320.86,-1,0.029999999999972715,0.0719096834770312,1,1,0.25,0.01076
434,2020-01-24 09:38:25,N,AAPL,320.84,1.0,320.86,4.0,-4.0,3.0,2020-01-24 09:38:25.979706,320.85,320.88,0,0.020000000000038654,0.07200153770776296,1,-1,-0.6,0.01076
435,2020-01-24 09:38:26,N,AAPL,320.85,2.0,320.88,1.0,-33.0,-1.0,2020-01-24 09:38:26.187331,320.91,320.95,1,0.029999999999972715,0.07093999579336696,1,1,0.3333333333333333,0.01076
436,2020-01-24 09:38:27,N,AAPL,320.91,1.0,320.95,2.0,-3.0,1.0,2020-01-24 09:38:27.100048,320.96,320.99,1,0.03999999999996362,0.07056324289482063,1,1,-0.3333333333333333,0.01076
437,2020-01-24 09:38:28,N,AAPL,320.96,2.0,320.99,1.0,-2.0,0.0,2020-01-24 09:38:28.538460,320.95,320.98,0,0.03000000000002956,0.07020691188404271,1,-1,0.3333333333333333,0.01076
438,2020-01-24 09:38:30,N,AAPL,320.95,2.0,320.98,4.0,0.0,3.0,2020-01-24 09:38:30.196248,320.91,320.95,0,0.03000000000002956,0.07010257505402251,1,1,-0.3333333333333333,0.01076
439,2020-01-24 09:38:31,N,AAPL,320.91,4.0,320.95,1.0,0.0,-1.0,2020-01-24 09:38:31.287882,320.91,320.95,0,0.03999999999996362,0.07055054034668728,1,1,0.6,0.01092
440,2020-01-24 09:38:32,N,AAPL,320.91,4.0,320.95,1.0,0.0,0.0,2020-01-24 09:38:32.320032,320.91,320.96,0,0.03999999999996362,0.07029268292683355,1,1,0.6,0.01092
441,2020-01-24 09:38:33,N,AAPL,320.91,4.0,320.96,3.0,0.0,2.0,2020-01-24 09:38:33.325725,320.86,320.9,-1,0.049999999999954525,0.07211649488937155,1,1,0.14285714285714285,0.01092
442,2020-01-24 09:38:34,N,AAPL,320.86,1.0,320.9,3.0,-2.0,2.0,2020-01-24 09:38:34.188984,320.86,320.9,0,0.03999999999996362,0.07154243233219404,1,-1,-0.5,0.01092
443,2020-01-24 09:38:35,N,AAPL,320.86,2.0,320.9,1.0,-1.0,-2.0,2020-01-24 09:38:35.054379,320.84,320.87,0,0.03999999999996362,0.07101906274391467,1,1,0.3333333333333333,0.01092
444,2020-01-24 09:38:36,N,AAPL,320.84,3.0,320.87,2.0,0.0,0.0,2020-01-24 09:38:36.356993,320.84,320.86,0,0.03000000000002956,0.07351188627961847,1,-1,0.2,0.01092
445,2020-01-24 09:38:39,N,AAPL,320.84,1.0,320.86,1.0,-2.0,0.0,2020-01-24 09:38:39.421915,320.86,320.88,0,0.020000000000038654,0.07901268825560237,1,-1,0.0,0.01092
446,2020-01-24 09:38:40,N,AAPL,320.86,1.0,320.88,2.0,0.0,0.0,2020-01-24 09:38:40.378865,320.89,320.92,1,0.01999999999998181,0.07894352138271188,1,-1,-0.3333333333333333,0.01092
447,2020-01-24 09:38:41,N,AAPL,320.89,2.0,320.92,2.0,1.0,1.0,2020-01-24 09:38:41.291926,320.92,320.94,0,0.03000000000002956,0.0788999178969334,1,1,0.0,0.01092
448,2020-01-24 09:38:42,N,AAPL,320.92,1.0,320.94,1.0,-1.0,-3.0,2020-01-24 09:38:42.566376,320.93,320.96,0,0.01999999999998181,0.07890238036435449,1,-1,0.0,0.01092
449,2020-01-24 09:38:43,N,AAPL,320.93,4.0,320.96,1.0,3.0,0.0,2020-01-24 09:38:43.064885,320.94,320.98,0,0.029999999999972715,0.07870994309678281,1,1,0.6,0.01092
450,2020-01-24 09:38:44,N,AAPL,320.94,2.0,320.98,1.0,1.0,0.0,2020-01-24 09:38:44.032105,320.96,320.99,0,0.040000000000020464,0.07859913638151284,1,1,0.3333333333333333,0.01092
451,2020-01-24 09:38:45,N,AAPL,320.96,4.0,320.99,1.0,1.0,0.0,2020-01-24 09:38:45.365135,320.97,320.99,0,0.03000000000002956,0.07781480314025657,1,-1,0.6,0.01092
452,2020-01-24 09:38:46,N,AAPL,320.97,4.0,320.99,1.0,-2.0,0.0,2020-01-24 09:38:46.003392,320.93,320.96,-1,0.01999999999998181,0.07703273467694771,1,-1,0.6,0.01092
453,2020-01-24 09:38:47,N,AAPL,320.93,5.0,320.96,1.0,0.0,-3.0,2020-01-24 09:38:47.012270,320.94,320.97,0,0.029999999999972715,0.07660342306621715,1,1,0.6666666666666666,0.01092
454,2020-01-24 09:38:48,N,AAPL,320.94,2.0,320.97,1.0,0.0,0.0,2020-01-24 09:38:48.139416,320.96,321.0,0,0.03000000000002956,0.07644400446599775,1,1,0.3333333333333333,0.01092
455,2020-01-24 09:38:49,N,AAPL,320.96,3.0,321.0,9.0,-1.0,8.0,2020-01-24 09:38:49.472526,320.96,321.0,0,0.040000000000020464,0.07655079631740591,1,1,-0.5,0.01092
456,2020-01-24 09:38:50,N,AAPL,320.96,2.0,321.0,9.0,1.0,7.0,2020-01-24 09:38:50.239573,320.96,320.98,0,0.040000000000020464,0.0767272384580906,1,1,-0.6363636363636364,0.01092
457,2020-01-24 09:38:51,N,AAPL,320.96,4.0,320.98,1.0,3.0,0.0,2020-01-24 09:38:51.011922,320.95,320.97,0,0.020000000000038654,0.07643740112382602,1,-1,0.6,0.01092
458,2020-01-24 09:38:52,N,AAPL,320.95,3.0,320.97,4.0,0.0,0.0,2020-01-24 09:38:52.249997,320.94,320.97,0,0.020000000000038654,0.0703472335047195,1,1,-0.14285714285714285,0.01092
459,2020-01-24 09:38:53,N,AAPL,320.94,5.0,320.97,1.0,4.0,0.0,2020-01-24 09:38:53.015995,320.93,320.97,0,0.03000000000002956,0.0700284630932515,1,1,0.6666666666666666,0.01092
460,2020-01-24 09:38:54,N,AAPL,320.93,3.0,320.97,1.0,1.0,0.0,2020-01-24 09:38:54.076052,320.96,320.99,0,0.040000000000020464,0.06988403943557842,1,1,0.5,0.01092
461,2020-01-24 09:38:56,N,AAPL,320.96,4.0,320.99,5.0,2.0,4.0,2020-01-24 09:38:56.164516,321.03,321.05,1,0.03000000000002956,0.06965244954852778,1,-1,-0.1111111111111111,0.01092
462,2020-01-24 09:38:57,N,AAPL,321.03,5.0,321.05,9.0,3.0,7.0,2020-01-24 09:38:57.536515,321.03,321.07,0,0.020000000000038654,0.06890646114288757,1,-1,-0.2857142857142857,0.01092
463,2020-01-24 09:38:58,N,AAPL,321.03,2.0,321.07,1.0,0.0,-9.0,2020-01-24 09:38:58.334476,321.03,321.06,0,0.040000000000020464,0.06822747183980482,1,1,0.3333333333333333,0.01092
464,2020-01-24 09:38:59,N,AAPL,321.03,3.0,321.06,1.0,1.0,-1.0,2020-01-24 09:38:59.200672,321.03,321.06,0,0.03000000000002956,0.06781769017646866,1,-1,0.5,0.01092
465,2020-01-24 09:39:00,N,AAPL,321.03,3.0,321.06,1.0,0.0,0.0,2020-01-24 09:39:00.000371,321.03,321.05,0,0.03000000000002956,0.06753913043473858,1,1,0.5,0.01092
466,2020-01-24 09:39:01,N,AAPL,321.03,2.0,321.05,4.0,-1.0,3.0,2020-01-24 09:39:01.417165,321.01,321.04,0,0.020000000000038654,0.06774071865072528,1,-1,-0.3333333333333333,0.01092
467,2020-01-24 09:39:02,N,AAPL,321.01,4.0,321.04,1.0,3.0,-3.0,2020-01-24 09:39:02.210180,321.01,321.04,0,0.03000000000002956,0.06726703727395034,1,1,0.6,0.01092
468,2020-01-24 09:39:03,N,AAPL,321.01,2.0,321.04,1.0,-2.0,0.0,2020-01-24 09:39:03.019452,321.03,321.05,0,0.03000000000002956,0.06691709602489482,1,1,0.3333333333333333,0.01092
469,2020-01-24 09:39:04,N,AAPL,321.03,1.0,321.05,5.0,0.0,4.0,2020-01-24 09:39:04.431254,321.06,321.09,1,0.020000000000038654,0.06717786664654568,1,-1,-0.6666666666666666,0.01092
470,2020-01-24 09:39:05,N,AAPL,321.06,2.0,321.09,1.0,0.0,0.0,2020-01-24 09:39:05.316203,321.09,321.12,0,0.029999999999972715,0.06694325335882922,1,1,0.3333333333333333,0.01092
471,2020-01-24 09:39:06,N,AAPL,321.09,4.0,321.12,3.0,2.0,1.0,2020-01-24 09:39:06.541205,321.05,321.09,0,0.03000000000002956,0.06640189929328244,1,1,0.14285714285714285,0.01092
472,2020-01-24 09:39:07,N,AAPL,321.05,3.0,321.09,2.0,1.0,0.0,2020-01-24 09:39:07.007376,321.05,321.1,0,0.03999999999996362,0.06629307041970378,1,1,0.2,0.01092
473,2020-01-24 09:39:08,N,AAPL,321.05,2.0,321.1,3.0,1.0,0.0,2020-01-24 09:39:08.315802,321.04,321.08,0,0.05000000000001137,0.06634378499444438,1,1,-0.2,0.01092
474,2020-01-24 09:39:09,N,AAPL,321.04,4.0,321.08,2.0,1.0,0.0,2020-01-24 09:39:09.146040,321.07,321.12,0,0.03999999999996362,0.0657299914977898,1,-1,0.3333333333333333,0.01092
475,2020-01-24 09:39:10,N,AAPL,321.07,3.0,321.12,3.0,1.0,0.0,2020-01-24 09:39:10.282636,321.07,321.1,0,0.05000000000001137,0.0651378162152696,1,1,0.0,0.01092
476,2020-01-24 09:39:11,N,AAPL,321.07,1.0,321.1,1.0,-1.0,-1.0,2020-01-24 09:39:11.161029,321.07,321.1,0,0.03000000000002956,0.06469529770197369,1,-1,0.0,0.01092
477,2020-01-24 09:39:12,N,AAPL,321.07,1.0,321.1,4.0,0.0,3.0,2020-01-24 09:39:12.767371,321.07,321.1,0,0.03000000000002956,0.06504779816128803,1,1,-0.6,0.01092
478,2020-01-24 09:39:13,N,AAPL,321.07,1.0,321.1,1.0,0.0,0.0,2020-01-24 09:39:13.039865,321.14,321.16,1,0.03000000000002956,0.06466161836863193,1,1,0.0,0.01092
479,2020-01-24 09:39:14,N,AAPL,321.14,1.0,321.16,1.0,-1.0,-4.0,2020-01-24 09:39:14.124141,321.11,321.15,0,0.020000000000038654,0.06419585967171315,1,-1,0.0,0.01092
480,2020-01-24 09:39:15,N,AAPL,321.11,2.0,321.15,4.0,0.0,3.0,2020-01-24 09:39:15.167202,321.12,321.16,0,0.03999999999996362,0.06400610205389512,1,1,-0.3333333333333333,0.01092
481,2020-01-24 09:39:16,N,AAPL,321.12,4.0,321.16,1.0,2.0,-1.0,2020-01-24 09:39:16.215721,321.12,321.17,0,0.040000000000020464,0.06298984526102913,1,1,0.6,0.01092
482,2020-01-24 09:39:17,N,AAPL,321.12,2.0,321.17,2.0,-1.0,0.0,2020-01-24 09:39:17.020666,321.06,321.1,-1,0.05000000000001137,0.0628632193867702,1,1,0.0,0.01092
483,2020-01-24 09:39:18,N,AAPL,321.06,1.0,321.1,2.0,-4.0,1.0,2020-01-24 09:39:18.014810,321.07,321.1,0,0.040000000000020464,0.06304646508033329,1,-1,-0.3333333333333333,0.01092
484,2020-01-24 09:39:19,N,AAPL,321.07,2.0,321.1,2.0,1.0,1.0,2020-01-24 09:39:19.091806,321.08,321.11,0,0.03000000000002956,0.06242819379332332,1,-1,0.0,0.01092
485,2020-01-24 09:39:20,N,AAPL,321.08,1.0,321.11,2.0,0.0,0.0,2020-01-24 09:39:20.378288,321.07,321.1,0,0.03000000000002956,0.062429856695587205,1,1,-0.3333333333333333,0.01092
486,2020-01-24 09:39:21,N,AAPL,321.07,1.0,321.1,2.0,0.0,0.0,2020-01-24 09:39:21.526607,321.07,321.1,0,0.03000000000002956,0.06246334801977582,1,1,-0.3333333333333333,0.01092
487,2020-01-24 09:39:22,N,AAPL,321.07,5.0,321.1,1.0,3.0,0.0,2020-01-24 09:39:22.001113,321.09,321.13,0,0.03000000000002956,0.06140327914010868,1,1,0.6666666666666666,0.01092
488,2020-01-24 09:39:23,N,AAPL,321.09,1.0,321.13,2.0,-1.0,1.0,2020-01-24 09:39:23.037447,321.13,321.16,0,0.040000000000020464,0.06128291885039516,1,1,-0.3333333333333333,0.01092
489,2020-01-24 09:39:24,N,AAPL,321.13,1.0,321.16,1.0,-2.0,0.0,2020-01-24 09:39:24.196260,321.12,321.13,0,0.03000000000002956,0.06082199526565546,1,-1,0.0,0.01092
490,2020-01-24 09:39:25,N,AAPL,321.12,2.0,321.13,4.0,-3.0,-1.0,2020-01-24 09:39:25.534678,321.12,321.16,0,0.009999999999990905,0.060517561955578,1,-1,-0.3333333333333333,0.01092
491,2020-01-24 09:39:26,N,AAPL,321.12,3.0,321.16,5.0,0.0,1.0,2020-01-24 09:39:26.052070,321.16,321.18,0,0.040000000000020464,0.06022075281885009,1,1,-0.25,0.01092
492,2020-01-24 09:39:27,N,AAPL,321.16,6.0,321.18,2.0,0.0,0.0,2020-01-24 09:39:27.000207,321.07,321.1,-1,0.01999999999998181,0.05824477646712012,1,-1,0.5,0.01092
493,2020-01-24 09:39:28,N,AAPL,321.07,1.0,321.1,3.0,0.0,1.0,2020-01-24 09:39:28.311683,321.05,321.08,0,0.03000000000002956,0.058110425424160894,1,1,-0.5,0.01129
494,2020-01-24 09:39:29,N,AAPL,321.05,2.0,321.08,2.0,0.0,0.0,2020-01-24 09:39:29.187084,321.06,321.1,0,0.029999999999972715,0.05770759997994901,1,-1,0.0,0.01129
495,2020-01-24 09:39:30,N,AAPL,321.06,1.0,321.1,4.0,-1.0,2.0,2020-01-24 09:39:30.126891,321.06,321.1,0,0.040000000000020464,0.057409375284748876,1,1,-0.6,0.01129
496,2020-01-24 09:39:31,N,AAPL,321.06,4.0,321.1,2.0,2.0,0.0,2020-01-24 09:39:31.426220,321.08,321.11,0,0.040000000000020464,0.054441223334890765,1,1,0.3333333333333333,0.01129
497,2020-01-24 09:39:32,N,AAPL,321.08,3.0,321.11,1.0,2.0,-1.0,2020-01-24 09:39:32.192960,321.08,321.11,0,0.03000000000002956,0.05382535460995541,1,-1,0.5,0.01129
498,2020-01-24 09:39:33,N,AAPL,321.08,2.0,321.11,1.0,1.0,0.0,2020-01-24 09:39:33.129458,321.07,321.1,0,0.03000000000002956,0.05383366091189146,1,1,0.3333333333333333,0.01129
499,2020-01-24 09:39:34,N,AAPL,321.07,1.0,321.1,2.0,0.0,-1.0,2020-01-24 09:39:34.345009,321.08,321.11,0,0.03000000000002956,0.05416575313466865,1,1,-0.3333333333333333,0.01129
500,2020-01-24 09:39:35,N,AAPL,321.08,1.0,321.11,2.0,0.0,0.0,2020-01-24 09:39:35.413307,321.1,321.11,0,0.03000000000002956,0.05415737907588891,1,1,-0.3333333333333333,0.01129
501,2020-01-24 09:39:36,N,AAPL,321.1,1.0,321.11,1.0,0.0,-1.0,2020-01-24 09:39:36.672322,321.1,321.11,0,0.009999999999990905,0.05287280134808725,1,-1,0.0,0.01129
502,2020-01-24 09:39:37,N,AAPL,321.1,1.0,321.11,1.0,-3.0,0.0,2020-01-24 09:39:37.506301,321.09,321.11,0,0.009999999999990905,0.0522931446935786,1,1,0.0,0.01129
503,2020-01-24 09:39:38,N,AAPL,321.09,2.0,321.11,1.0,1.0,0.0,2020-01-24 09:39:38.202590,321.06,321.09,0,0.020000000000038654,0.05158649200433274,1,1,0.3333333333333333,0.01129
504,2020-01-24 09:39:39,N,AAPL,321.06,1.0,321.09,4.0,-1.0,3.0,2020-01-24 09:39:39.038743,321.09,321.13,0,0.029999999999972715,0.05180490393206583,1,1,-0.6,0.01129
505,2020-01-24 09:39:40,N,AAPL,321.09,4.0,321.13,1.0,3.0,0.0,2020-01-24 09:39:40.137512,321.11,321.15,0,0.040000000000020464,0.04992156791149682,1,1,0.6,0.01129
506,2020-01-24 09:39:41,N,AAPL,321.11,1.0,321.15,5.0,0.0,4.0,2020-01-24 09:39:41.112139,321.14,321.18,0,0.03999999999996362,0.05022209150541812,1,-1,-0.6666666666666666,0.01129
507,2020-01-24 09:39:42,N,AAPL,321.14,2.0,321.18,5.0,1.0,3.0,2020-01-24 09:39:42.110347,321.11,321.15,0,0.040000000000020464,0.049895326086414116,1,1,-0.42857142857142855,0.01129
508,2020-01-24 09:39:43,N,AAPL,321.11,1.0,321.15,2.0,-1.0,0.0,2020-01-24 09:39:43.527001,321.16,321.19,1,0.03999999999996362,0.050718897505760197,1,-1,-0.3333333333333333,0.01129
509,2020-01-24 09:39:46,N,AAPL,321.16,4.0,321.19,5.0,3.0,3.0,2020-01-24 09:39:46.585846,321.19,321.2,0,0.029999999999972715,0.050813225022807273,1,-1,-0.1111111111111111,0.01129
510,2020-01-24 09:39:47,N,AAPL,321.19,5.0,321.2,3.0,4.0,-23.0,2020-01-24 09:39:47.970912,321.19,321.21,0,0.009999999999990905,0.049590394968902274,1,-1,0.25,0.01129
511,2020-01-24 09:39:49,N,AAPL,321.19,4.0,321.21,5.0,-1.0,2.0,2020-01-24 09:39:49.079025,321.24,321.26,1,0.01999999999998181,0.048290877846625335,1,1,-0.1111111111111111,0.01129
512,2020-01-24 09:39:50,N,AAPL,321.24,2.0,321.26,2.0,-2.0,-1.0,2020-01-24 09:39:50.031742,321.29,321.31,1,0.01999999999998181,0.04753605153621265,1,1,0.0,0.01129
513,2020-01-24 09:39:52,N,AAPL,321.29,1.0,321.31,2.0,-1.0,0.0,2020-01-24 09:39:52.298636,321.28,321.31,0,0.01999999999998181,0.04721318456068957,1,1,-0.3333333333333333,0.01129
514,2020-01-24 09:39:53,N,AAPL,321.28,1.0,321.31,2.0,0.0,1.0,2020-01-24 09:39:53.155860,321.32,321.33,1,0.03000000000002956,0.0476010927053494,1,1,-0.3333333333333333,0.01129
515,2020-01-24 09:39:54,N,AAPL,321.32,1.0,321.33,10.0,0.0,9.0,2020-01-24 09:39:54.899083,321.34,321.36,1,0.009999999999990905,0.04994419172567177,1,-1,-0.8181818181818182,0.01129
516,2020-01-24 09:39:55,N,AAPL,321.34,1.0,321.36,27.0,0.0,23.0,2020-01-24 09:39:55.132375,321.34,321.37,0,0.020000000000038654,0.058012173290308056,1,1,-0.9285714285714286,0.01129
517,2020-01-24 09:39:58,N,AAPL,321.34,4.0,321.37,2.0,-1.0,1.0,2020-01-24 09:39:58.310396,321.34,321.35,0,0.03000000000002956,0.05427523727348671,1,1,0.3333333333333333,0.01129
518,2020-01-24 09:40:00,N,AAPL,321.34,5.0,321.35,4.0,4.0,-15.0,2020-01-24 09:40:00.114875,321.33,321.33,-1,0.010000000000047748,0.05245393685993349,1,-1,0.1111111111111111,0.01129
519,2020-01-24 09:40:01,N,AAPL,321.33,1.0,321.33,8.0,-4.0,4.0,2020-01-24 09:40:01.117209,321.35,321.38,1,0.0,0.053789839036483045,1,-1,-0.7777777777777778,0.01129
520,2020-01-24 09:40:02,N,AAPL,321.35,2.0,321.38,4.0,-3.0,2.0,2020-01-24 09:40:02.507126,321.38,321.39,0,0.029999999999972715,0.05326120867505324,1,1,-0.3333333333333333,0.01129
521,2020-01-24 09:40:03,N,AAPL,321.38,1.0,321.39,5.0,-132.0,1.0,2020-01-24 09:40:03.693449,321.37,321.39,0,0.009999999999990905,0.05439478156529276,1,-1,-0.6666666666666666,0.01129
522,2020-01-24 09:40:04,N,AAPL,321.37,132.0,321.39,2.0,131.0,0.0,2020-01-24 09:40:04.071917,321.39,321.4,0,0.01999999999998181,-0.00921994228474432,1,1,0.9701492537313433,0.01129
523,2020-01-24 09:40:05,N,AAPL,321.39,5.0,321.4,3.0,4.0,1.0,2020-01-24 09:40:05.120742,321.39,321.4,0,0.009999999999990905,-0.010760674963648853,1,-1,0.25,0.01323
524,2020-01-24 09:40:07,N,AAPL,321.39,8.0,321.4,2.0,-120.0,-5.0,2020-01-24 09:40:07.832364,321.4,321.42,0,0.009999999999990905,-0.013493252520504484,1,1,0.6,0.01323
525,2020-01-24 09:40:08,N,AAPL,321.4,4.0,321.42,2.0,3.0,0.0,2020-01-24 09:40:08.061075,321.41,321.44,0,0.020000000000038654,-0.014704222375144127,1,1,0.3333333333333333,0.01323
526,2020-01-24 09:40:09,N,AAPL,321.41,1.0,321.44,6.0,0.0,5.0,2020-01-24 09:40:09.419458,321.44,321.46,0,0.029999999999972715,-0.014158353930383782,1,1,-0.7142857142857143,0.01323
527,2020-01-24 09:40:10,N,AAPL,321.44,3.0,321.46,1.0,1.0,0.0,2020-01-24 09:40:10.643500,321.48,321.49,1,0.01999999999998181,-0.015418785648421363,1,-1,0.5,0.01323
528,2020-01-24 09:40:11,N,AAPL,321.48,96.0,321.49,4.0,-10.0,-4.0,2020-01-24 09:40:11.360481,321.41,321.45,-1,0.009999999999990905,-0.05887897801477493,1,-1,0.92,0.01323
529,2020-01-24 09:40:12,N,AAPL,321.41,2.0,321.45,4.0,1.0,2.0,2020-01-24 09:40:12.150792,321.37,321.41,0,0.03999999999996362,-0.05812630158408183,1,1,-0.3333333333333333,0.01323
530,2020-01-24 09:40:13,N,AAPL,321.37,1.0,321.41,4.0,0.0,0.0,2020-01-24 09:40:13.009696,321.44,321.47,1,0.040000000000020464,-0.057364898558489585,1,1,-0.6,0.01323
531,2020-01-24 09:40:14,N,AAPL,321.44,2.0,321.47,1.0,1.0,-1.0,2020-01-24 09:40:14.505065,321.44,321.48,0,0.03000000000002956,-0.05800990098117609,1,-1,0.3333333333333333,0.01323
532,2020-01-24 09:40:15,N,AAPL,321.44,2.0,321.48,3.0,0.0,1.0,2020-01-24 09:40:15.129179,321.46,321.48,0,0.040000000000020464,-0.057778082505762995,1,1,-0.2,0.01323
533,2020-01-24 09:40:16,N,AAPL,321.46,1.0,321.48,1.0,-4.0,-2.0,2020-01-24 09:40:16.628810,321.46,321.48,0,0.020000000000038654,-0.057606969163487065,1,-1,0.0,0.01323
534,2020-01-24 09:40:17,N,AAPL,321.46,1.0,321.48,1.0,0.0,0.0,2020-01-24 09:40:17.488804,321.48,321.5,0,0.020000000000038654,-0.058271359692128044,1,1,0.0,0.01323
535,2020-01-24 09:40:18,N,AAPL,321.48,4.0,321.5,42.0,3.0,41.0,2020-01-24 09:40:18.696366,321.49,321.5,0,0.01999999999998181,-0.04456681646064453,1,-1,-0.8260869565217391,0.01323
536,2020-01-24 09:40:19,N,AAPL,321.49,4.0,321.5,5.0,0.0,-37.0,2020-01-24 09:40:19.053394,321.57,321.58,1,0.009999999999990905,-0.04586515953963044,1,-1,-0.1111111111111111,0.01323
537,2020-01-24 09:40:21,N,AAPL,321.57,5.0,321.58,2.0,4.0,0.0,2020-01-24 09:40:21.000120,321.57,321.59,0,0.009999999999990905,-0.0476269658058186,1,1,0.42857142857142855,0.01323
538,2020-01-24 09:40:22,N,AAPL,321.57,2.0,321.59,5.0,-3.0,2.0,2020-01-24 09:40:22.158727,321.51,321.55,-1,0.01999999999998181,-0.04658499789263715,1,1,-0.42857142857142855,0.01323
539,2020-01-24 09:40:23,N,AAPL,321.51,2.0,321.55,2.0,1.0,0.0,2020-01-24 09:40:23.105597,321.55,321.57,0,0.040000000000020464,-0.046605100398323884,1,1,0.0,0.01323
540,2020-01-24 09:40:24,N,AAPL,321.55,1.0,321.57,8.0,-1.0,6.0,2020-01-24 09:40:24.736359,321.55,321.59,0,0.01999999999998181,-0.04419177683661246,1,-1,-0.7777777777777778,0.01323
541,2020-01-24 09:40:25,N,AAPL,321.55,1.0,321.59,3.0,-1.0,1.0,2020-01-24 09:40:25.434575,321.62,321.63,1,0.03999999999996362,-0.04373394701769939,1,1,-0.5,0.01323
542,2020-01-24 09:40:26,N,AAPL,321.62,2.0,321.63,1.0,-3.0,-3.0,2020-01-24 09:40:26.304425,321.51,321.53,-1,0.009999999999990905,-0.04486443578491617,1,-1,0.3333333333333333,0.01323
543,2020-01-24 09:40:27,N,AAPL,321.51,2.0,321.53,65.0,1.0,-1.0,2020-01-24 09:40:27.139390,321.46,321.48,-1,0.01999999999998181,-0.02317145482442129,1,1,-0.9402985074626866,0.01323
544,2020-01-24 09:40:28,N,AAPL,321.46,3.0,321.48,2.0,2.0,1.0,2020-01-24 09:40:28.497277,321.44,321.49,0,0.020000000000038654,-0.023815309651809002,1,1,0.2,0.01403
545,2020-01-24 09:40:29,N,AAPL,321.44,3.0,321.49,1.0,-1.0,0.0,2020-01-24 09:40:29.007823,321.38,321.4,-1,0.05000000000001137,-0.023962981276440587,1,1,0.5,0.01403
546,2020-01-24 09:40:30,N,AAPL,321.38,1.0,321.4,4.0,-4.0,2.0,2020-01-24 09:40:30.055579,321.35,321.38,0,0.01999999999998181,-0.023074569363814135,1,-1,-0.6,0.01403
547,2020-01-24 09:40:31,N,AAPL,321.35,2.0,321.38,1.0,0.0,-1.0,2020-01-24 09:40:31.306940,321.38,321.42,0,0.029999999999972715,-0.02404463383948041,1,1,0.3333333333333333,0.01403
548,2020-01-24 09:40:33,N,AAPL,321.38,4.0,321.42,3.0,2.0,2.0,2020-01-24 09:40:33.488365,321.32,321.34,-1,0.040000000000020464,-0.02454008768722815,1,1,0.14285714285714285,0.01403
549,2020-01-24 09:40:34,N,AAPL,321.32,1.0,321.34,5.0,0.0,3.0,2020-01-24 09:40:34.033303,321.27,321.31,-1,0.01999999999998181,-0.02483582200437695,1,-1,-0.6666666666666666,0.01403
550,2020-01-24 09:40:35,N,AAPL,321.27,6.0,321.31,5.0,4.0,4.0,2020-01-24 09:40:35.175416,321.29,321.31,0,0.040000000000020464,-0.02446216515568267,1,1,0.09090909090909091,0.01403
551,2020-01-24 09:40:37,N,AAPL,321.29,2.0,321.31,3.0,0.0,2.0,2020-01-24 09:40:37.447700,321.34,321.39,1,0.01999999999998181,-0.02387363822634825,1,-1,-0.2,0.01403
552,2020-01-24 09:40:38,N,AAPL,321.34,2.0,321.39,4.0,0.0,0.0,2020-01-24 09:40:38.024222,321.39,321.43,0,0.05000000000001137,-0.023312868792345398,1,1,-0.3333333333333333,0.01403
553,2020-01-24 09:40:39,N,AAPL,321.39,1.0,321.43,3.0,0.0,2.0,2020-01-24 09:40:39.175683,321.43,321.48,0,0.040000000000020464,-0.024086309611959678,1,-1,-0.5,0.01403
554,2020-01-24 09:40:40,N,AAPL,321.43,3.0,321.48,1.0,1.0,0.0,2020-01-24 09:40:40.002226,321.45,321.5,0,0.05000000000001137,-0.02569711163170041,1,1,0.5,0.01403
555,2020-01-24 09:40:41,N,AAPL,321.45,4.0,321.5,1.0,-2.0,0.0,2020-01-24 09:40:41.247196,321.47,321.5,0,0.05000000000001137,-0.027225685780479125,1,1,0.6,0.01403
556,2020-01-24 09:40:42,N,AAPL,321.47,5.0,321.5,3.0,1.0,2.0,2020-01-24 09:40:42.503583,321.46,321.49,0,0.029999999999972715,-0.02831615075137961,1,-1,0.25,0.01403
557,2020-01-24 09:40:43,N,AAPL,321.46,1.0,321.49,1.0,0.0,-2.0,2020-01-24 09:40:43.107787,321.46,321.49,0,0.03000000000002956,-0.02834026352593355,1,1,0.0,0.01403
558,2020-01-24 09:40:44,N,AAPL,321.46,3.0,321.49,4.0,-1.0,1.0,2020-01-24 09:40:44.020782,321.49,321.52,0,0.03000000000002956,-0.028419376309727795,1,1,-0.14285714285714285,0.01403
559,2020-01-24 09:40:45,N,AAPL,321.49,4.0,321.52,2.0,2.0,1.0,2020-01-24 09:40:45.635862,321.5,321.52,0,0.029999999999972715,-0.028968444162615015,1,-1,0.3333333333333333,0.01403
560,2020-01-24 09:40:46,N,AAPL,321.5,2.0,321.52,1.0,0.0,-60.0,2020-01-24 09:40:46.008470,321.51,321.53,0,0.01999999999998181,-0.029022246886256653,1,-1,0.3333333333333333,0.01403
561,2020-01-24 09:40:47,N,AAPL,321.51,1.0,321.53,1.0,-2.0,-1.0,2020-01-24 09:40:47.008650,321.5,321.54,0,0.01999999999998181,-0.029501021764644975,1,1,0.0,0.01403
562,2020-01-24 09:40:49,N,AAPL,321.5,14.0,321.54,3.0,10.0,-2.0,2020-01-24 09:40:49.131263,321.5,321.54,0,0.040000000000020464,-0.021367274966451077,1,1,0.6470588235294118,0.01403
563,2020-01-24 09:40:50,N,AAPL,321.5,15.0,321.54,8.0,1.0,5.0,2020-01-24 09:40:50.258331,321.5,321.53,0,0.040000000000020464,-0.02392732142203613,1,1,0.30434782608695654,0.01403
564,2020-01-24 09:40:51,N,AAPL,321.5,15.0,321.53,5.0,0.0,-3.0,2020-01-24 09:40:51.578688,321.5,321.52,0,0.029999999999972715,-0.02753053464448385,1,-1,0.5,0.01403
565,2020-01-24 09:40:52,N,AAPL,321.5,12.0,321.52,2.0,-3.0,-1.0,2020-01-24 09:40:52.027517,321.48,321.51,0,0.01999999999998181,-0.016066579476955667,1,-1,0.7142857142857143,0.01403
566,2020-01-24 09:40:53,N,AAPL,321.48,1.0,321.51,5.0,-10.0,3.0,2020-01-24 09:40:53.303634,321.4,321.43,-1,0.029999999999972715,-0.014868459138710932,1,1,-0.6666666666666666,0.01403
567,2020-01-24 09:40:54,N,AAPL,321.4,3.0,321.43,5.0,1.0,4.0,2020-01-24 09:40:54.487546,321.38,321.41,0,0.03000000000002956,-0.01394002038165354,1,1,-0.25,0.01403
568,2020-01-24 09:40:55,N,AAPL,321.38,5.0,321.41,1.0,2.0,0.0,2020-01-24 09:40:55.051691,321.42,321.46,1,0.03000000000002956,-0.014785244905851869,1,1,0.6666666666666666,0.01403
569,2020-01-24 09:40:56,N,AAPL,321.42,4.0,321.46,2.0,3.0,1.0,2020-01-24 09:40:56.465166,321.38,321.41,-1,0.03999999999996362,0.002489068023692198,1,1,0.3333333333333333,0.01403
570,2020-01-24 09:40:57,N,AAPL,321.38,5.0,321.41,4.0,0.0,1.0,2020-01-24 09:40:57.563311,321.37,321.39,0,0.03000000000002956,0.0014116270039608025,1,-1,0.1111111111111111,0.01403
571,2020-01-24 09:40:58,N,AAPL,321.37,4.0,321.39,5.0,1.0,4.0,2020-01-24 09:40:58.730159,321.32,321.36,-1,0.01999999999998181,0.0021145422836639227,1,-1,-0.1111111111111111,0.01403
572,2020-01-24 09:40:59,N,AAPL,321.32,1.0,321.36,1.0,-9.0,-1.0,2020-01-24 09:40:59.456382,321.35,321.37,0,0.040000000000020464,0.0022490782236559426,1,1,0.0,0.01403
573,2020-01-24 09:41:00,N,AAPL,321.35,1.0,321.37,1.0,-1.0,-1.0,2020-01-24 09:41:00.491640,321.36,321.4,0,0.01999999999998181,0.0033196053382766877,1,-1,0.0,0.01403
574,2020-01-24 09:41:01,N,AAPL,321.36,2.0,321.4,3.0,1.0,2.0,2020-01-24 09:41:01.049958,321.36,321.38,0,0.03999999999996362,0.0035148895787529,1,1,-0.2,0.01403
575,2020-01-24 09:41:02,N,AAPL,321.36,2.0,321.38,4.0,1.0,2.0,2020-01-24 09:41:02.394717,321.37,321.41,0,0.01999999999998181,0.004095839138983592,1,-1,-0.3333333333333333,0.01403
576,2020-01-24 09:41:03,N,AAPL,321.37,1.0,321.41,2.0,0.0,1.0,2020-01-24 09:41:03.016756,321.39,321.41,0,0.040000000000020464,0.004268202647438102,1,1,-0.3333333333333333,0.01403
577,2020-01-24 09:41:04,N,AAPL,321.39,2.0,321.41,2.0,0.0,1.0,2020-01-24 09:41:04.548039,321.39,321.4,0,0.020000000000038654,0.004353907546772007,1,-1,0.0,0.01403
578,2020-01-24 09:41:06,N,AAPL,321.39,1.0,321.4,4.0,-1.0,3.0,2020-01-24 09:41:06.871113,321.37,321.4,0,0.009999999999990905,0.004780430592461471,1,-1,-0.6,0.01403
579,2020-01-24 09:41:07,N,AAPL,321.37,1.0,321.4,3.0,-1.0,1.0,2020-01-24 09:41:07.803579,321.41,321.45,1,0.029999999999972715,0.005464799476897042,1,1,-0.5,0.01403
580,2020-01-24 09:41:08,N,AAPL,321.41,4.0,321.45,3.0,0.0,2.0,2020-01-24 09:41:08.055920,321.41,321.44,0,0.03999999999996362,0.005398170628382104,1,1,0.14285714285714285,0.01403
581,2020-01-24 09:41:09,N,AAPL,321.41,3.0,321.44,1.0,2.0,-1.0,2020-01-24 09:41:09.805367,321.43,321.46,0,0.029999999999972715,0.005545690057829233,1,-1,0.5,0.01403
582,2020-01-24 09:41:10,N,AAPL,321.43,3.0,321.46,1.0,1.0,0.0,2020-01-24 09:41:10.021961,321.42,321.43,0,0.029999999999972715,0.005308299270041061,1,1,0.5,0.01403
583,2020-01-24 09:41:11,N,AAPL,321.42,1.0,321.43,1.0,-4.0,-1.0,2020-01-24 09:41:11.481056,321.38,321.42,0,0.009999999999990905,0.004874242733762912,1,-1,0.0,0.01403
584,2020-01-24 09:41:12,N,AAPL,321.38,3.0,321.42,3.0,-2.0,2.0,2020-01-24 09:41:12.184455,321.43,321.46,1,0.040000000000020464,0.0053808446455718695,1,1,0.0,0.01403
585,2020-01-24 09:41:13,N,AAPL,321.43,2.0,321.46,1.0,1.0,-1.0,2020-01-24 09:41:13.095916,321.42,321.46,0,0.029999999999972715,0.004750530362400696,1,-1,0.3333333333333333,0.01455
586,2020-01-24 09:41:14,N,AAPL,321.42,3.0,321.46,2.0,2.0,1.0,2020-01-24 09:41:14.143379,321.41,321.44,0,0.03999999999996362,0.004437731644770793,1,1,0.2,0.01455
587,2020-01-24 09:41:15,N,AAPL,321.41,4.0,321.44,1.0,3.0,-1.0,2020-01-24 09:41:15.706948,321.46,321.49,1,0.029999999999972715,0.0037597844496986,1,-1,0.6,0.01455
588,2020-01-24 09:41:16,N,AAPL,321.46,1.0,321.49,2.0,0.0,1.0,2020-01-24 09:41:16.763724,321.46,321.5,0,0.03000000000002956,0.00392369548762872,1,1,-0.3333333333333333,0.01455
589,2020-01-24 09:41:17,N,AAPL,321.46,2.0,321.5,1.0,-1.0,-2.0,2020-01-24 09:41:17.240146,321.48,321.53,0,0.040000000000020464,0.003696905401852746,1,1,0.3333333333333333,0.01455
590,2020-01-24 09:41:18,N,AAPL,321.48,3.0,321.53,4.0,0.0,2.0,2020-01-24 09:41:18.189142,321.5,321.52,0,0.049999999999954525,0.004162532744885539,1,1,-0.14285714285714285,0.01455
591,2020-01-24 09:41:19,N,AAPL,321.5,1.0,321.52,2.0,0.0,0.0,2020-01-24 09:41:19.618884,321.48,321.52,0,0.01999999999998181,0.00508318341235281,1,-1,-0.3333333333333333,0.01455
