,last_interval,Exchange,Symbol,Best_Bid_Price,FB0,Best_Offer_Price,FA0,FB2,FA2,p_time,Next_Best_Bid,Next_Best_Offer,outcome,Spread,AWS,Anomaly,Spread Change,Quote IMB,VPIN
0,2020-01-21 09:30:03,N,AAPL,317.08,1.0,317.17,4.0,0.0,-21.0,2020-01-21 09:30:03.071319,317.1,317.22,0,0.09000000000003183,0.09000000000003183,0,0,-0.6,0.00012
1,2020-01-21 09:30:17,N,AAPL,317.1,11.0,317.22,3.0,-4.0,-1.0,2020-01-21 09:30:17.437342,317.18,317.2,0,0.12000000000000455,0.09309523809525899,0,1,0.5714285714285714,0.00012
2,2020-01-21 09:30:22,N,AAPL,317.18,1.0,317.2,1.0,-10.0,-2.0,2020-01-21 09:30:22.481576,317.18,317.2,0,0.01999999999998181,0.08788461538455294,1,-1,0.0,0.00012
3,2020-01-21 09:30:23,N,AAPL,317.18,1.0,317.2,1.0,-3.0,-3.0,2020-01-21 09:30:23.007867,317.19,317.2,0,0.01999999999998181,0.08333333333325754,1,1,0.0,0.00012
4,2020-01-21 09:30:24,N,AAPL,317.19,4.0,317.2,1.0,2.0,-2.0,2020-01-21 09:30:24.048904,317.16,317.21,0,0.009999999999990905,0.06622222222210894,1,-1,0.6,0.00012
5,2020-01-21 09:30:25,N,AAPL,317.16,2.0,317.21,4.0,1.0,3.0,2020-01-21 09:30:25.067412,317.16,317.21,0,0.049999999999954525,0.06757142857139797,1,1,-0.3333333333333333,0.00012
6,2020-01-21 09:30:26,N,AAPL,317.16,2.0,317.21,2.0,1.0,0.0,2020-01-21 09:30:26.226849,317.19,317.25,0,0.049999999999954525,0.066363636363576,1,1,0.0,0.00012
7,2020-01-21 09:30:27,N,AAPL,317.19,1.0,317.25,3.0,-2.0,-1.0,2020-01-21 09:30:27.012751,317.17,317.25,0,0.060000000000002274,0.07180778032034141,0,1,-0.5,0.00012
8,2020-01-21 09:30:28,N,AAPL,317.17,2.0,317.25,2.0,0.0,1.0,2020-01-21 09:30:28.017307,317.19,317.25,0,0.07999999999998408,0.07310476190474446,0,1,0.0,0.00012
9,2020-01-21 09:30:29,N,AAPL,317.19,2.0,317.25,1.0,-1.0,-1.0,2020-01-21 09:30:29.047105,317.24,317.26,0,0.060000000000002274,0.07104377104371906,0,-1,0.3333333333333333,0.00012
10,2020-01-21 09:30:30,N,AAPL,317.24,2.0,317.26,1.0,1.0,0.0,2020-01-21 09:30:30.303457,317.21,317.26,0,0.01999999999998181,0.06634182908544517,1,-1,0.3333333333333333,0.00012
11,2020-01-21 09:30:31,N,AAPL,317.21,3.0,317.26,1.0,1.0,0.0,2020-01-21 09:30:31.469575,317.25,317.27,0,0.05000000000001137,0.06250000000005684,1,1,0.5,0.00012
12,2020-01-21 09:30:33,N,AAPL,317.25,3.0,317.27,1.0,2.0,0.0,2020-01-21 09:30:33.755159,317.29,317.34,1,0.01999999999998181,0.05645714285719805,1,-1,0.5,0.00012
13,2020-01-21 09:30:37,N,AAPL,317.29,2.0,317.34,1.0,1.0,0.0,2020-01-21 09:30:37.795934,317.33,317.36,0,0.049999999999954525,0.054230769230798614,1,1,0.3333333333333333,0.00012
14,2020-01-21 09:30:40,N,AAPL,317.33,4.0,317.36,1.0,2.0,0.0,2020-01-21 09:30:40.435714,317.36,317.4,0,0.03000000000002956,0.04364950316175964,1,-1,0.6,0.00012
15,2020-01-21 09:30:43,N,AAPL,317.36,4.0,317.4,8.0,3.0,7.0,2020-01-21 09:30:43.006401,317.37,317.39,0,0.03999999999996362,0.06717460317457835,0,1,-0.3333333333333333,0.00012
16,2020-01-21 09:30:46,N,AAPL,317.37,2.0,317.39,4.0,-2.0,-4.0,2020-01-21 09:30:46.038511,317.3,317.35,-1,0.01999999999998181,0.0724713584287997,0,-1,-0.3333333333333333,0.00012
17,2020-01-21 09:30:47,N,AAPL,317.3,2.0,317.35,1.0,1.0,-2.0,2020-01-21 09:30:47.119735,317.3,317.35,0,0.05000000000001137,0.07045918367344939,0,1,0.3333333333333333,0.00012
18,2020-01-21 09:30:48,N,AAPL,317.3,2.0,317.35,4.0,0.0,-1.0,2020-01-21 09:30:48.224715,317.31,317.36,0,0.05000000000001137,0.07314616755792258,0,1,-0.3333333333333333,0.00012
19,2020-01-21 09:30:49,N,AAPL,317.31,2.0,317.36,5.0,-2.0,2.0,2020-01-21 09:30:49.462071,317.31,317.33,0,0.05000000000001137,0.07686176357333352,1,1,-0.42857142857142855,0.00012
20,2020-01-21 09:30:50,N,AAPL,317.31,2.0,317.33,2.0,0.0,-3.0,2020-01-21 09:30:50.769887,317.29,317.34,0,0.01999999999998181,0.07489126559715942,0,-1,0.0,0.00012
21,2020-01-21 09:30:51,N,AAPL,317.29,1.0,317.34,2.0,-1.0,1.0,2020-01-21 09:30:51.673946,317.27,317.32,0,0.049999999999954525,0.07529649595682031,0,1,-0.3333333333333333,0.00012
22,2020-01-21 09:30:52,N,AAPL,317.27,2.0,317.32,1.0,-2.0,-1.0,2020-01-21 09:30:52.168550,317.28,317.31,0,0.05000000000001137,0.07408684546612676,0,1,0.3333333333333333,0.00012
23,2020-01-21 09:30:53,N,AAPL,317.28,1.0,317.31,2.0,-1.0,0.0,2020-01-21 09:30:53.387331,317.26,317.29,0,0.03000000000002956,0.07354116222757057,0,-1,-0.3333333333333333,0.00012
24,2020-01-21 09:30:54,N,AAPL,317.26,2.0,317.29,2.0,0.0,0.0,2020-01-21 09:30:54.047628,317.08,317.13,-1,0.03000000000002956,0.07209723007343882,0,1,0.0,0.00012
25,2020-01-21 09:30:55,N,AAPL,317.08,6.0,317.13,4.0,5.0,2.0,2020-01-21 09:30:55.389884,317.03,317.09,0,0.05000000000001137,0.0743572460279438,0,1,0.2,0.00012
26,2020-01-21 09:30:56,N,AAPL,317.03,1.0,317.09,5.0,-1.0,3.0,2020-01-21 09:30:56.582866,317.03,317.1,0,0.060000000000002274,0.06225856014054898,1,1,-0.6666666666666666,0.00012
27,2020-01-21 09:30:57,N,AAPL,317.03,1.0,317.1,1.0,0.0,0.0,2020-01-21 09:30:57.576845,317.01,317.08,0,0.07000000000005002,0.062333759590785576,1,1,0.0,0.00012
28,2020-01-21 09:30:58,N,AAPL,317.01,3.0,317.08,4.0,0.0,0.0,2020-01-21 09:30:58.315557,317.01,317.09,0,0.06999999999999318,0.06000000000005912,1,-1,-0.14285714285714285,0.00012
29,2020-01-21 09:30:59,N,AAPL,317.01,1.0,317.09,2.0,-1.0,-3.0,2020-01-21 09:30:59.069099,317.01,317.08,0,0.07999999999998408,0.05800259163282817,1,1,-0.3333333333333333,0.00012
30,2020-01-21 09:31:00,N,AAPL,317.01,3.0,317.08,4.0,-1.0,0.0,2020-01-21 09:31:00.425658,317.05,317.08,0,0.06999999999999318,0.05640013495280982,1,-1,-0.14285714285714285,0.00012
31,2020-01-21 09:31:01,N,AAPL,317.05,1.0,317.08,1.0,-3.0,-2.0,2020-01-21 09:31:01.092707,316.99,317.03,-1,0.029999999999972715,0.05611211573238961,1,-1,0.0,0.00012
32,2020-01-21 09:31:02,N,AAPL,316.99,2.0,317.03,1.0,-19.0,-3.0,2020-01-21 09:31:02.010253,316.84,316.86,-1,0.03999999999996362,0.058455696202543095,1,1,0.3333333333333333,0.00012
33,2020-01-21 09:31:03,N,AAPL,316.84,2.0,316.86,2.0,-8.0,0.0,2020-01-21 09:31:03.169548,316.81,316.88,0,0.020000000000038654,0.05762119843421942,1,-1,0.0,0.00012
34,2020-01-21 09:31:04,N,AAPL,316.81,2.0,316.88,4.0,-13.0,2.0,2020-01-21 09:31:04.020717,316.8,316.85,0,0.06999999999999318,0.05001400952653512,1,1,-0.3333333333333333,0.00012
35,2020-01-21 09:31:06,N,AAPL,316.8,2.0,316.85,4.0,-18.0,2.0,2020-01-21 09:31:06.155549,316.73,316.76,-1,0.05000000000001137,0.042352941176545755,1,-1,-0.3333333333333333,0.00012
36,2020-01-21 09:31:08,N,AAPL,316.73,6.0,316.76,3.0,5.0,1.0,2020-01-21 09:31:08.064699,316.72,316.76,0,0.029999999999972715,0.05635590216235187,1,-1,0.3333333333333333,0.00012
37,2020-01-21 09:31:10,N,AAPL,316.72,1.0,316.76,4.0,-18.0,3.0,2020-01-21 09:31:10.606390,316.68,316.7,-1,0.03999999999996362,0.043247422680451564,1,1,-0.6,0.00012
38,2020-01-21 09:31:11,N,AAPL,316.68,1.0,316.7,4.0,0.0,0.0,2020-01-21 09:31:11.110172,316.69,316.72,0,0.01999999999998181,0.029487916533582847,1,-1,-0.6,0.00012
39,2020-01-21 09:31:12,N,AAPL,316.69,1.0,316.72,2.0,0.0,-2.0,2020-01-21 09:31:12.160883,316.71,316.77,0,0.03000000000002956,0.02572092542862947,1,1,-0.3333333333333333,0.00034
40,2020-01-21 09:31:13,N,AAPL,316.71,2.0,316.77,2.0,1.0,0.0,2020-01-21 09:31:13.124097,316.84,316.9,1,0.060000000000002274,0.027098214285729227,1,1,0.0,0.00034
41,2020-01-21 09:31:14,N,AAPL,316.84,2.0,316.9,2.0,1.0,1.0,2020-01-21 09:31:14.219298,316.87,316.96,0,0.060000000000002274,0.02817184817854468,1,1,0.0,0.00034
42,2020-01-21 09:31:15,N,AAPL,316.87,1.0,316.96,2.0,0.0,0.0,2020-01-21 09:31:15.064538,316.8,316.87,0,0.08999999999997499,0.02739505143176757,1,1,-0.3333333333333333,0.00034
43,2020-01-21 09:31:16,N,AAPL,316.8,3.0,316.87,2.0,2.0,0.0,2020-01-21 09:31:16.558278,316.71,316.79,-1,0.06999999999999318,0.03157392686807725,1,-1,0.2,0.00034
44,2020-01-21 09:31:17,N,AAPL,316.71,2.0,316.79,4.0,0.0,3.0,2020-01-21 09:31:17.316155,316.77,316.83,0,0.08000000000004093,0.027339464882970788,1,1,-0.3333333333333333,0.00034
45,2020-01-21 09:31:18,N,AAPL,316.77,4.0,316.83,1.0,2.0,-1.0,2020-01-21 09:31:18.836492,316.77,316.83,0,0.060000000000002274,0.036522988505794274,1,-1,0.6,0.00034
46,2020-01-21 09:31:19,N,AAPL,316.77,2.0,316.83,1.0,-2.0,0.0,2020-01-21 09:31:19.093917,316.91,317.0,1,0.060000000000002274,0.03963014763019146,1,1,0.3333333333333333,0.00034
47,2020-01-21 09:31:21,N,AAPL,316.91,3.0,317.0,2.0,2.0,0.0,2020-01-21 09:31:21.022671,316.89,316.96,0,0.08999999999997499,0.04199821521535796,1,1,0.2,0.00034
48,2020-01-21 09:31:22,N,AAPL,316.89,4.0,316.96,6.0,0.0,4.0,2020-01-21 09:31:22.020819,317.04,317.1,1,0.06999999999999318,0.04096615384622737,1,-1,-0.2,0.00034
49,2020-01-21 09:31:24,N,AAPL,317.04,2.0,317.1,6.0,0.0,3.0,2020-01-21 09:31:24.673621,317.11,317.17,1,0.060000000000002274,0.04136955545578758,1,-1,-0.5,0.00034
50,2020-01-21 09:31:25,N,AAPL,317.11,2.0,317.17,1.0,0.0,-1.0,2020-01-21 09:31:25.280017,317.18,317.23,1,0.060000000000002274,0.041026170798886596,1,1,0.3333333333333333,0.00034
51,2020-01-21 09:31:26,N,AAPL,317.18,2.0,317.23,2.0,0.0,1.0,2020-01-21 09:31:26.857580,317.18,317.26,0,0.05000000000001137,0.04099563159815034,1,-1,0.0,0.00034
52,2020-01-21 09:31:27,N,AAPL,317.18,1.0,317.26,4.0,-1.0,2.0,2020-01-21 09:31:27.115675,317.2,317.27,0,0.07999999999998408,0.0446622253389819,1,1,-0.6,0.00034
53,2020-01-21 09:31:29,N,AAPL,317.2,3.0,317.27,2.0,2.0,0.0,2020-01-21 09:31:29.621917,317.24,317.29,0,0.06999999999999318,0.04371484814402038,1,-1,0.2,0.00034
54,2020-01-21 09:31:30,N,AAPL,317.24,2.0,317.29,2.0,-1.0,1.0,2020-01-21 09:31:30.599158,317.31,317.35,1,0.05000000000001137,0.04355224369470534,1,-1,0.0,0.00034
55,2020-01-21 09:31:31,N,AAPL,317.31,1.0,317.35,1.0,-2.0,0.0,2020-01-21 09:31:31.129296,317.2,317.24,-1,0.040000000000020464,0.043356643356673885,1,-1,0.0,0.00034
56,2020-01-21 09:31:32,N,AAPL,317.2,1.0,317.24,2.0,-1.0,-1.0,2020-01-21 09:31:32.951054,317.18,317.25,0,0.040000000000020464,0.04412529613063043,1,1,-0.3333333333333333,0.00034
57,2020-01-21 09:31:33,N,AAPL,317.18,5.0,317.25,4.0,4.0,1.0,2020-01-21 09:31:33.161547,317.18,317.25,0,0.06999999999999318,0.043715949467070914,1,1,0.1111111111111111,0.00034
58,2020-01-21 09:31:34,N,AAPL,317.18,8.0,317.25,5.0,4.0,1.0,2020-01-21 09:31:34.585357,317.15,317.18,0,0.06999999999999318,0.042094155844210945,1,1,0.23076923076923078,0.00034
59,2020-01-21 09:31:37,N,AAPL,317.15,3.0,317.18,3.0,-4.0,-1.0,2020-01-21 09:31:37.164384,317.04,317.12,-1,0.03000000000002956,0.041770440660400254,1,-1,0.0,0.00034
60,2020-01-21 09:31:38,N,AAPL,317.04,4.0,317.12,1.0,0.0,-1.0,2020-01-21 09:31:38.041956,316.99,317.08,0,0.07999999999998408,0.042822952468782205,1,1,0.6,0.00034
61,2020-01-21 09:31:39,N,AAPL,316.99,2.0,317.08,1.0,0.0,-1.0,2020-01-21 09:31:39.001150,317.0,317.08,0,0.08999999999997499,0.04372425699841642,1,1,0.3333333333333333,0.00034
62,2020-01-21 09:31:40,N,AAPL,317.0,1.0,317.08,6.0,-1.0,5.0,2020-01-21 09:31:40.025834,316.99,317.06,0,0.07999999999998408,0.042714285714282596,1,-1,-0.7142857142857143,0.00034
63,2020-01-21 09:31:41,N,AAPL,316.99,2.0,317.06,3.0,0.0,1.0,2020-01-21 09:31:41.006217,317.0,317.05,0,0.06999999999999318,0.042760989010901085,1,-1,-0.2,0.00034
64,2020-01-21 09:31:42,N,AAPL,317.0,1.0,317.05,1.0,-2.0,-3.0,2020-01-21 09:31:42.345725,317.02,317.08,0,0.05000000000001137,0.0428383522405511,1,-1,0.0,0.00034
65,2020-01-21 09:31:43,N,AAPL,317.02,2.0,317.08,2.0,1.0,1.0,2020-01-21 09:31:43.920738,317.11,317.15,1,0.060000000000002274,0.043088381330676384,1,1,0.0,0.00034
66,2020-01-21 09:31:44,N,AAPL,317.11,2.0,317.15,2.0,-2.0,1.0,2020-01-21 09:31:44.198980,317.12,317.19,0,0.03999999999996362,0.04302265465122446,1,-1,0.0,0.00034
67,2020-01-21 09:31:45,N,AAPL,317.12,1.0,317.19,2.0,-1.0,1.0,2020-01-21 09:31:45.072967,317.12,317.19,0,0.06999999999999318,0.04356437389765233,1,1,-0.3333333333333333,0.00034
68,2020-01-21 09:31:47,N,AAPL,317.12,1.0,317.19,2.0,-1.0,1.0,2020-01-21 09:31:47.205731,317.12,317.18,0,0.06999999999999318,0.044091019375343876,1,1,-0.3333333333333333,0.00034
69,2020-01-21 09:31:48,N,AAPL,317.12,1.0,317.18,1.0,0.0,0.0,2020-01-21 09:31:48.297498,317.16,317.21,0,0.060000000000002274,0.04415935872833643,1,-1,0.0,0.00034
70,2020-01-21 09:31:50,N,AAPL,317.16,3.0,317.21,2.0,2.0,1.0,2020-01-21 09:31:50.294858,317.16,317.25,0,0.049999999999954525,0.04365136393863622,1,-1,0.2,0.00034
71,2020-01-21 09:31:51,N,AAPL,317.16,4.0,317.25,3.0,2.0,1.0,2020-01-21 09:31:51.514146,317.16,317.25,0,0.08999999999997499,0.04383664078216043,1,1,0.14285714285714285,0.00034
72,2020-01-21 09:31:52,N,AAPL,317.16,8.0,317.25,1.0,4.0,0.0,2020-01-21 09:31:52.055319,317.16,317.25,0,0.08999999999997499,0.04094000485781635,1,1,0.7777777777777778,0.00034
73,2020-01-21 09:31:53,N,AAPL,317.16,11.0,317.25,2.0,0.0,0.0,2020-01-21 09:31:53.127857,317.23,317.27,0,0.08999999999997499,0.03785681946794739,1,1,0.6923076923076923,0.00034
74,2020-01-21 09:31:54,N,AAPL,317.23,2.0,317.27,1.0,0.0,0.0,2020-01-21 09:31:54.656916,317.24,317.3,0,0.03999999999996362,0.03714767156850485,1,-1,0.3333333333333333,0.00034
75,2020-01-21 09:31:55,N,AAPL,317.24,2.0,317.3,2.0,1.0,-2.0,2020-01-21 09:31:55.294259,317.3,317.36,0,0.060000000000002274,0.03743058964693091,1,1,0.0,0.00034
76,2020-01-21 09:31:56,N,AAPL,317.3,2.0,317.36,3.0,0.0,1.0,2020-01-21 09:31:56.149654,317.39,317.41,1,0.060000000000002274,0.03891687925158749,1,1,-0.2,0.00034
77,2020-01-21 09:31:57,N,AAPL,317.39,2.0,317.41,2.0,0.0,1.0,2020-01-21 09:31:57.215611,317.42,317.48,1,0.020000000000038654,0.03878371342278797,1,-1,0.0,0.00129
78,2020-01-21 09:31:58,N,AAPL,317.42,2.0,317.48,15.0,0.0,0.0,2020-01-21 09:31:58.391118,317.48,317.51,0,0.060000000000002274,0.060319377990367684,1,1,-0.7647058823529411,0.00129
79,2020-01-21 09:32:00,N,AAPL,317.48,4.0,317.51,1.0,2.0,-16.0,2020-01-21 09:32:00.203536,317.48,317.55,0,0.029999999999972715,0.05452240896357807,0,-1,0.6,0.00129
80,2020-01-21 09:32:01,N,AAPL,317.48,3.0,317.55,2.0,-2.0,-3.0,2020-01-21 09:32:01.452698,317.4,317.48,0,0.06999999999999318,0.05278005651263129,0,1,0.2,0.00129
81,2020-01-21 09:32:04,N,AAPL,317.4,6.0,317.48,2.0,5.0,1.0,2020-01-21 09:32:04.883874,317.46,317.52,0,0.08000000000004093,0.047615725505750106,1,1,0.5,0.00129
82,2020-01-21 09:32:05,N,AAPL,317.46,1.0,317.52,1.0,-5.0,-1.0,2020-01-21 09:32:05.469993,317.45,317.52,0,0.060000000000002274,0.04766594218654063,1,-1,0.0,0.00129
83,2020-01-21 09:32:06,N,AAPL,317.45,50.0,317.52,4.0,0.0,0.0,2020-01-21 09:32:06.193040,317.46,317.5,0,0.06999999999999318,-0.00808686176833362,1,1,0.8518518518518519,0.00129
84,2020-01-21 09:32:08,N,AAPL,317.46,1.0,317.5,2.0,-1.0,1.0,2020-01-21 09:32:08.156267,317.51,317.54,1,0.040000000000020464,-0.006195338512725357,1,-1,-0.3333333333333333,0.00129
85,2020-01-21 09:32:10,N,AAPL,317.51,2.0,317.54,2.0,-1.0,0.0,2020-01-21 09:32:10.178902,317.56,317.63,1,0.03000000000002956,-0.005390403251510634,1,-1,0.0,0.00129
86,2020-01-21 09:32:11,N,AAPL,317.56,2.0,317.63,4.0,0.0,2.0,2020-01-21 09:32:11.156764,317.56,317.64,0,0.06999999999999318,-0.0002671011905022169,1,1,-0.3333333333333333,0.00129
87,2020-01-21 09:32:12,N,AAPL,317.56,16.0,317.64,4.0,0.0,0.0,2020-01-21 09:32:12.041015,317.62,317.66,0,0.07999999999998408,-0.013233538391375532,1,1,0.6,0.00129
88,2020-01-21 09:32:13,N,AAPL,317.62,2.0,317.66,2.0,-14.0,-1.0,2020-01-21 09:32:13.485638,317.6,317.66,0,0.040000000000020464,-0.01211601441576704,1,-1,0.0,0.00129
89,2020-01-21 09:32:14,N,AAPL,317.6,1.0,317.66,4.0,-1.0,3.0,2020-01-21 09:32:14.380916,317.58,317.66,0,0.060000000000002274,-0.005722134317807104,1,1,-0.6,0.00129
90,2020-01-21 09:32:15,N,AAPL,317.58,4.0,317.66,1.0,3.0,-2.0,2020-01-21 09:32:15.013585,317.58,317.65,0,0.08000000000004093,-0.008826695061600276,1,1,0.6,0.00129
91,2020-01-21 09:32:16,N,AAPL,317.58,1.0,317.65,2.0,0.0,1.0,2020-01-21 09:32:16.039801,317.69,317.73,1,0.06999999999999318,-0.0063993174061351965,1,-1,-0.3333333333333333,0.00129
92,2020-01-21 09:32:17,N,AAPL,317.69,2.0,317.73,2.0,1.0,0.0,2020-01-21 09:32:17.112203,317.7,317.75,0,0.040000000000020464,-0.0053200728393107966,1,-1,0.0,0.00129
93,2020-01-21 09:32:18,N,AAPL,317.7,2.0,317.75,2.0,1.0,-9.0,2020-01-21 09:32:18.157685,317.69,317.74,0,0.05000000000001137,-0.004171220400735365,1,1,0.0,0.00129
94,2020-01-21 09:32:19,N,AAPL,317.69,2.0,317.74,1.0,-3.0,0.0,2020-01-21 09:32:19.139787,317.68,317.74,0,0.05000000000001137,-0.005155279503014754,1,1,0.3333333333333333,0.00129
95,2020-01-21 09:32:20,N,AAPL,317.68,13.0,317.74,1.0,11.0,-1.0,2020-01-21 09:32:20.040186,317.69,317.74,0,0.060000000000002274,-0.021778455284618303,1,1,0.8571428571428571,0.00129
96,2020-01-21 09:32:21,N,AAPL,317.69,4.0,317.74,1.0,-9.0,-2.0,2020-01-21 09:32:21.589265,317.73,317.8,0,0.05000000000001137,-0.025279685338034596,1,-1,0.6,0.00129
97,2020-01-21 09:32:22,N,AAPL,317.73,2.0,317.8,10.0,0.0,-1.0,2020-01-21 09:32:22.017469,317.76,317.81,0,0.06999999999999318,-0.006082397278760254,1,1,-0.6666666666666666,0.00129
98,2020-01-21 09:32:23,N,AAPL,317.76,1.0,317.81,2.0,0.0,0.0,2020-01-21 09:32:23.088147,317.71,317.77,0,0.05000000000001137,-0.003347211967934527,1,-1,-0.3333333333333333,0.00129
99,2020-01-21 09:32:24,N,AAPL,317.71,2.0,317.77,4.0,0.0,2.0,2020-01-21 09:32:24.201752,317.73,317.76,0,0.060000000000002274,0.0016591450196870028,1,1,-0.3333333333333333,0.00129
100,2020-01-21 09:32:27,N,AAPL,317.73,2.0,317.76,2.0,-3.0,0.0,2020-01-21 09:32:27.294200,317.72,317.78,0,0.029999999999972715,0.002506571645483291,1,-1,0.0,0.00131
101,2020-01-21 09:32:28,N,AAPL,317.72,1.0,317.78,1.0,-6.0,0.0,2020-01-21 09:32:28.050131,317.8,317.85,1,0.05999999999994543,0.0030286364058156323,1,1,0.0,0.00131
102,2020-01-21 09:32:29,N,AAPL,317.8,1.0,317.85,1.0,-3.0,0.0,2020-01-21 09:32:29.080409,317.84,317.88,0,0.05000000000001137,0.0035609334485684485,1,-1,0.0,0.00131
103,2020-01-21 09:32:30,N,AAPL,317.84,2.0,317.88,1.0,0.0,-1.0,2020-01-21 09:32:30.251497,317.87,317.92,0,0.040000000000020464,0.0023338582317933287,1,-1,0.3333333333333333,0.00131
104,2020-01-21 09:32:31,N,AAPL,317.87,3.0,317.92,2.0,2.0,0.0,2020-01-21 09:32:31.384253,317.86,317.9,0,0.05000000000001137,0.0016801346801571526,1,1,0.2,0.00131
105,2020-01-21 09:32:32,N,AAPL,317.86,2.0,317.9,2.0,1.0,0.0,2020-01-21 09:32:32.142260,317.84,317.88,0,0.03999999999996362,0.0027360914244809464,1,-1,0.0,0.00131
106,2020-01-21 09:32:35,N,AAPL,317.84,7.0,317.88,4.0,6.0,3.0,2020-01-21 09:32:35.050449,317.8,317.89,0,0.040000000000020464,-0.00016576888543795576,1,1,0.2727272727272727,0.00131
107,2020-01-21 09:32:36,N,AAPL,317.8,11.0,317.89,4.0,0.0,3.0,2020-01-21 09:32:36.768426,317.79,317.82,0,0.08999999999997499,-0.007578571428609848,1,1,0.4666666666666667,0.00131
108,2020-01-21 09:32:38,N,AAPL,317.79,2.0,317.82,2.0,1.0,0.0,2020-01-21 09:32:38.389687,317.77,317.83,0,0.029999999999972715,-0.006632817537081337,1,-1,0.0,0.00131
109,2020-01-21 09:32:39,N,AAPL,317.77,1.0,317.83,2.0,-3.0,0.0,2020-01-21 09:32:39.109633,317.77,317.81,0,0.060000000000002274,-0.004232035271172663,1,1,-0.3333333333333333,0.00131
110,2020-01-21 09:32:41,N,AAPL,317.77,2.0,317.81,2.0,-2.0,-2.0,2020-01-21 09:32:41.763965,317.77,317.86,0,0.040000000000020464,-0.003300797793770016,1,-1,0.0,0.00131
111,2020-01-21 09:32:42,N,AAPL,317.77,2.0,317.86,2.0,-1.0,0.0,2020-01-21 09:32:42.203500,317.7,317.8,0,0.09000000000003183,-0.0020421918767397074,1,1,0.0,0.00131
112,2020-01-21 09:32:43,N,AAPL,317.7,1.0,317.8,2.0,-1.0,0.0,2020-01-21 09:32:43.909033,317.66,317.74,0,0.10000000000002274,0.00023078404933585261,1,1,-0.3333333333333333,0.00131
113,2020-01-21 09:32:44,N,AAPL,317.66,2.0,317.74,2.0,1.0,0.0,2020-01-21 09:32:44.263830,317.67,317.75,0,0.07999999999998408,0.0012187975646611449,1,-1,0.0,0.00131
114,2020-01-21 09:32:45,N,AAPL,317.67,2.0,317.75,4.0,0.0,2.0,2020-01-21 09:32:45.394530,317.66,317.77,0,0.07999999999998408,0.005075220247874768,1,1,-0.3333333333333333,0.00131
115,2020-01-21 09:32:46,N,AAPL,317.66,3.0,317.77,4.0,0.0,0.0,2020-01-21 09:32:46.261372,317.9,317.92,1,0.1099999999999568,0.008200456621011654,1,1,-0.14285714285714285,0.00131
116,2020-01-21 09:32:47,N,AAPL,317.9,2.0,317.92,4.0,0.0,2.0,2020-01-21 09:32:47.042849,317.83,317.88,-1,0.020000000000038654,0.01278619317366747,1,-1,-0.3333333333333333,0.00131
117,2020-01-21 09:32:51,N,AAPL,317.83,2.0,317.88,2.0,0.0,0.0,2020-01-21 09:32:51.055005,317.85,317.91,0,0.05000000000001137,0.013589191774201481,1,1,0.0,0.00131
118,2020-01-21 09:32:54,N,AAPL,317.85,1.0,317.91,2.0,-1.0,1.0,2020-01-21 09:32:54.082516,317.85,317.93,0,0.060000000000002274,0.015857669357615123,1,1,-0.3333333333333333,0.00131
119,2020-01-21 09:32:55,N,AAPL,317.85,3.0,317.93,1.0,-1.0,-1.0,2020-01-21 09:32:55.057300,317.86,317.9,0,0.07999999999998408,0.01357774365106934,1,1,0.5,0.00131
120,2020-01-21 09:32:57,N,AAPL,317.86,1.0,317.9,2.0,-3.0,1.0,2020-01-21 09:32:57.250930,317.83,317.87,0,0.03999999999996362,0.015713929535479565,1,-1,-0.3333333333333333,0.00131
121,2020-01-21 09:32:59,N,AAPL,317.83,1.0,317.87,2.0,-1.0,0.0,2020-01-21 09:32:59.268907,317.73,317.8,-1,0.040000000000020464,0.01770070287540193,1,1,-0.3333333333333333,0.00131
122,2020-01-21 09:33:00,N,AAPL,317.73,1.0,317.8,1.0,0.0,-1.0,2020-01-21 09:33:00.170863,317.68,317.75,0,0.06999999999999318,0.01807240140936983,1,1,0.0,0.00131
123,2020-01-21 09:33:01,N,AAPL,317.68,2.0,317.75,2.0,0.0,0.0,2020-01-21 09:33:01.505093,317.75,317.81,0,0.06999999999999318,0.01875359989281833,1,1,0.0,0.00131
124,2020-01-21 09:33:05,N,AAPL,317.75,2.0,317.81,4.0,0.0,2.0,2020-01-21 09:33:05.256403,317.7,317.8,0,0.060000000000002274,0.022220394736791604,1,-1,-0.3333333333333333,0.00131
125,2020-01-21 09:33:06,N,AAPL,317.7,2.0,317.8,5.0,-9.0,3.0,2020-01-21 09:33:06.030675,317.75,317.81,0,0.10000000000002274,0.027026580749065943,1,1,-0.42857142857142855,0.00131
126,2020-01-21 09:33:07,N,AAPL,317.75,1.0,317.81,2.0,-1.0,-3.0,2020-01-21 09:33:07.345139,317.85,317.88,1,0.060000000000002274,0.028643655033079085,1,-1,-0.3333333333333333,0.00131
127,2020-01-21 09:33:09,N,AAPL,317.85,3.0,317.88,1.0,1.0,-1.0,2020-01-21 09:33:09.644174,317.89,317.92,1,0.029999999999972715,0.02627322128148535,1,-1,0.5,0.00131
128,2020-01-21 09:33:11,N,AAPL,317.89,2.0,317.92,2.0,-2.0,0.0,2020-01-21 09:33:11.096995,317.96,317.98,1,0.03000000000002956,0.02678397375819941,1,1,0.0,0.00131
129,2020-01-21 09:33:12,N,AAPL,317.96,2.0,317.98,1.0,1.0,-2.0,2020-01-21 09:33:12.013173,318.04,318.09,1,0.020000000000038654,0.025486482299186264,1,-1,0.3333333333333333,0.00131
130,2020-01-21 09:33:13,N,AAPL,318.04,2.0,318.09,2.0,0.0,0.0,2020-01-21 09:33:13.528473,318.01,318.06,0,0.049999999999954525,0.026251072501054296,1,1,0.0,0.00131
131,2020-01-21 09:33:14,N,AAPL,318.01,2.0,318.06,1.0,0.0,0.0,2020-01-21 09:33:14.955463,317.99,318.05,0,0.05000000000001137,0.0249699078999015,1,1,0.3333333333333333,0.00131
132,2020-01-21 09:33:15,N,AAPL,317.99,1.0,318.05,1.0,0.0,-3.0,2020-01-21 09:33:15.066561,317.97,318.06,0,0.060000000000002274,0.025358397884019723,1,1,0.0,0.00131
133,2020-01-21 09:33:16,N,AAPL,317.97,1.0,318.06,1.0,-2.0,0.0,2020-01-21 09:33:16.224612,317.89,317.95,-1,0.08999999999997499,0.025823412698400716,1,1,0.0,0.00131
134,2020-01-21 09:33:17,N,AAPL,317.89,1.0,317.95,2.0,-2.0,1.0,2020-01-21 09:33:17.973414,317.85,317.89,0,0.060000000000002274,0.027803124021829717,1,-1,-0.3333333333333333,0.00131
135,2020-01-21 09:33:18,N,AAPL,317.85,1.0,317.89,1.0,0.0,-1.0,2020-01-21 09:33:18.110102,317.85,317.96,0,0.03999999999996362,0.028049762084663143,1,-1,0.0,0.00131
136,2020-01-21 09:33:19,N,AAPL,317.85,1.0,317.96,2.0,-1.0,1.0,2020-01-21 09:33:19.123937,317.82,317.93,0,0.1099999999999568,0.03014442264009176,0,1,-0.3333333333333333,0.00131
137,2020-01-21 09:33:20,N,AAPL,317.82,2.0,317.93,1.0,0.0,-1.0,2020-01-21 09:33:20.160775,317.8,317.84,0,0.11000000000001364,0.02945071531684107,1,1,0.3333333333333333,0.00131
138,2020-01-21 09:33:22,N,AAPL,317.8,4.0,317.84,2.0,2.0,0.0,2020-01-21 09:33:22.058273,317.76,317.82,0,0.03999999999996362,0.02777698822842467,1,-1,0.3333333333333333,0.00131
139,2020-01-21 09:33:23,N,AAPL,317.76,1.0,317.82,5.0,0.0,2.0,2020-01-21 09:33:23.381028,317.76,317.82,0,0.060000000000002274,0.03278078111981131,0,1,-0.6666666666666666,0.00131
140,2020-01-21 09:33:24,N,AAPL,317.76,4.0,317.82,2.0,1.0,0.0,2020-01-21 09:33:24.006917,317.81,317.87,0,0.060000000000002274,0.031386005142053364,0,1,0.3333333333333333,0.00131
141,2020-01-21 09:33:25,N,AAPL,317.81,1.0,317.87,2.0,0.0,0.0,2020-01-21 09:33:25.343817,317.76,317.83,0,0.060000000000002274,0.032932321498662986,0,1,-0.3333333333333333,0.00131
142,2020-01-21 09:33:26,N,AAPL,317.76,3.0,317.83,3.0,0.0,2.0,2020-01-21 09:33:26.047778,317.68,317.72,-1,0.06999999999999318,0.033689952776342125,0,1,0.0,0.00131
143,2020-01-21 09:33:27,N,AAPL,317.68,2.0,317.72,1.0,-2.0,0.0,2020-01-21 09:33:27.690985,317.68,317.71,0,0.040000000000020464,0.03311685251031804,0,-1,0.3333333333333333,0.00131
144,2020-01-21 09:33:28,N,AAPL,317.68,2.0,317.71,1.0,-1.0,-1.0,2020-01-21 09:33:28.584549,317.67,317.75,0,0.029999999999972715,0.03252465852295927,0,-1,0.3333333333333333,0.00131
145,2020-01-21 09:33:30,N,AAPL,317.67,2.0,317.75,1.0,-2.0,0.0,2020-01-21 09:33:30.044897,317.63,317.7,0,0.07999999999998408,0.03210034487341318,0,1,0.3333333333333333,0.00131
146,2020-01-21 09:33:31,N,AAPL,317.63,2.0,317.7,2.0,-1.0,0.0,2020-01-21 09:33:31.150086,317.65,317.71,0,0.06999999999999318,0.03250272413390576,0,-1,0.0,0.00157
147,2020-01-21 09:33:32,N,AAPL,317.65,2.0,317.71,1.0,0.0,-1.0,2020-01-21 09:33:32.590172,317.6,317.64,-1,0.060000000000002274,0.032072214114577946,0,-1,0.3333333333333333,0.00157
148,2020-01-21 09:33:33,N,AAPL,317.6,2.0,317.64,2.0,0.0,0.0,2020-01-21 09:33:33.107759,317.55,317.61,0,0.03999999999996362,0.03228202548632453,0,-1,0.0,0.00157
149,2020-01-21 09:33:35,N,AAPL,317.55,1.0,317.61,3.0,0.0,1.0,2020-01-21 09:33:35.800087,317.53,317.57,0,0.060000000000002274,0.03342386206287529,0,1,-0.5,0.00157
150,2020-01-21 09:33:36,N,AAPL,317.53,1.0,317.57,2.0,0.0,-1.0,2020-01-21 09:33:36.251795,317.6,317.64,1,0.040000000000020464,0.03388059417989098,0,-1,-0.3333333333333333,0.00157
151,2020-01-21 09:33:37,N,AAPL,317.6,2.0,317.64,2.0,1.0,-1.0,2020-01-21 09:33:37.670809,317.62,317.69,0,0.03999999999996362,0.034066131762131135,0,-1,0.0,0.00157
152,2020-01-21 09:33:38,N,AAPL,317.62,1.0,317.69,2.0,-1.0,0.0,2020-01-21 09:33:38.863547,317.62,317.68,0,0.06999999999999318,0.03494404807088358,0,1,-0.3333333333333333,0.00157
153,2020-01-21 09:33:40,N,AAPL,317.62,1.0,317.68,5.0,0.0,3.0,2020-01-21 09:33:40.601715,317.64,317.69,0,0.060000000000002274,0.0377281746032736,0,-1,-0.6666666666666666,0.00157
154,2020-01-21 09:33:41,N,AAPL,317.64,3.0,317.69,2.0,2.0,-3.0,2020-01-21 09:33:41.386397,317.73,317.79,1,0.05000000000001137,0.0373938294011964,0,-1,0.2,0.00157
155,2020-01-21 09:33:42,N,AAPL,317.73,1.0,317.79,2.0,0.0,0.0,2020-01-21 09:33:42.021681,317.78,317.81,0,0.060000000000002274,0.03849056150636443,1,1,-0.3333333333333333,0.00157
156,2020-01-21 09:33:50,N,AAPL,317.78,1.0,317.81,1.0,-1.0,0.0,2020-01-21 09:33:50.145440,317.83,317.88,1,0.03000000000002956,0.03859157201674179,1,-1,0.0,0.00157
157,2020-01-21 09:33:51,N,AAPL,317.83,5.0,317.88,2.0,-1.0,0.0,2020-01-21 09:33:51.207800,317.8,317.86,0,0.05000000000001137,0.036014749955938896,0,1,0.42857142857142855,0.00157
158,2020-01-21 09:33:52,N,AAPL,317.8,13.0,317.86,5.0,10.0,3.0,2020-01-21 09:33:52.529236,317.82,317.88,0,0.060000000000002274,0.030084249084325165,1,1,0.4444444444444444,0.00157
159,2020-01-21 09:33:53,N,AAPL,317.82,3.0,317.88,2.0,-9.0,1.0,2020-01-21 09:33:53.208383,317.8,317.83,0,0.060000000000002274,0.029650766420104446,1,1,0.2,0.00157
160,2020-01-21 09:33:55,N,AAPL,317.8,7.0,317.83,2.0,5.0,0.0,2020-01-21 09:33:55.082492,317.7,317.74,-1,0.029999999999972715,0.02584034714260497,1,-1,0.5555555555555556,0.00157
161,2020-01-21 09:33:56,N,AAPL,317.7,4.0,317.74,1.0,2.0,0.0,2020-01-21 09:33:56.109501,317.7,317.78,0,0.040000000000020464,0.02421904941837738,1,1,0.6,0.00157
162,2020-01-21 09:33:57,N,AAPL,317.7,3.0,317.78,3.0,-1.0,2.0,2020-01-21 09:33:57.664694,317.7,317.77,0,0.07999999999998408,0.02496326973852092,1,1,0.0,0.00157
163,2020-01-21 09:33:58,N,AAPL,317.7,2.0,317.77,2.0,-1.0,-1.0,2020-01-21 09:33:58.018531,317.7,317.78,0,0.06999999999999318,0.025400949367053727,1,-1,0.0,0.00157
164,2020-01-21 09:33:59,N,AAPL,317.7,2.0,317.78,2.0,0.0,0.0,2020-01-21 09:33:59.347541,317.7,317.78,0,0.07999999999998408,0.025882248421737586,1,1,0.0,0.00157
165,2020-01-21 09:34:00,N,AAPL,317.7,2.0,317.78,2.0,0.0,0.0,2020-01-21 09:34:00.021123,317.79,317.86,1,0.07999999999998408,0.026357036331262407,1,1,0.0,0.00157
166,2020-01-21 09:34:01,N,AAPL,317.79,2.0,317.86,4.0,0.0,0.0,2020-01-21 09:34:01.082577,317.75,317.82,0,0.06999999999999318,0.028807598039293225,1,-1,-0.3333333333333333,0.00157
167,2020-01-21 09:34:04,N,AAPL,317.75,1.0,317.82,5.0,-1.0,3.0,2020-01-21 09:34:04.896658,317.75,317.79,0,0.06999999999999318,0.032488157742420753,0,1,-0.6666666666666666,0.00157
168,2020-01-21 09:34:05,N,AAPL,317.75,2.0,317.79,2.0,1.0,-3.0,2020-01-21 09:34:05.208176,317.8,317.87,1,0.040000000000020464,0.03273920526828533,0,-1,0.0,0.00157
169,2020-01-21 09:34:06,N,AAPL,317.8,4.0,317.87,1.0,2.0,0.0,2020-01-21 09:34:06.304456,317.83,317.85,0,0.06999999999999318,0.030706247038324364,0,1,0.6,0.00157
170,2020-01-21 09:34:07,N,AAPL,317.83,2.0,317.85,1.0,0.0,-1.0,2020-01-21 09:34:07.150076,317.8,317.85,0,0.020000000000038654,0.03001677185858398,1,-1,0.3333333333333333,0.00157
171,2020-01-21 09:34:08,N,AAPL,317.8,1.0,317.85,4.0,0.0,0.0,2020-01-21 09:34:08.357001,317.82,317.87,0,0.05000000000001137,0.032897862232744046,0,1,-0.6,0.00157
172,2020-01-21 09:34:09,N,AAPL,317.82,4.0,317.87,1.0,3.0,-3.0,2020-01-21 09:34:09.294572,317.81,317.87,0,0.05000000000001137,0.030761939482260914,0,1,0.6,0.00157
173,2020-01-21 09:34:10,N,AAPL,317.81,4.0,317.87,2.0,3.0,0.0,2020-01-21 09:34:10.402074,317.85,317.88,0,0.060000000000002274,0.02968345078420498,1,1,0.3333333333333333,0.00157
174,2020-01-21 09:34:11,N,AAPL,317.85,4.0,317.88,2.0,2.0,0.0,2020-01-21 09:34:11.663887,317.83,317.86,0,0.029999999999972715,0.028362605914367123,1,-1,0.3333333333333333,0.00157
175,2020-01-21 09:34:12,N,AAPL,317.83,1.0,317.86,3.0,-2.0,1.0,2020-01-21 09:34:12.228732,317.84,317.9,0,0.03000000000002956,0.030279720279679623,0,1,-0.5,0.00157
176,2020-01-21 09:34:13,N,AAPL,317.84,1.0,317.9,1.0,-1.0,-1.0,2020-01-21 09:34:13.475677,317.82,317.89,0,0.060000000000002274,0.03048200442964344,0,1,0.0,0.00157
177,2020-01-21 09:34:14,N,AAPL,317.82,2.0,317.89,2.0,-1.0,0.0,2020-01-21 09:34:14.032412,317.82,317.87,0,0.06999999999999318,0.030914946567008883,0,1,0.0,0.00157
178,2020-01-21 09:34:15,N,AAPL,317.82,1.0,317.87,1.0,-1.0,-3.0,2020-01-21 09:34:15.533339,317.82,317.87,0,0.05000000000001137,0.03108299055702446,0,-1,0.0,0.00157
179,2020-01-21 09:34:16,N,AAPL,317.82,2.0,317.87,1.0,1.0,-1.0,2020-01-21 09:34:16.103221,317.76,317.81,-1,0.05000000000001137,0.030530089721253262,0,1,0.3333333333333333,0.00157
180,2020-01-21 09:34:17,N,AAPL,317.76,3.0,317.81,4.0,0.0,2.0,2020-01-21 09:34:17.051601,317.76,317.81,0,0.05000000000001137,0.031708137128816816,0,1,-0.14285714285714285,0.00157
181,2020-01-21 09:34:18,N,AAPL,317.76,5.0,317.81,2.0,3.0,0.0,2020-01-21 09:34:18.250432,317.72,317.77,0,0.05000000000001137,0.030234042553047402,0,1,0.42857142857142855,0.00157
182,2020-01-21 09:34:19,N,AAPL,317.72,1.0,317.77,4.0,-1.0,2.0,2020-01-21 09:34:19.211956,317.72,317.76,0,0.049999999999954525,0.03225868725849068,0,-1,-0.6,0.00157
183,2020-01-21 09:34:20,N,AAPL,317.72,1.0,317.76,1.0,0.0,-3.0,2020-01-21 09:34:20.289803,317.76,317.85,0,0.03999999999996362,0.032359507263151954,0,-1,0.0,0.00157
184,2020-01-21 09:34:22,N,AAPL,317.76,2.0,317.85,2.0,-2.0,0.0,2020-01-21 09:34:22.451040,317.77,317.81,0,0.09000000000003183,0.03280797124773471,0,1,0.0,0.00157
185,2020-01-21 09:34:23,N,AAPL,317.77,2.0,317.81,2.0,0.0,0.0,2020-01-21 09:34:23.342112,317.78,317.85,0,0.040000000000020464,0.033034574388636884,0,-1,0.0,0.00157
186,2020-01-21 09:34:24,N,AAPL,317.78,2.0,317.85,4.0,0.0,1.0,2020-01-21 09:34:24.197295,317.79,317.82,0,0.07000000000005002,0.03495515610200073,0,1,-0.3333333333333333,0.00304
187,2020-01-21 09:34:25,N,AAPL,317.79,1.0,317.82,2.0,-1.0,-2.0,2020-01-21 09:34:25.445526,317.81,317.85,0,0.029999999999972715,0.03574737809708495,0,-1,-0.3333333333333333,0.00304
188,2020-01-21 09:34:26,N,AAPL,317.81,9.0,317.85,1.0,7.0,0.0,2020-01-21 09:34:26.240681,317.73,317.76,-1,0.040000000000020464,0.03069925397591078,0,1,0.8,0.00304
189,2020-01-21 09:34:27,N,AAPL,317.73,2.0,317.76,4.0,1.0,3.0,2020-01-21 09:34:27.086177,317.67,317.72,-1,0.029999999999972715,0.03198514290329513,0,-1,-0.3333333333333333,0.00304
190,2020-01-21 09:34:28,N,AAPL,317.67,4.0,317.72,2.0,-8.0,-2.0,2020-01-21 09:34:28.309254,317.69,317.75,0,0.05000000000001137,0.03145349721125967,0,1,0.3333333333333333,0.00304
191,2020-01-21 09:34:29,N,AAPL,317.69,2.0,317.75,2.0,-1.0,0.0,2020-01-21 09:34:29.089226,317.68,317.75,0,0.060000000000002274,0.03171290563278717,0,1,0.0,0.00304
192,2020-01-21 09:34:30,N,AAPL,317.68,2.0,317.75,2.0,0.0,0.0,2020-01-21 09:34:30.133131,317.68,317.73,0,0.06999999999999318,0.03200578808514365,0,1,0.0,0.00304
193,2020-01-21 09:34:31,N,AAPL,317.68,22.0,317.73,1.0,19.0,-1.0,2020-01-21 09:34:31.015352,317.73,317.81,0,0.05000000000001137,0.024496523647144386,1,-1,0.9130434782608695,0.00304
194,2020-01-21 09:34:32,N,AAPL,317.73,2.0,317.81,2.0,1.0,1.0,2020-01-21 09:34:32.157987,317.75,317.83,0,0.07999999999998408,0.024919002776755406,1,1,0.0,0.00304
195,2020-01-21 09:34:33,N,AAPL,317.75,1.0,317.83,2.0,-3.0,1.0,2020-01-21 09:34:33.077666,317.69,317.75,0,0.07999999999998408,0.025818303721109714,1,1,-0.3333333333333333,0.00304
196,2020-01-21 09:34:34,N,AAPL,317.69,2.0,317.75,1.0,0.0,-1.0,2020-01-21 09:34:34.479191,317.65,317.68,-1,0.060000000000002274,0.02560610999171331,1,-1,0.3333333333333333,0.00304
197,2020-01-21 09:34:35,N,AAPL,317.65,57.0,317.68,4.0,56.0,2.0,2020-01-21 09:34:35.561406,317.63,317.72,0,0.03000000000002956,0.012008289802452055,1,-1,0.8688524590163934,0.00304
198,2020-01-21 09:34:36,N,AAPL,317.63,1.0,317.72,3.0,-1.0,1.0,2020-01-21 09:34:36.001261,317.64,317.68,0,0.09000000000003183,0.01310839380988682,1,1,-0.5,0.00304
199,2020-01-21 09:34:41,N,AAPL,317.64,2.0,317.68,4.0,1.0,1.0,2020-01-21 09:34:41.622322,317.7,317.79,1,0.040000000000020464,0.014050567392644098,1,-1,-0.3333333333333333,0.00304
200,2020-01-21 09:34:42,N,AAPL,317.7,2.0,317.79,2.0,-2.0,0.0,2020-01-21 09:34:42.231204,317.79,317.86,0,0.09000000000003183,0.014557741715236716,1,1,0.0,0.00304
201,2020-01-21 09:34:43,N,AAPL,317.79,1.0,317.86,2.0,-4.0,0.0,2020-01-21 09:34:43.173014,317.83,317.88,0,0.06999999999999318,0.015518504745443806,1,-1,-0.3333333333333333,0.00304
202,2020-01-21 09:34:44,N,AAPL,317.83,2.0,317.88,1.0,1.0,-1.0,2020-01-21 09:34:44.132336,317.89,317.96,1,0.05000000000001137,0.015230299559959803,1,-1,0.3333333333333333,0.00304
203,2020-01-21 09:34:45,N,AAPL,317.89,2.0,317.96,2.0,0.0,1.0,2020-01-21 09:34:45.124228,317.81,317.89,0,0.06999999999999318,0.015823161189416624,1,1,0.0,0.00304
204,2020-01-21 09:34:46,N,AAPL,317.81,7.0,317.89,1.0,0.0,-1.0,2020-01-21 09:34:46.782017,317.81,317.87,0,0.07999999999998408,0.013254052827107898,1,1,0.75,0.00304
205,2020-01-21 09:34:47,N,AAPL,317.81,7.0,317.87,2.0,0.0,1.0,2020-01-21 09:34:47.094666,317.78,317.87,0,0.060000000000002274,0.01142149355911215,1,-1,0.5555555555555556,0.00304
206,2020-01-21 09:34:48,N,AAPL,317.78,2.0,317.87,4.0,0.0,3.0,2020-01-21 09:34:48.292389,317.77,317.86,0,0.09000000000003183,0.013403750748807397,1,1,-0.3333333333333333,0.00304
207,2020-01-21 09:34:49,N,AAPL,317.77,4.0,317.86,2.0,0.0,0.0,2020-01-21 09:34:49.137613,317.77,317.83,0,0.09000000000003183,0.01317588135304959,1,1,0.3333333333333333,0.00304
208,2020-01-21 09:34:51,N,AAPL,317.77,2.0,317.83,1.0,-5.0,0.0,2020-01-21 09:34:51.382191,317.72,317.78,0,0.060000000000002274,0.0130050529500636,1,-1,0.3333333333333333,0.00304
209,2020-01-21 09:34:52,N,AAPL,317.72,5.0,317.78,1.0,3.0,0.0,2020-01-21 09:34:52.451845,317.73,317.78,0,0.05999999999994543,0.011957616298900575,1,-1,0.6666666666666666,0.00304
210,2020-01-21 09:34:54,N,AAPL,317.73,4.0,317.78,4.0,-1.0,2.0,2020-01-21 09:34:54.505416,317.73,317.77,0,0.049999999999954525,0.012679326141494585,1,-1,0.0,0.00344
211,2020-01-21 09:34:55,N,AAPL,317.73,2.0,317.77,4.0,-2.0,2.0,2020-01-21 09:34:55.662498,317.72,317.77,0,0.03999999999996362,0.013939944101366564,1,-1,-0.3333333333333333,0.00344
212,2020-01-21 09:34:57,N,AAPL,317.72,3.0,317.77,1.0,-1.0,-3.0,2020-01-21 09:34:57.598652,317.77,317.83,0,0.049999999999954525,0.013505010893140934,1,1,0.5,0.00344
213,2020-01-21 09:34:58,N,AAPL,317.77,2.0,317.83,2.0,0.0,0.0,2020-01-21 09:34:58.436394,317.8,317.83,0,0.060000000000002274,0.013927194885411609,1,1,0.0,0.00344
214,2020-01-21 09:35:00,N,AAPL,317.8,2.0,317.83,2.0,1.0,0.0,2020-01-21 09:35:00.108537,317.78,317.81,0,0.029999999999972715,0.014256316510170564,1,-1,0.0,0.00344
215,2020-01-21 09:35:01,N,AAPL,317.78,2.0,317.81,2.0,0.0,1.0,2020-01-21 09:35:01.245901,317.77,317.78,0,0.03000000000002956,0.014562544821103529,1,1,0.0,0.00344
216,2020-01-21 09:35:02,N,AAPL,317.77,2.0,317.78,2.0,1.0,0.0,2020-01-21 09:35:02.237232,317.71,317.75,-1,0.009999999999990905,0.014778430385888441,1,-1,0.0,0.00344
217,2020-01-21 09:35:03,N,AAPL,317.71,4.0,317.75,1.0,1.0,0.0,2020-01-21 09:35:03.441457,317.71,317.78,0,0.040000000000020464,0.014088396395379732,1,1,0.6,0.00344
218,2020-01-21 09:35:04,N,AAPL,317.71,4.0,317.78,4.0,3.0,2.0,2020-01-21 09:35:04.222837,317.71,317.77,0,0.06999999999999318,0.014866530342203532,1,1,0.0,0.00344
219,2020-01-21 09:35:06,N,AAPL,317.71,1.0,317.77,2.0,0.0,1.0,2020-01-21 09:35:06.538949,317.7,317.73,0,0.060000000000002274,0.015481585466488923,1,-1,-0.3333333333333333,0.00344
220,2020-01-21 09:35:08,N,AAPL,317.7,2.0,317.73,2.0,1.0,0.0,2020-01-21 09:35:08.129115,317.64,317.67,-1,0.03000000000002956,0.015698450803483865,1,-1,0.0,0.00344
221,2020-01-21 09:35:10,N,AAPL,317.64,3.0,317.67,1.0,2.0,-2.0,2020-01-21 09:35:10.455643,317.64,317.68,0,0.03000000000002956,0.015444437198311789,1,1,0.5,0.00344
222,2020-01-21 09:35:11,N,AAPL,317.64,2.0,317.68,1.0,1.0,0.0,2020-01-21 09:35:11.145308,317.74,317.79,1,0.040000000000020464,0.015378112399162092,1,1,0.3333333333333333,0.00344
223,2020-01-21 09:35:13,N,AAPL,317.74,5.0,317.79,2.0,3.0,0.0,2020-01-21 09:35:13.704190,317.77,317.8,0,0.05000000000001137,0.01478867060433231,1,1,0.42857142857142855,0.00344
224,2020-01-21 09:35:14,N,AAPL,317.77,2.0,317.8,1.0,-1.0,0.0,2020-01-21 09:35:14.507851,317.78,317.83,0,0.03000000000002956,0.014584442693092114,1,-1,0.3333333333333333,0.00344
225,2020-01-21 09:35:15,N,AAPL,317.78,1.0,317.83,1.0,0.0,-1.0,2020-01-21 09:35:15.022850,317.84,317.89,1,0.05000000000001137,0.014767972910874505,1,1,0.0,0.00344
226,2020-01-21 09:35:16,N,AAPL,317.84,2.0,317.89,2.0,1.0,1.0,2020-01-21 09:35:16.730447,317.88,317.93,0,0.05000000000001137,0.015187034522682552,1,1,0.0,0.00344
227,2020-01-21 09:35:17,N,AAPL,317.88,2.0,317.93,2.0,0.0,0.0,2020-01-21 09:35:17.391633,317.91,317.96,0,0.05000000000001137,0.01563782225042587,1,1,0.0,0.00344
228,2020-01-21 09:35:18,N,AAPL,317.91,2.0,317.96,4.0,0.0,1.0,2020-01-21 09:35:18.048068,317.85,317.93,0,0.049999999999954525,0.01764171071687315,1,-1,-0.3333333333333333,0.00344
229,2020-01-21 09:35:19,N,AAPL,317.85,3.0,317.93,1.0,1.0,-1.0,2020-01-21 09:35:19.177719,317.85,317.92,0,0.07999999999998408,0.017005761817301845,1,1,0.5,0.00344
230,2020-01-21 09:35:21,N,AAPL,317.85,3.0,317.92,2.0,1.0,-1.0,2020-01-21 09:35:21.095940,317.86,317.91,0,0.06999999999999318,0.017042409801092617,1,-1,0.2,0.00344
231,2020-01-21 09:35:22,N,AAPL,317.86,2.0,317.91,4.0,-1.0,3.0,2020-01-21 09:35:22.592045,317.85,317.9,0,0.05000000000001137,0.01876545147138131,1,-1,-0.3333333333333333,0.00344
232,2020-01-21 09:35:23,N,AAPL,317.85,3.0,317.9,1.0,1.0,-1.0,2020-01-21 09:35:23.258917,317.87,317.91,0,0.049999999999954525,0.01808695367759583,1,-1,0.5,0.00344
233,2020-01-21 09:35:25,N,AAPL,317.87,4.0,317.91,4.0,2.0,3.0,2020-01-21 09:35:25.138907,317.86,317.88,0,0.040000000000020464,0.018828592293743895,1,-1,0.0,0.00344
234,2020-01-21 09:35:29,N,AAPL,317.86,2.0,317.88,4.0,-2.0,0.0,2020-01-21 09:35:29.974480,317.79,317.83,-1,0.01999999999998181,0.0202739971962842,1,-1,-0.3333333333333333,0.00344
235,2020-01-21 09:35:30,N,AAPL,317.79,1.0,317.83,2.0,-1.0,0.0,2020-01-21 09:35:30.008992,317.74,317.79,0,0.03999999999996362,0.02090287277690095,1,1,-0.3333333333333333,0.00344
236,2020-01-21 09:35:31,N,AAPL,317.74,4.0,317.79,2.0,3.0,0.0,2020-01-21 09:35:31.688675,317.73,317.8,0,0.05000000000001137,0.020626868929298325,1,1,0.3333333333333333,0.00344
237,2020-01-21 09:35:32,N,AAPL,317.73,2.0,317.8,3.0,0.0,1.0,2020-01-21 09:35:32.104122,317.79,317.84,0,0.06999999999999318,0.02138764590961273,1,1,-0.2,0.00344
238,2020-01-21 09:35:33,N,AAPL,317.79,2.0,317.84,1.0,-1.0,-1.0,2020-01-21 09:35:33.694384,317.78,317.82,0,0.049999999999954525,0.021203539822920447,1,-1,0.3333333333333333,0.00344
239,2020-01-21 09:35:35,N,AAPL,317.78,1.0,317.82,2.0,-1.0,1.0,2020-01-21 09:35:35.268263,317.73,317.76,-1,0.040000000000020464,0.021792077792156306,1,-1,-0.3333333333333333,0.00344
240,2020-01-21 09:35:36,N,AAPL,317.73,2.0,317.76,1.0,1.0,-3.0,2020-01-21 09:35:36.361701,317.57,317.6,-1,0.029999999999972715,0.021629209217678635,1,-1,0.3333333333333333,0.00344
241,2020-01-21 09:35:40,N,AAPL,317.57,5.0,317.6,2.0,4.0,1.0,2020-01-21 09:35:40.278678,317.54,317.55,-1,0.03000000000002956,0.021565701402209925,1,1,0.42857142857142855,0.00344
242,2020-01-21 09:35:42,N,AAPL,317.54,8.0,317.55,2.0,3.0,0.0,2020-01-21 09:35:42.091379,317.6,317.65,1,0.009999999999990905,0.021532580002883606,1,-1,0.6,0.00344
243,2020-01-21 09:35:43,N,AAPL,317.6,2.0,317.65,2.0,0.0,0.0,2020-01-21 09:35:43.248363,317.53,317.58,-1,0.049999999999954525,0.021681449330117175,1,1,0.0,0.00344
244,2020-01-21 09:35:44,N,AAPL,317.53,1.0,317.58,2.0,-1.0,0.0,2020-01-21 09:35:44.243418,317.53,317.57,0,0.05000000000001137,0.02175571679862287,1,1,-0.3333333333333333,0.00344
245,2020-01-21 09:35:45,N,AAPL,317.53,1.0,317.57,4.0,0.0,2.0,2020-01-21 09:35:45.268700,317.52,317.57,0,0.040000000000020464,0.021819272182142413,1,-1,-0.6,0.00344
246,2020-01-21 09:35:46,N,AAPL,317.52,2.0,317.57,2.0,0.0,-2.0,2020-01-21 09:35:46.669719,317.52,317.57,0,0.05000000000001137,0.02189902055084758,1,1,0.0,0.00344
247,2020-01-21 09:35:47,N,AAPL,317.52,2.0,317.57,1.0,0.0,-1.0,2020-01-21 09:35:47.060148,317.45,317.49,-1,0.05000000000001137,0.0219663286342211,1,1,0.3333333333333333,0.00344
248,2020-01-21 09:35:48,N,AAPL,317.45,2.0,317.49,1.0,-1.0,-1.0,2020-01-21 09:35:48.477572,317.49,317.52,0,0.040000000000020464,0.02207932670791024,1,-1,0.3333333333333333,0.00344
249,2020-01-21 09:35:49,N,AAPL,317.49,2.0,317.52,2.0,1.0,1.0,2020-01-21 09:35:49.299176,317.52,317.57,0,0.029999999999972715,0.022065447134593796,1,-1,0.0,0.00344
250,2020-01-21 09:35:50,N,AAPL,317.52,4.0,317.57,2.0,2.0,1.0,2020-01-21 09:35:50.005398,317.55,317.59,0,0.05000000000001137,0.022197384790615615,1,1,0.3333333333333333,0.00344
251,2020-01-21 09:35:51,N,AAPL,317.55,2.0,317.59,2.0,0.0,0.0,2020-01-21 09:35:51.230121,317.54,317.59,0,0.03999999999996362,0.022265310149805373,1,-1,0.0,0.00344
252,2020-01-21 09:35:52,N,AAPL,317.54,2.0,317.59,2.0,0.0,0.0,2020-01-21 09:35:52.008920,317.48,317.52,-1,0.049999999999954525,0.022358544028008964,1,1,0.0,0.0037
253,2020-01-21 09:35:53,N,AAPL,317.48,1.0,317.52,2.0,0.0,-1.0,2020-01-21 09:35:53.075097,317.5,317.58,0,0.03999999999996362,0.022292035475118155,1,-1,-0.3333333333333333,0.0037
254,2020-01-21 09:35:54,N,AAPL,317.5,4.0,317.58,2.0,3.0,0.0,2020-01-21 09:35:54.423558,317.45,317.5,0,0.07999999999998408,0.022557477198517972,1,1,0.3333333333333333,0.0037
255,2020-01-21 09:35:55,N,AAPL,317.45,1.0,317.5,4.0,0.0,2.0,2020-01-21 09:35:55.280173,317.45,317.48,0,0.05000000000001137,0.02225407597109097,1,-1,-0.6,0.0037
256,2020-01-21 09:35:56,N,AAPL,317.45,3.0,317.48,4.0,2.0,2.0,2020-01-21 09:35:56.514396,317.47,317.53,0,0.03000000000002956,0.022053233545136663,1,-1,-0.14285714285714285,0.0037
257,2020-01-21 09:35:57,N,AAPL,317.47,2.0,317.53,1.0,0.0,0.0,2020-01-21 09:35:57.205265,317.48,317.52,0,0.05999999999994543,0.022178222194270347,1,1,0.3333333333333333,0.0037
258,2020-01-21 09:35:58,N,AAPL,317.48,1.0,317.52,2.0,-5.0,0.0,2020-01-21 09:35:58.333190,317.48,317.53,0,0.03999999999996362,0.02211618370188262,1,-1,-0.3333333333333333,0.0037
259,2020-01-21 09:35:59,N,AAPL,317.48,4.0,317.53,2.0,1.0,1.0,2020-01-21 09:35:59.250744,317.5,317.57,0,0.049999999999954525,0.022313381867888893,1,1,0.3333333333333333,0.0037
260,2020-01-21 09:36:00,N,AAPL,317.5,3.0,317.57,2.0,2.0,0.0,2020-01-21 09:36:00.024749,317.51,317.59,0,0.06999999999999318,0.022489312231300573,1,1,0.2,0.0037
261,2020-01-21 09:36:01,N,AAPL,317.51,3.0,317.59,1.0,1.0,-1.0,2020-01-21 09:36:01.084226,317.61,317.67,1,0.07999999999998408,0.022645336679261163,1,1,0.5,0.0037
262,2020-01-21 09:36:02,N,AAPL,317.61,2.0,317.67,1.0,1.0,-1.0,2020-01-21 09:36:02.104435,317.57,317.63,0,0.060000000000002274,0.022644394400117562,1,-1,0.3333333333333333,0.0037
263,2020-01-21 09:36:03,N,AAPL,317.57,2.0,317.63,1.0,1.0,0.0,2020-01-21 09:36:03.101084,317.53,317.57,0,0.060000000000002274,0.02267849227558827,1,1,0.3333333333333333,0.0037
264,2020-01-21 09:36:04,N,AAPL,317.53,1.0,317.57,4.0,-1.0,2.0,2020-01-21 09:36:04.046500,317.55,317.6,0,0.040000000000020464,0.022742133339818338,1,-1,-0.6,0.0037
265,2020-01-21 09:36:05,N,AAPL,317.55,1.0,317.6,3.0,-1.0,1.0,2020-01-21 09:36:05.033237,317.48,317.53,-1,0.05000000000001137,0.022912307510353003,1,1,-0.5,0.0037
266,2020-01-21 09:36:06,N,AAPL,317.48,2.0,317.53,4.0,0.0,2.0,2020-01-21 09:36:06.060232,317.48,317.55,0,0.049999999999954525,0.022853565217417326,1,-1,-0.3333333333333333,0.0037
267,2020-01-21 09:36:07,N,AAPL,317.48,1.0,317.55,3.0,0.0,-1.0,2020-01-21 09:36:07.009718,317.45,317.51,0,0.06999999999999318,0.02286967963209463,1,1,-0.5,0.0037
268,2020-01-21 09:36:08,N,AAPL,317.45,1.0,317.51,4.0,-1.0,2.0,2020-01-21 09:36:08.105276,317.51,317.57,0,0.060000000000002274,0.02265138503292974,1,-1,-0.6,0.0037
269,2020-01-21 09:36:09,N,AAPL,317.51,1.0,317.57,2.0,0.0,-2.0,2020-01-21 09:36:09.183224,317.51,317.61,0,0.060000000000002274,0.022713714589201572,1,1,-0.3333333333333333,0.0037
270,2020-01-21 09:36:10,N,AAPL,317.51,2.0,317.61,1.0,0.0,0.0,2020-01-21 09:36:10.936361,317.55,317.6,0,0.10000000000002274,0.022861281228813368,1,1,0.3333333333333333,0.0037
271,2020-01-21 09:36:11,N,AAPL,317.55,1.0,317.6,4.0,-1.0,2.0,2020-01-21 09:36:11.062173,317.51,317.54,-1,0.05000000000001137,0.023087264510536443,1,-1,-0.6,0.0037
272,2020-01-21 09:36:12,N,AAPL,317.51,1.0,317.54,2.0,-1.0,1.0,2020-01-21 09:36:12.861754,317.52,317.55,0,0.03000000000002956,0.02305434089288383,1,-1,-0.3333333333333333,0.0037
273,2020-01-21 09:36:14,N,AAPL,317.52,1.0,317.55,1.0,-2.0,-1.0,2020-01-21 09:36:14.196369,317.5,317.52,0,0.03000000000002956,0.023058994608618377,1,1,0.0,0.0037
274,2020-01-21 09:36:15,N,AAPL,317.5,3.0,317.52,4.0,2.0,3.0,2020-01-21 09:36:15.180503,317.47,317.54,0,0.01999999999998181,0.022942466460222022,1,-1,-0.14285714285714285,0.0037
275,2020-01-21 09:36:16,N,AAPL,317.47,2.0,317.54,2.0,1.0,0.0,2020-01-21 09:36:16.192092,317.5,317.54,0,0.06999999999999318,0.02304367019826259,1,1,0.0,0.0037
276,2020-01-21 09:36:17,N,AAPL,317.5,1.0,317.54,4.0,0.0,1.0,2020-01-21 09:36:17.021479,317.56,317.61,1,0.040000000000020464,0.022958587084303872,1,-1,-0.6,0.0037
277,2020-01-21 09:36:18,N,AAPL,317.56,2.0,317.61,1.0,0.0,-1.0,2020-01-21 09:36:18.195514,317.5,317.57,0,0.05000000000001137,0.022980491053203878,1,1,0.3333333333333333,0.0037
278,2020-01-21 09:36:19,N,AAPL,317.5,2.0,317.57,2.0,0.0,-2.0,2020-01-21 09:36:19.019998,317.47,317.53,0,0.06999999999999318,0.023100071419946744,1,1,0.0,0.0037
279,2020-01-21 09:36:20,N,AAPL,317.47,3.0,317.53,4.0,1.0,3.0,2020-01-21 09:36:20.326892,317.47,317.5,0,0.05999999999994543,0.02315730782936498,1,-1,-0.14285714285714285,0.0037
280,2020-01-21 09:36:21,N,AAPL,317.47,3.0,317.5,4.0,0.0,2.0,2020-01-21 09:36:21.116335,317.5,317.55,0,0.029999999999972715,0.023034057642746575,1,-1,-0.14285714285714285,0.0037
281,2020-01-21 09:36:23,N,AAPL,317.5,2.0,317.55,2.0,-1.0,-2.0,2020-01-21 09:36:23.469796,317.45,317.48,-1,0.05000000000001137,0.02309238800978619,1,1,0.0,0.0037
282,2020-01-21 09:36:24,N,AAPL,317.45,18.0,317.48,4.0,16.0,2.0,2020-01-21 09:36:24.956377,317.45,317.5,0,0.03000000000002956,0.02447036080440057,1,-1,0.6363636363636364,0.0037
283,2020-01-21 09:36:25,N,AAPL,317.45,18.0,317.5,4.0,0.0,0.0,2020-01-21 09:36:25.965540,317.45,317.5,0,0.05000000000001137,0.025895652203814734,1,1,0.6363636363636364,0.0037
284,2020-01-21 09:36:26,N,AAPL,317.45,18.0,317.5,3.0,0.0,-1.0,2020-01-21 09:36:26.031501,317.41,317.47,0,0.05000000000001137,0.027340922007283552,0,1,0.7142857142857143,0.0037
285,2020-01-21 09:36:27,N,AAPL,317.41,1.0,317.47,2.0,-3.0,0.0,2020-01-21 09:36:27.385070,317.47,317.52,0,0.060000000000002274,0.02721425384726217,0,1,-0.3333333333333333,0.00382
286,2020-01-21 09:36:28,N,AAPL,317.47,2.0,317.52,2.0,1.0,0.0,2020-01-21 09:36:28.180391,317.43,317.48,0,0.049999999999954525,0.027238341282668443,0,-1,0.0,0.00382
287,2020-01-21 09:36:30,N,AAPL,317.43,2.0,317.48,5.0,1.0,3.0,2020-01-21 09:36:30.078250,317.42,317.47,0,0.05000000000001137,0.026888296563697622,0,1,-0.42857142857142855,0.00382
288,2020-01-21 09:36:31,N,AAPL,317.42,1.0,317.47,4.0,0.0,3.0,2020-01-21 09:36:31.370632,317.36,317.39,-1,0.05000000000001137,0.026498218762469605,1,1,-0.6,0.00382
289,2020-01-21 09:36:37,N,AAPL,317.36,1.0,317.39,3.0,-2.0,1.0,2020-01-21 09:36:37.274297,317.3,317.34,-1,0.029999999999972715,0.025961144664279345,1,-1,-0.5,0.00382
290,2020-01-21 09:36:38,N,AAPL,317.3,3.0,317.34,3.0,1.0,1.0,2020-01-21 09:36:38.279832,317.22,317.27,-1,0.03999999999996362,0.025798320003332265,1,1,0.0,0.00382
291,2020-01-21 09:36:39,N,AAPL,317.22,2.0,317.27,2.0,-2.0,0.0,2020-01-21 09:36:39.346246,317.22,317.29,0,0.049999999999954525,0.025668888323821193,1,1,0.0,0.00382
292,2020-01-21 09:36:40,N,AAPL,317.22,4.0,317.29,2.0,2.0,-2.0,2020-01-21 09:36:40.075072,317.25,317.33,0,0.06999999999999318,0.02628524338723537,1,1,0.3333333333333333,0.00382
293,2020-01-21 09:36:41,N,AAPL,317.25,1.0,317.33,4.0,0.0,0.0,2020-01-21 09:36:41.052430,317.26,317.34,0,0.07999999999998408,0.025313717265021296,1,1,-0.6,0.00382
294,2020-01-21 09:36:42,N,AAPL,317.26,2.0,317.34,1.0,0.0,0.0,2020-01-21 09:36:42.780096,317.27,317.33,0,0.07999999999998408,0.025604007441700105,1,1,0.3333333333333333,0.00382
295,2020-01-21 09:36:43,N,AAPL,317.27,2.0,317.33,4.0,0.0,3.0,2020-01-21 09:36:43.033527,317.29,317.33,0,0.060000000000002274,0.02491067085730947,1,-1,-0.3333333333333333,0.00382
296,2020-01-21 09:36:44,N,AAPL,317.29,1.0,317.33,4.0,0.0,-2.0,2020-01-21 09:36:44.042789,317.31,317.37,0,0.03999999999996362,0.023923897154588758,1,-1,-0.6,0.00382
297,2020-01-21 09:36:45,N,AAPL,317.31,4.0,317.37,2.0,2.0,1.0,2020-01-21 09:36:45.573315,317.3,317.36,0,0.060000000000002274,0.02436997850742273,1,1,0.3333333333333333,0.00382
298,2020-01-21 09:36:46,N,AAPL,317.3,3.0,317.36,2.0,0.0,-1.0,2020-01-21 09:36:46.003157,317.3,317.34,0,0.060000000000002274,0.02458005818868969,1,1,0.2,0.00382
299,2020-01-21 09:36:47,N,AAPL,317.3,4.0,317.34,2.0,2.0,0.0,2020-01-21 09:36:47.177071,317.31,317.39,0,0.03999999999996362,0.024977212178669106,1,-1,0.3333333333333333,0.00382
300,2020-01-21 09:36:48,N,AAPL,317.31,2.0,317.39,3.0,0.0,1.0,2020-01-21 09:36:48.004412,317.31,317.4,0,0.07999999999998408,0.024780211662630336,1,1,-0.2,0.00382
301,2020-01-21 09:36:49,N,AAPL,317.31,2.0,317.4,1.0,0.0,-2.0,2020-01-21 09:36:49.413134,317.31,317.36,0,0.08999999999997499,0.02666530566568781,0,1,0.3333333333333333,0.00382
302,2020-01-21 09:36:50,N,AAPL,317.31,2.0,317.36,1.0,0.0,0.0,2020-01-21 09:36:50.001192,317.34,317.39,0,0.05000000000001137,0.02314031412328177,1,-1,0.3333333333333333,0.00382
303,2020-01-21 09:36:52,N,AAPL,317.34,2.0,317.39,2.0,1.0,1.0,2020-01-21 09:36:52.542883,317.34,317.38,0,0.05000000000001137,0.02321106411193341,1,1,0.0,0.00382
304,2020-01-21 09:36:56,N,AAPL,317.34,2.0,317.38,2.0,0.0,0.0,2020-01-21 09:36:56.283440,317.34,317.37,0,0.040000000000020464,0.023253780559855386,1,-1,0.0,0.00382
305,2020-01-21 09:36:57,N,AAPL,317.34,1.0,317.37,4.0,-1.0,3.0,2020-01-21 09:36:57.471954,317.3,317.35,0,0.03000000000002956,0.021453935639499377,1,-1,-0.6,0.00382
306,2020-01-21 09:36:58,N,AAPL,317.3,1.0,317.35,4.0,0.0,2.0,2020-01-21 09:36:58.861197,317.34,317.38,0,0.05000000000001137,0.021670436359784162,1,1,-0.6,0.00382
307,2020-01-21 09:37:00,N,AAPL,317.34,2.0,317.38,2.0,1.0,0.0,2020-01-21 09:37:00.063101,317.31,317.36,0,0.040000000000020464,0.021746399231915348,1,-1,0.0,0.00382
308,2020-01-21 09:37:02,N,AAPL,317.31,5.0,317.36,1.0,4.0,-2.0,2020-01-21 09:37:02.404533,317.31,317.35,0,0.05000000000001137,0.023575519731764416,1,1,0.6666666666666666,0.00382
309,2020-01-21 09:37:03,N,AAPL,317.31,4.0,317.35,3.0,0.0,0.0,2020-01-21 09:37:03.065122,317.27,317.31,0,0.040000000000020464,0.023745147986460324,1,-1,0.14285714285714285,0.00382
310,2020-01-21 09:37:04,N,AAPL,317.27,2.0,317.31,2.0,1.0,0.0,2020-01-21 09:37:04.082300,317.35,317.38,1,0.040000000000020464,0.023316006395816657,1,1,0.0,0.00382
311,2020-01-21 09:37:06,N,AAPL,317.35,2.0,317.38,3.0,1.0,1.0,2020-01-21 09:37:06.795320,317.39,317.43,1,0.029999999999972715,0.02276264291805319,1,-1,-0.2,0.00382
312,2020-01-21 09:37:07,N,AAPL,317.39,2.0,317.43,2.0,0.0,0.0,2020-01-21 09:37:07.035601,317.41,317.48,0,0.040000000000020464,0.022084367358104373,1,1,0.0,0.00382
313,2020-01-21 09:37:08,N,AAPL,317.41,2.0,317.48,2.0,-1.0,1.0,2020-01-21 09:37:08.930981,317.41,317.44,0,0.06999999999999318,0.02161595110538883,1,1,0.0,0.00382
314,2020-01-21 09:37:10,N,AAPL,317.41,1.0,317.44,1.0,-1.0,-1.0,2020-01-21 09:37:10.091015,317.39,317.43,0,0.029999999999972715,0.02135788797835403,1,-1,0.0,0.00382
315,2020-01-21 09:37:11,N,AAPL,317.39,1.0,317.43,5.0,0.0,4.0,2020-01-21 09:37:11.222866,317.4,317.44,0,0.040000000000020464,0.020045719712356913,1,1,-0.6666666666666666,0.00382
316,2020-01-21 09:37:13,N,AAPL,317.4,1.0,317.44,2.0,-1.0,1.0,2020-01-21 09:37:13.225917,317.39,317.42,0,0.040000000000020464,0.020808495778169345,1,1,-0.3333333333333333,0.00382
317,2020-01-21 09:37:14,N,AAPL,317.39,4.0,317.42,4.0,3.0,2.0,2020-01-21 09:37:14.974660,317.38,317.39,0,0.03000000000002956,0.021245726232336892,1,-1,0.0,0.00382
318,2020-01-21 09:37:15,N,AAPL,317.38,1.0,317.39,5.0,-3.0,1.0,2020-01-21 09:37:15.033472,317.34,317.4,0,0.009999999999990905,0.020052248392630645,1,-1,-0.6666666666666666,0.00382
319,2020-01-21 09:37:16,N,AAPL,317.34,1.0,317.4,2.0,-1.0,1.0,2020-01-21 09:37:16.259405,317.34,317.39,0,0.060000000000002274,0.020449925863943008,1,1,-0.3333333333333333,0.00382
320,2020-01-21 09:37:17,N,AAPL,317.34,2.0,317.39,1.0,1.0,0.0,2020-01-21 09:37:17.109856,317.33,317.38,0,0.05000000000001137,0.02150227770755464,1,-1,0.3333333333333333,0.00382
321,2020-01-21 09:37:18,N,AAPL,317.33,2.0,317.38,3.0,1.0,1.0,2020-01-21 09:37:18.243783,317.3,317.34,0,0.05000000000001137,0.02135398119276033,1,1,-0.2,0.00382
322,2020-01-21 09:37:19,N,AAPL,317.3,3.0,317.34,2.0,1.0,1.0,2020-01-21 09:37:19.030902,317.28,317.34,0,0.03999999999996362,0.021857327006841842,1,-1,0.2,0.00382
323,2020-01-21 09:37:20,N,AAPL,317.28,2.0,317.34,2.0,0.0,-1.0,2020-01-21 09:37:20.003223,317.29,317.34,0,0.060000000000002274,0.02156544285128348,1,1,0.0,0.00382
324,2020-01-21 09:37:21,N,AAPL,317.29,1.0,317.34,2.0,-1.0,0.0,2020-01-21 09:37:21.086688,317.3,317.33,0,0.049999999999954525,0.021637429303098088,1,-1,-0.3333333333333333,0.00382
325,2020-01-21 09:37:22,N,AAPL,317.3,1.0,317.33,2.0,0.0,1.0,2020-01-21 09:37:22.291838,317.28,317.3,0,0.029999999999972715,0.021403034955937983,1,-1,-0.3333333333333333,0.00382
326,2020-01-21 09:37:23,N,AAPL,317.28,1.0,317.3,3.0,0.0,1.0,2020-01-21 09:37:23.147466,317.28,317.33,0,0.020000000000038654,0.01996475276325782,1,-1,-0.5,0.00382
327,2020-01-21 09:37:26,N,AAPL,317.28,3.0,317.33,2.0,2.0,0.0,2020-01-21 09:37:26.138477,317.26,317.28,0,0.05000000000001137,0.022868486771812968,1,1,0.2,0.00404
328,2020-01-21 09:37:28,N,AAPL,317.26,1.0,317.28,4.0,-2.0,2.0,2020-01-21 09:37:28.404502,317.25,317.29,0,0.01999999999998181,0.021704549976277576,1,-1,-0.6,0.00404
329,2020-01-21 09:37:29,N,AAPL,317.25,1.0,317.29,2.0,-3.0,0.0,2020-01-21 09:37:29.706474,317.32,317.34,1,0.040000000000020464,0.022184246954623177,1,1,-0.3333333333333333,0.00404
330,2020-01-21 09:37:31,N,AAPL,317.32,2.0,317.34,1.0,1.0,-1.0,2020-01-21 09:37:31.022791,317.3,317.37,0,0.01999999999998181,0.023083560008274162,1,-1,0.3333333333333333,0.00404
331,2020-01-21 09:37:32,N,AAPL,317.3,2.0,317.37,2.0,0.0,1.0,2020-01-21 09:37:32.117567,317.3,317.35,0,0.06999999999999318,0.024007191277803486,1,1,0.0,0.00404
332,2020-01-21 09:37:33,N,AAPL,317.3,2.0,317.35,1.0,0.0,-1.0,2020-01-21 09:37:33.811298,317.3,317.34,0,0.05000000000001137,0.024371706100907886,1,-1,0.3333333333333333,0.00404
333,2020-01-21 09:37:34,N,AAPL,317.3,2.0,317.34,4.0,0.0,3.0,2020-01-21 09:37:34.076827,317.25,317.3,0,0.03999999999996362,0.023185226155305827,1,-1,-0.3333333333333333,0.00404
334,2020-01-21 09:37:35,N,AAPL,317.25,2.0,317.3,3.0,-1.0,-1.0,2020-01-21 09:37:35.519101,317.25,317.28,0,0.05000000000001137,0.023133921667181312,1,1,-0.2,0.00404
335,2020-01-21 09:37:38,N,AAPL,317.25,1.0,317.28,1.0,-1.0,-2.0,2020-01-21 09:37:38.951513,317.2,317.23,-1,0.029999999999972715,0.025251837730593252,1,-1,0.0,0.00404
336,2020-01-21 09:37:39,N,AAPL,317.2,6.0,317.23,1.0,2.0,-1.0,2020-01-21 09:37:39.839134,317.21,317.27,0,0.03000000000002956,0.029419033006661266,0,1,0.7142857142857143,0.00404
337,2020-01-21 09:37:40,N,AAPL,317.21,1.0,317.27,3.0,0.0,1.0,2020-01-21 09:37:40.328998,317.25,317.27,0,0.060000000000002274,0.026529080675288697,0,1,-0.5,0.00404
338,2020-01-21 09:37:43,N,AAPL,317.25,4.0,317.27,5.0,3.0,3.0,2020-01-21 09:37:43.173736,317.18,317.21,-1,0.01999999999998181,0.029352078767885814,0,-1,-0.1111111111111111,0.00404
339,2020-01-21 09:37:44,N,AAPL,317.18,1.0,317.21,1.0,0.0,-1.0,2020-01-21 09:37:44.006619,317.19,317.24,0,0.029999999999972715,0.03319803491581297,1,1,0.0,0.00404
340,2020-01-21 09:37:45,N,AAPL,317.19,3.0,317.24,3.0,2.0,0.0,2020-01-21 09:37:45.077280,317.21,317.26,0,0.05000000000001137,0.03441374124065533,1,1,0.0,0.00404
341,2020-01-21 09:37:46,N,AAPL,317.21,3.0,317.26,1.0,2.0,0.0,2020-01-21 09:37:46.024413,317.22,317.27,0,0.05000000000001137,0.03550714855015258,1,1,0.5,0.00404
342,2020-01-21 09:37:47,N,AAPL,317.22,1.0,317.27,3.0,0.0,2.0,2020-01-21 09:37:47.118365,317.22,317.25,0,0.049999999999954525,0.03490727272168215,1,-1,-0.5,0.00404
343,2020-01-21 09:37:50,N,AAPL,317.22,2.0,317.25,3.0,1.0,2.0,2020-01-21 09:37:50.041965,317.18,317.21,-1,0.029999999999972715,0.03522855118461621,1,-1,-0.2,0.00404
344,2020-01-21 09:37:52,N,AAPL,317.18,1.0,317.21,2.0,0.0,1.0,2020-01-21 09:37:52.499151,317.17,317.22,0,0.029999999999972715,0.03410833757851606,1,1,-0.3333333333333333,0.00404
345,2020-01-21 09:37:53,N,AAPL,317.17,1.0,317.22,2.0,0.0,-3.0,2020-01-21 09:37:53.240456,317.17,317.22,0,0.05000000000001137,0.03610615793513716,1,1,-0.3333333333333333,0.00404
346,2020-01-21 09:37:54,N,AAPL,317.17,2.0,317.22,3.0,1.0,1.0,2020-01-21 09:37:54.694440,317.18,317.22,0,0.05000000000001137,0.033005056958586465,1,1,-0.2,0.00404
347,2020-01-21 09:37:55,N,AAPL,317.18,2.0,317.22,3.0,0.0,1.0,2020-01-21 09:37:55.014534,317.13,317.17,-1,0.040000000000020464,0.03161604507528182,1,-1,-0.2,0.00404
348,2020-01-21 09:37:56,N,AAPL,317.13,1.0,317.17,2.0,-1.0,-1.0,2020-01-21 09:37:56.487513,317.14,317.19,0,0.040000000000020464,0.030413626886058864,1,1,-0.3333333333333333,0.00404
349,2020-01-21 09:37:57,N,AAPL,317.14,5.0,317.19,2.0,4.0,0.0,2020-01-21 09:37:57.084974,317.16,317.18,0,0.05000000000001137,0.03393224655820859,1,1,0.42857142857142855,0.00404
350,2020-01-21 09:37:58,N,AAPL,317.16,1.0,317.18,4.0,-3.0,3.0,2020-01-21 09:37:58.086088,317.14,317.19,0,0.01999999999998181,0.035057374912469186,1,-1,-0.6,0.00404
351,2020-01-21 09:37:59,N,AAPL,317.14,1.0,317.19,3.0,0.0,1.0,2020-01-21 09:37:59.325783,317.15,317.19,0,0.05000000000001137,0.03342236247476649,1,1,-0.5,0.00404
352,2020-01-21 09:38:00,N,AAPL,317.15,1.0,317.19,2.0,-1.0,-2.0,2020-01-21 09:38:00.002956,317.17,317.2,0,0.040000000000020464,0.03292208734353608,1,-1,-0.3333333333333333,0.00404
353,2020-01-21 09:38:01,N,AAPL,317.17,1.0,317.2,2.0,-1.0,0.0,2020-01-21 09:38:01.192148,317.16,317.19,0,0.029999999999972715,0.033698859022990746,1,-1,-0.3333333333333333,0.00404
354,2020-01-21 09:38:02,N,AAPL,317.16,1.0,317.19,1.0,-1.0,-1.0,2020-01-21 09:38:02.063702,317.17,317.22,0,0.029999999999972715,0.03328462637591656,1,1,0.0,0.00404
355,2020-01-21 09:38:03,N,AAPL,317.17,2.0,317.22,2.0,1.0,1.0,2020-01-21 09:38:03.023648,317.14,317.19,0,0.05000000000001137,0.033243519085544904,1,1,0.0,0.00404
356,2020-01-21 09:38:04,N,AAPL,317.14,1.0,317.19,1.0,0.0,-4.0,2020-01-21 09:38:04.104258,317.15,317.18,0,0.05000000000001137,0.0332076875971552,1,1,0.0,0.00404
357,2020-01-21 09:38:06,N,AAPL,317.15,1.0,317.18,5.0,0.0,4.0,2020-01-21 09:38:06.257568,317.15,317.17,0,0.03000000000002956,0.031357931456113874,1,-1,-0.6666666666666666,0.00404
358,2020-01-21 09:38:08,N,AAPL,317.15,1.0,317.17,2.0,0.0,-1.0,2020-01-21 09:38:08.020519,317.03,317.07,-1,0.020000000000038654,0.030425232665891144,1,-1,-0.3333333333333333,0.00404
359,2020-01-21 09:38:09,N,AAPL,317.03,2.0,317.07,1.0,1.0,-1.0,2020-01-21 09:38:09.064838,317.04,317.08,0,0.040000000000020464,0.029863006271625636,0,1,0.3333333333333333,0.00404
360,2020-01-21 09:38:10,N,AAPL,317.04,1.0,317.08,2.0,-1.0,1.0,2020-01-21 09:38:10.038804,317.08,317.11,0,0.03999999999996362,0.02935503593090516,0,-1,-0.3333333333333333,0.00404
361,2020-01-21 09:38:12,N,AAPL,317.08,2.0,317.11,2.0,1.0,0.0,2020-01-21 09:38:12.265100,317.13,317.15,1,0.03000000000002956,0.02737855228662056,0,-1,0.0,0.00404
362,2020-01-21 09:38:13,N,AAPL,317.13,4.0,317.15,2.0,3.0,1.0,2020-01-21 09:38:13.351994,317.08,317.14,0,0.01999999999998181,0.027519774011295794,0,-1,0.3333333333333333,0.00404
363,2020-01-21 09:38:14,N,AAPL,317.08,8.0,317.14,3.0,7.0,1.0,2020-01-21 09:38:14.411627,317.08,317.1,0,0.060000000000002274,0.033671643927050354,1,1,0.45454545454545453,0.00404
364,2020-01-21 09:38:15,N,AAPL,317.08,7.0,317.1,1.0,-1.0,-2.0,2020-01-21 09:38:15.081917,317.06,317.08,0,0.020000000000038654,0.037732016473398744,1,-1,0.75,0.00404
365,2020-01-21 09:38:16,N,AAPL,317.06,1.0,317.08,8.0,-6.0,7.0,2020-01-21 09:38:16.415498,317.04,317.08,0,0.01999999999998181,0.032615400317183685,1,-1,-0.7777777777777778,0.00404
366,2020-01-21 09:38:17,N,AAPL,317.04,1.0,317.08,2.0,0.0,0.0,2020-01-21 09:38:17.368174,317.04,317.09,0,0.03999999999996362,0.0319917316398346,1,1,-0.3333333333333333,0.00404
367,2020-01-21 09:38:18,N,AAPL,317.04,4.0,317.09,2.0,-1.0,-3.0,2020-01-21 09:38:18.589210,317.03,317.06,0,0.049999999999954525,0.033135481037732006,1,1,0.3333333333333333,0.00404
368,2020-01-21 09:38:19,N,AAPL,317.03,1.0,317.06,2.0,0.0,0.0,2020-01-21 09:38:19.179297,317.01,317.04,0,0.03000000000002956,0.032869506571671536,1,-1,-0.3333333333333333,0.00404
369,2020-01-21 09:38:20,N,AAPL,317.01,3.0,317.04,1.0,0.0,0.0,2020-01-21 09:38:20.016172,317.05,317.08,1,0.03000000000002956,0.0345634069894345,1,1,0.5,0.00404
370,2020-01-21 09:38:21,N,AAPL,317.05,1.0,317.08,1.0,0.0,-1.0,2020-01-21 09:38:21.385736,317.04,317.08,0,0.029999999999972715,0.034500141043793064,1,-1,0.0,0.00471
371,2020-01-21 09:38:22,N,AAPL,317.04,2.0,317.08,1.0,1.0,0.0,2020-01-21 09:38:22.206264,316.96,317.0,-1,0.03999999999996362,0.03468060871153966,1,1,0.3333333333333333,0.00471
372,2020-01-21 09:38:23,N,AAPL,316.96,1.0,317.0,3.0,-1.0,2.0,2020-01-21 09:38:23.004517,317.02,317.08,1,0.040000000000020464,0.03251601594030262,1,1,-0.5,0.00471
373,2020-01-21 09:38:24,N,AAPL,317.02,2.0,317.08,1.0,0.0,0.0,2020-01-21 09:38:24.036537,317.04,317.08,0,0.060000000000002274,0.029908176220374116,0,1,0.3333333333333333,0.00471
374,2020-01-21 09:38:25,N,AAPL,317.04,2.0,317.08,1.0,0.0,-1.0,2020-01-21 09:38:25.001079,317.02,317.05,0,0.03999999999996362,0.02633247547225892,1,-1,0.3333333333333333,0.00471
375,2020-01-21 09:38:26,N,AAPL,317.02,1.0,317.05,4.0,-1.0,1.0,2020-01-21 09:38:26.002551,316.98,317.03,0,0.03000000000002956,0.02359827144675819,1,-1,-0.6,0.00471
376,2020-01-21 09:38:27,N,AAPL,316.98,2.0,317.03,1.0,1.0,-4.0,2020-01-21 09:38:27.544034,316.98,317.03,0,0.049999999999954525,0.024214290293514296,1,1,0.3333333333333333,0.00471
377,2020-01-21 09:38:28,N,AAPL,316.98,2.0,317.03,4.0,0.0,3.0,2020-01-21 09:38:28.651546,316.98,317.02,0,0.049999999999954525,0.02276152368744988,1,1,-0.3333333333333333,0.00471
378,2020-01-21 09:38:29,N,AAPL,316.98,1.0,317.02,2.0,-1.0,-2.0,2020-01-21 09:38:29.682005,316.97,317.03,0,0.03999999999996362,0.02193268599063458,1,-1,-0.3333333333333333,0.00471
379,2020-01-21 09:38:30,N,AAPL,316.97,3.0,317.03,2.0,0.0,-1.0,2020-01-21 09:38:30.058205,317.01,317.04,0,0.05999999999994543,0.02428757988769803,1,1,0.2,0.00471
380,2020-01-21 09:38:31,N,AAPL,317.01,1.0,317.04,3.0,-2.0,1.0,2020-01-21 09:38:31.756455,317.09,317.12,1,0.03000000000002956,0.02231433404602967,1,-1,-0.5,0.00471
381,2020-01-21 09:38:32,N,AAPL,317.09,2.0,317.12,2.0,1.0,-1.0,2020-01-21 09:38:32.265171,317.03,317.07,-1,0.03000000000002956,0.021882336801922975,1,1,0.0,0.00471
382,2020-01-21 09:38:33,N,AAPL,317.03,1.0,317.07,1.0,0.0,-4.0,2020-01-21 09:38:33.163189,317.08,317.12,1,0.040000000000020464,0.02094781218420394,1,1,0.0,0.00471
383,2020-01-21 09:38:34,N,AAPL,317.08,1.0,317.12,1.0,-1.0,-1.0,2020-01-21 09:38:34.418613,317.09,317.14,0,0.040000000000020464,0.020811026419380596,1,1,0.0,0.00471
384,2020-01-21 09:38:35,N,AAPL,317.09,2.0,317.14,1.0,1.0,0.0,2020-01-21 09:38:35.169027,317.09,317.14,0,0.05000000000001137,0.01499039310471062,1,1,0.3333333333333333,0.00471
385,2020-01-21 09:38:36,N,AAPL,317.09,1.0,317.14,3.0,-1.0,2.0,2020-01-21 09:38:36.373664,317.09,317.13,0,0.05000000000001137,0.01377266029811608,1,1,-0.5,0.00471
386,2020-01-21 09:38:37,N,AAPL,317.09,1.0,317.13,1.0,0.0,-1.0,2020-01-21 09:38:37.177408,317.08,317.13,0,0.040000000000020464,0.013682560521033338,1,-1,0.0,0.00471
387,2020-01-21 09:38:38,N,AAPL,317.08,2.0,317.13,1.0,0.0,0.0,2020-01-21 09:38:38.424311,317.1,317.14,0,0.05000000000001137,0.013903527277363992,1,1,0.3333333333333333,0.00471
388,2020-01-21 09:38:39,N,AAPL,317.1,2.0,317.14,1.0,0.0,0.0,2020-01-21 09:38:39.157550,317.19,317.23,1,0.03999999999996362,0.013984627599256783,1,-1,0.3333333333333333,0.00471
389,2020-01-21 09:38:40,N,AAPL,317.19,2.0,317.23,2.0,0.0,-1.0,2020-01-21 09:38:40.107034,317.2,317.24,0,0.040000000000020464,0.013800798258387204,1,1,0.0,0.00471
390,2020-01-21 09:38:41,N,AAPL,317.2,2.0,317.24,2.0,0.0,1.0,2020-01-21 09:38:41.133660,317.13,317.19,-1,0.040000000000020464,0.013271762540455256,1,1,0.0,0.00471
391,2020-01-21 09:38:42,N,AAPL,317.13,2.0,317.19,5.0,0.0,1.0,2020-01-21 09:38:42.008074,317.15,317.21,0,0.060000000000002274,0.011535192248800286,1,1,-0.42857142857142855,0.00471
392,2020-01-21 09:38:43,N,AAPL,317.15,2.0,317.21,1.0,0.0,-1.0,2020-01-21 09:38:43.031093,317.2,317.25,0,0.060000000000002274,0.011821100588349509,1,1,0.3333333333333333,0.00471
393,2020-01-21 09:38:44,N,AAPL,317.2,2.0,317.25,3.0,-1.0,2.0,2020-01-21 09:38:44.016064,317.2,317.25,0,0.05000000000001137,0.011181688899796427,1,-1,-0.2,0.00471
394,2020-01-21 09:38:45,N,AAPL,317.2,4.0,317.25,3.0,2.0,0.0,2020-01-21 09:38:45.872366,317.19,317.24,0,0.05000000000001137,0.011392742453494975,1,1,0.14285714285714285,0.00471
395,2020-01-21 09:38:47,N,AAPL,317.19,3.0,317.24,2.0,2.0,0.0,2020-01-21 09:38:47.030302,317.25,317.27,1,0.05000000000001137,0.01188341046554342,1,1,0.2,0.00471
396,2020-01-21 09:38:48,N,AAPL,317.25,1.0,317.27,2.0,0.0,1.0,2020-01-21 09:38:48.128310,317.31,317.33,1,0.01999999999998181,0.013225267174846067,1,-1,-0.3333333333333333,0.00471
397,2020-01-21 09:38:49,N,AAPL,317.31,2.0,317.33,2.0,0.0,1.0,2020-01-21 09:38:49.011174,317.3,317.31,0,0.01999999999998181,0.013602086962862359,1,1,0.0,0.00471
398,2020-01-21 09:38:50,N,AAPL,317.3,8.0,317.31,2.0,6.0,1.0,2020-01-21 09:38:50.077638,317.27,317.31,0,0.009999999999990905,0.012349286971584661,1,-1,0.6,0.00471
399,2020-01-21 09:38:51,N,AAPL,317.27,2.0,317.31,1.0,1.0,0.0,2020-01-21 09:38:51.026037,317.25,317.29,0,0.040000000000020464,0.012207439479084314,1,1,0.3333333333333333,0.00471
400,2020-01-21 09:38:52,N,AAPL,317.25,1.0,317.29,4.0,-1.0,3.0,2020-01-21 09:38:52.951269,317.26,317.3,0,0.040000000000020464,0.01018636381803617,1,1,-0.6,0.00471
401,2020-01-21 09:38:53,N,AAPL,317.26,4.0,317.3,36.0,3.0,34.0,2020-01-21 09:38:53.418631,317.26,317.3,0,0.040000000000020464,-0.0012518978605271514,1,1,-0.8,0.00471
402,2020-01-21 09:38:56,N,AAPL,317.26,3.0,317.3,34.0,2.0,0.0,2020-01-21 09:38:56.279249,317.25,317.29,0,0.040000000000020464,-0.011204549830381438,1,1,-0.8378378378378378,0.00471
403,2020-01-21 09:38:57,N,AAPL,317.25,1.0,317.29,4.0,-2.0,-30.0,2020-01-21 09:38:57.235722,317.22,317.25,0,0.040000000000020464,-0.01221745244970407,1,1,-0.6,0.00559
404,2020-01-21 09:38:58,N,AAPL,317.22,1.0,317.25,1.0,0.0,0.0,2020-01-21 09:38:58.281206,317.22,317.26,0,0.029999999999972715,-0.011910407394168487,1,-1,0.0,0.00559
405,2020-01-21 09:38:59,N,AAPL,317.22,1.0,317.26,3.0,0.0,0.0,2020-01-21 09:38:59.127648,317.24,317.28,0,0.03999999999996362,-0.012377839994201167,1,1,-0.5,0.00559
406,2020-01-21 09:39:00,N,AAPL,317.24,1.0,317.28,2.0,-4.0,-1.0,2020-01-21 09:39:00.579867,317.25,317.29,0,0.03999999999996362,-0.012842889363071208,1,1,-0.3333333333333333,0.00559
407,2020-01-21 09:39:01,N,AAPL,317.25,4.0,317.29,1.0,2.0,0.0,2020-01-21 09:39:01.388005,317.29,317.3,0,0.040000000000020464,-0.010954973474781582,1,1,0.6,0.00559
408,2020-01-21 09:39:02,N,AAPL,317.29,4.0,317.3,28.0,3.0,27.0,2020-01-21 09:39:02.713799,317.25,317.29,0,0.009999999999990905,-0.015901785222240505,1,-1,-0.75,0.00559
409,2020-01-21 09:39:04,N,AAPL,317.25,2.0,317.29,1.0,1.0,-21.0,2020-01-21 09:39:04.151681,317.27,317.3,0,0.040000000000020464,-0.01561838545444516,1,1,0.3333333333333333,0.00559
410,2020-01-21 09:39:07,N,AAPL,317.27,4.0,317.3,15.0,2.0,14.0,2020-01-21 09:39:07.770492,317.3,317.34,0,0.03000000000002956,-0.018835920106823778,1,-1,-0.5789473684210527,0.00559
411,2020-01-21 09:39:09,N,AAPL,317.3,1.0,317.34,2.0,0.0,-12.0,2020-01-21 09:39:09.138716,317.31,317.34,0,0.03999999999996362,-0.019126343443986116,1,1,-0.3333333333333333,0.00559
412,2020-01-21 09:39:10,N,AAPL,317.31,2.0,317.34,2.0,-1.0,0.0,2020-01-21 09:39:10.297437,317.27,317.3,-1,0.029999999999972715,-0.019285566435769397,1,-1,0.0,0.00559
413,2020-01-21 09:39:11,N,AAPL,317.27,1.0,317.3,4.0,-1.0,3.0,2020-01-21 09:39:11.647136,317.27,317.32,0,0.03000000000002956,-0.020521440823188186,1,1,-0.6,0.00559
414,2020-01-21 09:39:12,N,AAPL,317.27,2.0,317.32,2.0,1.0,1.0,2020-01-21 09:39:12.508700,317.26,317.3,0,0.05000000000001137,-0.020600914808369453,1,1,0.0,0.00559
415,2020-01-21 09:39:14,N,AAPL,317.26,4.0,317.3,1.0,-2.0,-1.0,2020-01-21 09:39:14.991018,317.25,317.3,0,0.040000000000020464,-0.020434232936167973,1,-1,0.6,0.00559
416,2020-01-21 09:39:15,N,AAPL,317.25,7.0,317.3,2.0,3.0,0.0,2020-01-21 09:39:15.027842,317.26,317.3,0,0.05000000000001137,-0.019434458515092956,1,1,0.5555555555555556,0.00559
417,2020-01-21 09:39:16,N,AAPL,317.26,2.0,317.3,1.0,-4.0,0.0,2020-01-21 09:39:16.519578,317.26,317.3,0,0.040000000000020464,-0.020244528522937344,1,-1,0.3333333333333333,0.00559
418,2020-01-21 09:39:17,N,AAPL,317.26,2.0,317.3,2.0,-5.0,0.0,2020-01-21 09:39:17.669898,317.26,317.3,0,0.040000000000020464,-0.02030089938580204,1,1,0.0,0.00559
419,2020-01-21 09:39:18,N,AAPL,317.26,1.0,317.3,2.0,-1.0,0.0,2020-01-21 09:39:18.028367,317.34,317.39,1,0.040000000000020464,-0.021120442558981267,1,1,-0.3333333333333333,0.00559
420,2020-01-21 09:39:19,N,AAPL,317.34,2.0,317.39,1.0,-1.0,0.0,2020-01-21 09:39:19.137503,317.39,317.43,0,0.05000000000001137,-0.020113010203999693,1,1,0.3333333333333333,0.00559
421,2020-01-21 09:39:20,N,AAPL,317.39,2.0,317.43,2.0,1.0,1.0,2020-01-21 09:39:20.488556,317.37,317.42,0,0.040000000000020464,-0.020573740732174883,1,-1,0.0,0.00559
422,2020-01-21 09:39:21,N,AAPL,317.37,1.0,317.42,2.0,0.0,0.0,2020-01-21 09:39:21.143714,317.37,317.41,0,0.05000000000001137,-0.021147417768474952,1,1,-0.3333333333333333,0.00559
423,2020-01-21 09:39:22,N,AAPL,317.37,2.0,317.41,1.0,1.0,-1.0,2020-01-21 09:39:22.075864,317.32,317.38,0,0.040000000000020464,-0.02102139421845095,1,-1,0.3333333333333333,0.00559
424,2020-01-21 09:39:23,N,AAPL,317.32,2.0,317.38,2.0,1.0,0.0,2020-01-21 09:39:23.236791,317.31,317.35,0,0.060000000000002274,-0.02106751615849589,1,1,0.0,0.00559
425,2020-01-21 09:39:24,N,AAPL,317.31,2.0,317.35,4.0,0.0,3.0,2020-01-21 09:39:24.159302,317.31,317.35,0,0.040000000000020464,-0.02231719807622312,1,-1,-0.3333333333333333,0.00559
426,2020-01-21 09:39:28,N,AAPL,317.31,3.0,317.35,1.0,2.0,0.0,2020-01-21 09:39:28.153892,317.34,317.37,0,0.040000000000020464,-0.023291854264471112,1,1,0.5,0.00559
427,2020-01-21 09:39:31,N,AAPL,317.34,4.0,317.37,2.0,3.0,0.0,2020-01-21 09:39:31.624026,317.35,317.38,0,0.03000000000002956,-0.023292803970207387,1,-1,0.3333333333333333,0.00559
428,2020-01-21 09:39:32,N,AAPL,317.35,1.0,317.38,1.0,-1.0,0.0,2020-01-21 09:39:32.203218,317.33,317.36,0,0.029999999999972715,-0.022453884424010084,1,-1,0.0,0.00559
429,2020-01-21 09:39:33,N,AAPL,317.33,4.0,317.36,1.0,-1.0,-1.0,2020-01-21 09:39:33.696706,317.35,317.39,0,0.03000000000002956,-0.021915830246200585,1,1,0.6,0.00559
430,2020-01-21 09:39:34,N,AAPL,317.35,2.0,317.39,2.0,1.0,0.0,2020-01-21 09:39:34.245735,317.35,317.39,0,0.03999999999996362,-0.021273779983403074,1,1,0.0,0.00559
431,2020-01-21 09:39:35,N,AAPL,317.35,2.0,317.39,2.0,0.0,-10.0,2020-01-21 09:39:35.053255,317.36,317.39,0,0.03999999999996362,-0.02135649296945985,1,1,0.0,0.00559
432,2020-01-21 09:39:36,N,AAPL,317.36,4.0,317.39,1.0,2.0,0.0,2020-01-21 09:39:36.034268,317.43,317.46,1,0.029999999999972715,-0.020263645595377966,1,-1,0.6,0.00559
433,2020-01-21 09:39:37,N,AAPL,317.43,1.0,317.46,4.0,-3.0,1.0,2020-01-21 09:39:37.245665,317.41,317.43,0,0.029999999999972715,-0.02038661912177986,1,1,-0.6,0.00559
434,2020-01-21 09:39:38,N,AAPL,317.41,2.0,317.43,1.0,0.0,-4.0,2020-01-21 09:39:38.006984,317.41,317.44,0,0.01999999999998181,-0.020392834759718426,1,-1,0.3333333333333333,0.00559
435,2020-01-21 09:39:39,N,AAPL,317.41,2.0,317.44,2.0,0.0,1.0,2020-01-21 09:39:39.010431,317.41,317.43,0,0.029999999999972715,-0.020997871434758508,1,1,0.0,0.00559
436,2020-01-21 09:39:40,N,AAPL,317.41,2.0,317.43,5.0,0.0,3.0,2020-01-21 09:39:40.118249,317.39,317.43,0,0.01999999999998181,-0.021156336710873802,1,-1,-0.42857142857142855,0.00559
437,2020-01-21 09:39:41,N,AAPL,317.39,1.0,317.43,1.0,-1.0,0.0,2020-01-21 09:39:41.579665,317.39,317.43,0,0.040000000000020464,-0.02188354778303392,1,1,0.0,0.00559
438,2020-01-21 09:39:42,N,AAPL,317.39,1.0,317.43,1.0,-1.0,0.0,2020-01-21 09:39:42.117695,317.38,317.41,0,0.040000000000020464,-0.02158533597224732,1,1,0.0,0.00559
439,2020-01-21 09:39:44,N,AAPL,317.38,2.0,317.41,1.0,0.0,0.0,2020-01-21 09:39:44.227467,317.39,317.42,0,0.03000000000002956,-0.02080223245269508,1,-1,0.3333333333333333,0.00559
440,2020-01-21 09:39:46,N,AAPL,317.39,1.0,317.42,1.0,0.0,0.0,2020-01-21 09:39:46.278226,317.47,317.5,1,0.03000000000002956,-0.02265087600329707,1,1,0.0,0.00559
441,2020-01-21 09:39:47,N,AAPL,317.47,1.0,317.5,8.0,0.0,0.0,2020-01-21 09:39:47.023680,317.44,317.47,0,0.029999999999972715,-0.02184856401009938,1,-1,-0.7777777777777778,0.00588
442,2020-01-21 09:39:48,N,AAPL,317.44,1.0,317.47,1.0,0.0,-3.0,2020-01-21 09:39:48.013802,317.51,317.55,1,0.03000000000002956,-0.022410854551026205,1,1,0.0,0.00588
443,2020-01-21 09:39:49,N,AAPL,317.51,2.0,317.55,2.0,0.0,-1.0,2020-01-21 09:39:49.070308,317.51,317.53,0,0.040000000000020464,-0.02262824412974851,1,1,0.0,0.00588
444,2020-01-21 09:39:51,N,AAPL,317.51,1.0,317.53,5.0,-1.0,3.0,2020-01-21 09:39:51.349152,317.49,317.5,-1,0.01999999999998181,-0.022085556855188315,1,-1,-0.6666666666666666,0.00588
445,2020-01-21 09:39:53,N,AAPL,317.49,1.0,317.5,4.0,-2.0,3.0,2020-01-21 09:39:53.277533,317.46,317.5,0,0.009999999999990905,-0.021738992166149274,1,-1,-0.6,0.00588
446,2020-01-21 09:39:54,N,AAPL,317.46,2.0,317.5,2.0,1.0,0.0,2020-01-21 09:39:54.304238,317.47,317.5,0,0.040000000000020464,-0.021485834593988784,1,1,0.0,0.00588
447,2020-01-21 09:39:55,N,AAPL,317.47,1.0,317.5,1.0,-1.0,-1.0,2020-01-21 09:39:55.546436,317.46,317.5,0,0.029999999999972715,-0.02165616842592044,1,-1,0.0,0.00588
448,2020-01-21 09:39:56,N,AAPL,317.46,3.0,317.5,1.0,2.0,0.0,2020-01-21 09:39:56.563506,317.45,317.48,0,0.040000000000020464,-0.021415873195905988,1,1,0.5,0.00588
449,2020-01-21 09:39:57,N,AAPL,317.45,2.0,317.48,3.0,0.0,2.0,2020-01-21 09:39:57.814191,317.42,317.46,0,0.03000000000002956,-0.021424465318546027,1,-1,-0.2,0.00588
450,2020-01-21 09:39:58,N,AAPL,317.42,3.0,317.46,5.0,-1.0,4.0,2020-01-21 09:39:58.669010,317.41,317.44,0,0.03999999999996362,-0.021676100628951644,1,1,-0.25,0.00588
451,2020-01-21 09:39:59,N,AAPL,317.41,3.0,317.44,2.0,0.0,-3.0,2020-01-21 09:39:59.455668,317.46,317.5,1,0.029999999999972715,-0.021670224885724565,1,-1,0.2,0.00588
452,2020-01-21 09:40:00,N,AAPL,317.46,2.0,317.5,1.0,0.0,0.0,2020-01-21 09:40:00.165957,317.46,317.51,0,0.040000000000020464,-0.021723128176006412,1,1,0.3333333333333333,0.00588
453,2020-01-21 09:40:01,N,AAPL,317.46,3.0,317.51,1.0,-1.0,-3.0,2020-01-21 09:40:01.016320,317.43,317.48,0,0.05000000000001137,-0.02198177431239401,1,1,0.5,0.00588
454,2020-01-21 09:40:02,N,AAPL,317.43,2.0,317.48,2.0,1.0,0.0,2020-01-21 09:40:02.119893,317.43,317.48,0,0.05000000000001137,-0.023018150240204704,1,1,0.0,0.00588
455,2020-01-21 09:40:03,N,AAPL,317.43,2.0,317.48,2.0,0.0,0.0,2020-01-21 09:40:03.103561,317.45,317.49,0,0.05000000000001137,-0.022835599699249087,1,1,0.0,0.00588
456,2020-01-21 09:40:04,N,AAPL,317.45,2.0,317.49,1.0,0.0,0.0,2020-01-21 09:40:04.363896,317.45,317.47,0,0.040000000000020464,-0.023248937413598014,1,-1,0.3333333333333333,0.00588
457,2020-01-21 09:40:05,N,AAPL,317.45,2.0,317.47,1.0,1.0,0.0,2020-01-21 09:40:05.627291,317.46,317.5,0,0.020000000000038654,-0.023233159648896162,1,-1,0.3333333333333333,0.00588
458,2020-01-21 09:40:06,N,AAPL,317.46,4.0,317.5,2.0,3.0,0.0,2020-01-21 09:40:06.452092,317.46,317.5,0,0.040000000000020464,-0.021936061513315508,1,1,0.3333333333333333,0.00588
459,2020-01-21 09:40:07,N,AAPL,317.46,3.0,317.5,1.0,0.0,0.0,2020-01-21 09:40:07.250163,317.45,317.47,0,0.040000000000020464,-0.019154627998375418,1,1,0.5,0.00588
460,2020-01-21 09:40:08,N,AAPL,317.45,1.0,317.47,3.0,0.0,1.0,2020-01-21 09:40:08.486076,317.36,317.4,-1,0.020000000000038654,-0.018845463746060886,1,-1,-0.5,0.00588
461,2020-01-21 09:40:09,N,AAPL,317.36,2.0,317.4,2.0,0.0,0.0,2020-01-21 09:40:09.544244,317.34,317.37,0,0.03999999999996362,-0.01676092990987854,1,1,0.0,0.00588
462,2020-01-21 09:40:10,N,AAPL,317.34,2.0,317.37,2.0,1.0,0.0,2020-01-21 09:40:10.040008,317.39,317.43,1,0.03000000000002956,-0.015840573882599074,1,-1,0.0,0.00588
463,2020-01-21 09:40:11,N,AAPL,317.39,1.0,317.43,2.0,-2.0,1.0,2020-01-21 09:40:11.163749,317.42,317.45,0,0.040000000000020464,-0.01616580126841427,1,1,-0.3333333333333333,0.00588
464,2020-01-21 09:40:12,N,AAPL,317.42,1.0,317.45,2.0,0.0,0.0,2020-01-21 09:40:12.172478,317.4,317.44,0,0.029999999999972715,-0.016328005018010572,1,-1,-0.3333333333333333,0.00588
465,2020-01-21 09:40:13,N,AAPL,317.4,1.0,317.44,2.0,0.0,1.0,2020-01-21 09:40:13.894244,317.38,317.43,0,0.040000000000020464,-0.01651399491106531,1,1,-0.3333333333333333,0.00588
466,2020-01-21 09:40:14,N,AAPL,317.38,3.0,317.43,1.0,1.0,0.0,2020-01-21 09:40:14.038817,317.4,317.44,0,0.05000000000001137,-0.016459650855153996,1,1,0.5,0.00588
467,2020-01-21 09:40:15,N,AAPL,317.4,5.0,317.44,2.0,2.0,0.0,2020-01-21 09:40:15.355266,317.4,317.44,0,0.040000000000020464,-0.017351876101429298,1,-1,0.42857142857142855,0.00588
468,2020-01-21 09:40:16,N,AAPL,317.4,3.0,317.44,2.0,0.0,0.0,2020-01-21 09:40:16.721774,317.42,317.46,0,0.040000000000020464,-0.01916278166288521,1,1,0.2,0.00588
469,2020-01-21 09:40:17,N,AAPL,317.42,2.0,317.46,2.0,0.0,0.0,2020-01-21 09:40:17.653056,317.43,317.46,0,0.03999999999996362,-0.01917560217572145,1,-1,0.0,0.00588
470,2020-01-21 09:40:18,N,AAPL,317.43,1.0,317.46,3.0,-1.0,2.0,2020-01-21 09:40:18.180474,317.48,317.5,1,0.029999999999972715,-0.01790133841603847,1,-1,-0.5,0.00588
471,2020-01-21 09:40:19,N,AAPL,317.48,1.0,317.5,5.0,-2.0,4.0,2020-01-21 09:40:19.881662,317.5,317.52,0,0.01999999999998181,-0.017139309748017695,1,-1,-0.6666666666666666,0.00588
472,2020-01-21 09:40:21,N,AAPL,317.5,1.0,317.52,4.0,0.0,0.0,2020-01-21 09:40:21.936020,317.48,317.52,0,0.01999999999998181,-0.01843798840116051,1,1,-0.6,0.00588
473,2020-01-21 09:40:22,N,AAPL,317.48,2.0,317.52,4.0,1.0,0.0,2020-01-21 09:40:22.059458,317.51,317.53,0,0.03999999999996362,-0.01679500575670545,1,1,-0.3333333333333333,0.00588
474,2020-01-21 09:40:23,N,AAPL,317.51,1.0,317.53,1.0,0.0,-2.0,2020-01-21 09:40:23.775436,317.53,317.55,0,0.01999999999998181,-0.01603649247016392,1,-1,0.0,0.00588
475,2020-01-21 09:40:25,N,AAPL,317.53,1.0,317.55,1.0,0.0,0.0,2020-01-21 09:40:25.764749,317.58,317.61,1,0.020000000000038654,-0.01508762584313672,1,1,0.0,0.00588
476,2020-01-21 09:40:26,N,AAPL,317.58,3.0,317.61,2.0,1.0,0.0,2020-01-21 09:40:26.049729,317.6,317.62,0,0.03000000000002956,-0.016264260101706896,1,1,0.2,0.00588
477,2020-01-21 09:40:27,N,AAPL,317.6,2.0,317.62,4.0,0.0,3.0,2020-01-21 09:40:27.155934,317.59,317.6,0,0.01999999999998181,-0.015804621981430955,1,-1,-0.3333333333333333,0.00588
478,2020-01-21 09:40:28,N,AAPL,317.59,3.0,317.6,4.0,2.0,0.0,2020-01-21 09:40:28.022841,317.61,317.65,1,0.010000000000047748,-0.015714624345434913,1,-1,-0.14285714285714285,0.00588
479,2020-01-21 09:40:29,N,AAPL,317.61,1.0,317.65,2.0,-1.0,0.0,2020-01-21 09:40:29.101041,317.64,317.66,0,0.03999999999996362,-0.01545583384870497,1,1,-0.3333333333333333,0.00588
480,2020-01-21 09:40:32,N,AAPL,317.64,4.0,317.66,10.0,3.0,0.0,2020-01-21 09:40:32.841061,317.64,317.66,0,0.020000000000038654,-0.01323307697441578,1,-1,-0.42857142857142855,0.00588
481,2020-01-21 09:40:36,N,AAPL,317.64,3.0,317.66,10.0,-1.0,0.0,2020-01-21 09:40:36.457354,317.64,317.68,0,0.020000000000038654,-0.011878505822153329,1,1,-0.5384615384615384,0.00588
482,2020-01-21 09:40:37,N,AAPL,317.64,4.0,317.68,1.0,1.0,0.0,2020-01-21 09:40:37.379609,317.65,317.69,0,0.040000000000020464,-0.011494887073070004,1,1,0.6,0.00659
483,2020-01-21 09:40:40,N,AAPL,317.65,3.0,317.69,4.0,-2.0,-2.0,2020-01-21 09:40:40.019653,317.65,317.66,0,0.040000000000020464,-0.012308212548305164,1,1,-0.14285714285714285,0.00659
484,2020-01-21 09:40:42,N,AAPL,317.65,1.0,317.66,5.0,-2.0,3.0,2020-01-21 09:40:42.128124,317.65,317.69,0,0.010000000000047748,-0.011252811897122683,1,-1,-0.6666666666666666,0.00659
485,2020-01-21 09:40:43,N,AAPL,317.65,2.0,317.69,2.0,-2.0,1.0,2020-01-21 09:40:43.397523,317.64,317.66,0,0.040000000000020464,-0.011368331058747572,1,1,0.0,0.00659
486,2020-01-21 09:40:44,N,AAPL,317.64,2.0,317.66,5.0,0.0,3.0,2020-01-21 09:40:44.640269,317.64,317.68,0,0.020000000000038654,-0.01059465702661555,1,-1,-0.42857142857142855,0.00659
487,2020-01-21 09:40:45,N,AAPL,317.64,2.0,317.68,8.0,1.0,7.0,2020-01-21 09:40:45.045264,317.67,317.69,0,0.040000000000020464,-0.009897663842821203,1,1,-0.6,0.00659
488,2020-01-21 09:40:46,N,AAPL,317.67,1.0,317.69,4.0,-1.0,-4.0,2020-01-21 09:40:46.519141,317.66,317.7,0,0.01999999999998181,-0.009453729949257195,1,-1,-0.6,0.00659
489,2020-01-21 09:40:47,N,AAPL,317.66,1.0,317.7,8.0,0.0,5.0,2020-01-21 09:40:47.549135,317.64,317.66,0,0.03999999999996362,-0.0035543488734219864,1,1,-0.7777777777777778,0.00659
490,2020-01-21 09:40:49,N,AAPL,317.64,2.0,317.66,5.0,0.0,-3.0,2020-01-21 09:40:49.523817,317.63,317.67,0,0.020000000000038654,-0.003544509517496408,1,-1,-0.42857142857142855,0.00659
491,2020-01-21 09:40:50,N,AAPL,317.63,2.0,317.67,3.0,0.0,1.0,2020-01-21 09:40:50.050863,317.6,317.64,0,0.040000000000020464,-0.002711982168591476,1,1,-0.2,0.00659
492,2020-01-21 09:40:51,N,AAPL,317.6,1.0,317.64,2.0,0.0,0.0,2020-01-21 09:40:51.208238,317.59,317.62,0,0.03999999999996362,-0.002546752826390275,1,-1,-0.3333333333333333,0.00659
493,2020-01-21 09:40:52,N,AAPL,317.59,10.0,317.62,2.0,9.0,1.0,2020-01-21 09:40:52.025349,317.51,317.56,-1,0.03000000000002956,-0.004109053041588595,1,-1,0.6666666666666666,0.00659
494,2020-01-21 09:40:53,N,AAPL,317.51,2.0,317.56,5.0,1.0,0.0,2020-01-21 09:40:53.434834,317.55,317.59,0,0.05000000000001137,0.002812248288307728,1,1,-0.42857142857142855,0.00659
495,2020-01-21 09:40:54,N,AAPL,317.55,4.0,317.59,1.0,-1.0,0.0,2020-01-21 09:40:54.004114,317.56,317.58,0,0.03999999999996362,0.0022878629353044744,1,-1,0.6,0.00659
496,2020-01-21 09:40:58,N,AAPL,317.56,1.0,317.58,1.0,-1.0,0.0,2020-01-21 09:40:58.779844,317.52,317.55,-1,0.01999999999998181,0.0017671836169483868,1,-1,0.0,0.00659
497,2020-01-21 09:40:59,N,AAPL,317.52,2.0,317.55,4.0,-1.0,2.0,2020-01-21 09:40:59.482766,317.51,317.55,0,0.03000000000002956,0.002362814577509198,1,1,-0.3333333333333333,0.00659
498,2020-01-21 09:41:00,N,AAPL,317.51,1.0,317.55,4.0,-1.0,3.0,2020-01-21 09:41:00.052989,317.51,317.55,0,0.040000000000020464,0.018579443044757227,0,1,-0.6,0.00659
499,2020-01-21 09:41:01,N,AAPL,317.51,2.0,317.55,1.0,0.0,-1.0,2020-01-21 09:41:01.104132,317.58,317.59,1,0.040000000000020464,0.017747922029741403,0,1,0.3333333333333333,0.00659
500,2020-01-21 09:41:02,N,AAPL,317.58,2.0,317.59,2.0,0.0,0.0,2020-01-21 09:41:02.678235,317.58,317.6,0,0.009999999999990905,0.017120181059567585,0,-1,0.0,0.00659
501,2020-01-21 09:41:03,N,AAPL,317.58,1.0,317.6,1.0,-1.0,-1.0,2020-01-21 09:41:03.318772,317.56,317.6,0,0.020000000000038654,0.017027522623607183,1,1,0.0,0.00659
502,2020-01-21 09:41:04,N,AAPL,317.56,3.0,317.6,1.0,2.0,0.0,2020-01-21 09:41:04.408288,317.56,317.6,0,0.040000000000020464,0.016136944146239784,1,1,0.5,0.00659
503,2020-01-21 09:41:05,N,AAPL,317.56,2.0,317.6,2.0,0.0,-3.0,2020-01-21 09:41:05.066681,317.56,317.59,0,0.040000000000020464,0.016753378928456186,1,1,0.0,0.00659
504,2020-01-21 09:41:06,N,AAPL,317.56,3.0,317.59,1.0,0.0,-2.0,2020-01-21 09:41:06.025267,317.55,317.57,0,0.029999999999972715,0.016404347656532536,1,-1,0.5,0.00659
505,2020-01-21 09:41:07,N,AAPL,317.55,1.0,317.57,6.0,0.0,3.0,2020-01-21 09:41:07.827444,317.55,317.57,0,0.01999999999998181,0.020500914617571198,0,-1,-0.7142857142857143,0.00659
506,2020-01-21 09:41:08,N,AAPL,317.55,1.0,317.57,6.0,-1.0,0.0,2020-01-21 09:41:08.667122,317.56,317.57,0,0.01999999999998181,0.024161638534110352,1,1,-0.7142857142857143,0.00659
507,2020-01-21 09:41:09,N,AAPL,317.56,4.0,317.57,1.0,3.0,-5.0,2020-01-21 09:41:09.012820,317.61,317.63,1,0.009999999999990905,0.022447271938631275,1,-1,0.6,0.00659
508,2020-01-21 09:41:10,N,AAPL,317.61,4.0,317.63,4.0,0.0,0.0,2020-01-21 09:41:10.572659,317.62,317.65,0,0.01999999999998181,0.0232743843750427,1,1,0.0,0.00659
509,2020-01-21 09:41:11,N,AAPL,317.62,3.0,317.65,2.0,1.0,1.0,2020-01-21 09:41:11.481395,317.62,317.65,0,0.029999999999972715,0.023446471291947546,1,1,0.2,0.00659
510,2020-01-21 09:41:12,N,AAPL,317.62,4.0,317.65,4.0,0.0,2.0,2020-01-21 09:41:12.532894,317.52,317.54,-1,0.029999999999972715,0.025069419837109308,1,1,0.0,0.00659
511,2020-01-21 09:41:16,N,AAPL,317.52,2.0,317.54,1.0,0.0,0.0,2020-01-21 09:41:16.509679,317.51,317.54,0,0.020000000000038654,0.025056873639243804,1,-1,0.3333333333333333,0.00659
512,2020-01-21 09:41:17,N,AAPL,317.51,1.0,317.54,1.0,0.0,0.0,2020-01-21 09:41:17.221309,317.49,317.51,0,0.03000000000002956,0.024343217286912022,1,1,0.0,0.00659
513,2020-01-21 09:41:18,N,AAPL,317.49,2.0,317.51,4.0,1.0,3.0,2020-01-21 09:41:18.730961,317.46,317.49,0,0.01999999999998181,0.025415391776334673,1,-1,-0.3333333333333333,0.00659
514,2020-01-21 09:41:19,N,AAPL,317.46,2.0,317.49,2.0,-2.0,1.0,2020-01-21 09:41:19.806280,317.48,317.52,0,0.03000000000002956,0.025488976049075518,1,1,0.0,0.00659
515,2020-01-21 09:41:20,N,AAPL,317.48,3.0,317.52,1.0,2.0,0.0,2020-01-21 09:41:20.833845,317.46,317.5,0,0.03999999999996362,0.025449016253105583,1,1,0.5,0.00659
516,2020-01-21 09:41:21,N,AAPL,317.46,2.0,317.5,2.0,0.0,1.0,2020-01-21 09:41:21.495048,317.49,317.53,0,0.040000000000020464,0.02562078699736503,1,1,0.0,0.00659
517,2020-01-21 09:41:22,N,AAPL,317.49,2.0,317.53,3.0,-2.0,-2.0,2020-01-21 09:41:22.009723,317.47,317.51,0,0.03999999999996362,0.02594244702669357,1,-1,-0.2,0.00659
518,2020-01-21 09:41:23,N,AAPL,317.47,4.0,317.51,1.0,3.0,0.0,2020-01-21 09:41:23.388201,317.47,317.5,0,0.03999999999996362,0.027026794258404152,1,1,0.6,0.0082
519,2020-01-21 09:41:24,N,AAPL,317.47,2.0,317.5,2.0,-2.0,1.0,2020-01-21 09:41:24.108900,317.46,317.48,0,0.029999999999972715,0.027083822912970845,1,-1,0.0,0.0082
520,2020-01-21 09:41:25,N,AAPL,317.46,1.0,317.48,4.0,0.0,0.0,2020-01-21 09:41:25.624183,317.47,317.51,0,0.020000000000038654,0.026873534774608743,1,-1,-0.6,0.0082
521,2020-01-21 09:41:26,N,AAPL,317.47,3.0,317.51,1.0,0.0,0.0,2020-01-21 09:41:26.540874,317.47,317.51,0,0.03999999999996362,0.02680542777102346,1,1,0.5,0.0082
522,2020-01-21 09:41:27,N,AAPL,317.47,3.0,317.51,2.0,0.0,1.0,2020-01-21 09:41:27.296120,317.53,317.56,1,0.03999999999996362,0.027443631024368642,1,1,0.2,0.0082
523,2020-01-21 09:41:28,N,AAPL,317.53,4.0,317.56,10.0,2.0,-2.0,2020-01-21 09:41:28.023032,317.52,317.55,0,0.03000000000002956,0.028665102262948494,1,-1,-0.42857142857142855,0.0082
524,2020-01-21 09:41:30,N,AAPL,317.52,2.0,317.55,2.0,0.0,-4.0,2020-01-21 09:41:30.582263,317.51,317.54,0,0.03000000000002956,0.030193282582388292,1,1,0.0,0.0082
525,2020-01-21 09:41:31,N,AAPL,317.51,2.0,317.54,1.0,1.0,-3.0,2020-01-21 09:41:31.258612,317.48,317.52,0,0.03000000000002956,0.030630575948066507,1,1,0.3333333333333333,0.0082
526,2020-01-21 09:41:34,N,AAPL,317.48,2.0,317.52,4.0,-2.0,1.0,2020-01-21 09:41:34.145276,317.51,317.54,0,0.03999999999996362,0.03090412179113855,1,1,-0.3333333333333333,0.0082
527,2020-01-21 09:41:35,N,AAPL,317.51,2.0,317.54,1.0,0.0,0.0,2020-01-21 09:41:35.116946,317.5,317.54,0,0.03000000000002956,0.030888113057301325,1,-1,0.3333333333333333,0.0082
528,2020-01-21 09:41:36,N,AAPL,317.5,1.0,317.54,1.0,0.0,0.0,2020-01-21 09:41:36.368021,317.55,317.58,1,0.040000000000020464,0.031070535877461225,1,1,0.0,0.0082
529,2020-01-21 09:41:38,N,AAPL,317.55,100.0,317.58,4.0,99.0,2.0,2020-01-21 09:41:38.183454,317.58,317.59,0,0.029999999999972715,0.010924361761510681,1,-1,0.9230769230769231,0.0082
530,2020-01-21 09:41:40,N,AAPL,317.58,4.0,317.59,1.0,2.0,0.0,2020-01-21 09:41:40.526644,317.61,317.62,1,0.009999999999990905,0.011327940770797795,1,-1,0.6,0.0082
531,2020-01-21 09:41:41,N,AAPL,317.61,4.0,317.62,2.0,2.0,1.0,2020-01-21 09:41:41.568171,317.56,317.6,-1,0.009999999999990905,0.011271796512517085,1,1,0.3333333333333333,0.0082
532,2020-01-21 09:41:42,N,AAPL,317.56,3.0,317.6,5.0,-10.0,3.0,2020-01-21 09:41:42.925771,317.56,317.59,0,0.040000000000020464,0.010582058742272693,1,1,-0.25,0.0082
533,2020-01-21 09:41:43,N,AAPL,317.56,1.0,317.59,1.0,0.0,0.0,2020-01-21 09:41:43.031257,317.49,317.53,-1,0.029999999999972715,0.011684223156805729,1,-1,0.0,0.0082
534,2020-01-21 09:41:45,N,AAPL,317.49,4.0,317.53,4.0,2.0,3.0,2020-01-21 09:41:45.204003,317.45,317.49,0,0.03999999999996362,0.01179680590882981,1,1,0.0,0.0082
535,2020-01-21 09:41:46,N,AAPL,317.45,2.0,317.49,1.0,1.0,-2.0,2020-01-21 09:41:46.545030,317.44,317.47,0,0.040000000000020464,0.010722674484384243,1,1,0.3333333333333333,0.0082
536,2020-01-21 09:41:47,N,AAPL,317.44,1.0,317.47,2.0,0.0,1.0,2020-01-21 09:41:47.234149,317.44,317.47,0,0.03000000000002956,0.010308740716197917,1,-1,-0.3333333333333333,0.0082
537,2020-01-21 09:41:48,N,AAPL,317.44,4.0,317.47,2.0,0.0,-1.0,2020-01-21 09:41:48.427838,317.44,317.48,0,0.03000000000002956,0.01105609305039934,1,1,0.3333333333333333,0.00832
538,2020-01-21 09:41:49,N,AAPL,317.44,4.0,317.48,3.0,-6.0,1.0,2020-01-21 09:41:49.312955,317.44,317.48,0,0.040000000000020464,0.010553416889649725,1,1,0.14285714285714285,0.00832
539,2020-01-21 09:41:50,N,AAPL,317.44,2.0,317.48,3.0,0.0,0.0,2020-01-21 09:41:50.060501,317.44,317.46,0,0.040000000000020464,0.011161173689401949,1,1,-0.2,0.00832
540,2020-01-21 09:41:51,N,AAPL,317.44,1.0,317.46,5.0,-1.0,2.0,2020-01-21 09:41:51.155731,317.48,317.52,1,0.01999999999998181,0.010903883092964861,1,-1,-0.6666666666666666,0.00832
541,2020-01-21 09:41:52,N,AAPL,317.48,4.0,317.52,2.0,1.0,1.0,2020-01-21 09:41:52.627895,317.45,317.48,0,0.03999999999996362,0.011176529338285945,1,1,0.3333333333333333,0.00832
542,2020-01-21 09:41:53,N,AAPL,317.45,2.0,317.48,1.0,1.0,-1.0,2020-01-21 09:41:53.706743,317.46,317.5,0,0.03000000000002956,0.011749470850134003,1,-1,0.3333333333333333,0.00832
543,2020-01-21 09:41:54,N,AAPL,317.46,1.0,317.5,1.0,0.0,-1.0,2020-01-21 09:41:54.006219,317.46,317.5,0,0.040000000000020464,0.012865342413363123,1,1,0.0,0.00832
544,2020-01-21 09:41:55,N,AAPL,317.46,3.0,317.5,1.0,2.0,0.0,2020-01-21 09:41:55.349102,317.52,317.55,1,0.040000000000020464,0.012683490751555837,1,1,0.5,0.00832
545,2020-01-21 09:41:56,N,AAPL,317.52,1.0,317.55,1.0,0.0,-1.0,2020-01-21 09:41:56.055418,317.48,317.52,0,0.03000000000002956,0.012461315280290819,1,-1,0.0,0.00832
546,2020-01-21 09:41:57,N,AAPL,317.48,3.0,317.52,1.0,1.0,-2.0,2020-01-21 09:41:57.126395,317.52,317.55,0,0.03999999999996362,0.011694694192101451,1,1,0.5,0.00832
547,2020-01-21 09:41:58,N,AAPL,317.52,1.0,317.55,1.0,-2.0,0.0,2020-01-21 09:41:58.029359,317.51,317.55,0,0.03000000000002956,0.011634342060574454,1,-1,0.0,0.00832
548,2020-01-21 09:41:59,N,AAPL,317.51,3.0,317.55,1.0,0.0,0.0,2020-01-21 09:41:59.145736,317.52,317.55,0,0.040000000000020464,0.011495539587144776,1,1,0.5,0.00832
549,2020-01-21 09:42:00,N,AAPL,317.52,1.0,317.55,1.0,-2.0,0.0,2020-01-21 09:42:00.091569,317.53,317.56,0,0.03000000000002956,0.011543134253599874,1,-1,0.0,0.00832
550,2020-01-21 09:42:01,N,AAPL,317.53,1.0,317.56,1.0,0.0,0.0,2020-01-21 09:42:01.102227,317.56,317.59,0,0.03000000000002956,0.011524955260028946,1,1,0.0,0.00832
551,2020-01-21 09:42:02,N,AAPL,317.56,1.0,317.59,4.0,0.0,0.0,2020-01-21 09:42:02.242668,317.58,317.61,0,0.029999999999972715,0.012409284241755358,1,-1,-0.6,0.00832
552,2020-01-21 09:42:03,N,AAPL,317.58,2.0,317.61,2.0,1.0,-2.0,2020-01-21 09:42:03.126014,317.64,317.67,1,0.03000000000002956,0.01238068819924365,1,1,0.0,0.00832
553,2020-01-21 09:42:04,N,AAPL,317.64,1.0,317.67,1.0,-2.0,-2.0,2020-01-21 09:42:04.269969,317.62,317.64,0,0.03000000000002956,0.012315643198860471,1,1,0.0,0.00832
554,2020-01-21 09:42:05,N,AAPL,317.62,3.0,317.64,4.0,1.0,3.0,2020-01-21 09:42:05.113392,317.63,317.65,0,0.01999999999998181,0.012405093286758984,1,-1,-0.14285714285714285,0.00832
555,2020-01-21 09:42:06,N,AAPL,317.63,4.0,317.65,1.0,1.0,0.0,2020-01-21 09:42:06.965452,317.61,317.63,0,0.01999999999998181,0.011629998348155368,1,1,0.6,0.00832
556,2020-01-21 09:42:07,N,AAPL,317.61,2.0,317.63,2.0,-1.0,0.0,2020-01-21 09:42:07.139824,317.59,317.61,0,0.01999999999998181,0.011260268989133237,1,1,0.0,0.00832
557,2020-01-21 09:42:08,N,AAPL,317.59,2.0,317.61,1.0,0.0,0.0,2020-01-21 09:42:08.398744,317.56,317.59,0,0.020000000000038654,0.010878644149613592,1,1,0.3333333333333333,0.00832
558,2020-01-21 09:42:09,N,AAPL,317.56,1.0,317.59,5.0,0.0,4.0,2020-01-21 09:42:09.396569,317.53,317.56,0,0.029999999999972715,0.011772516399730648,1,1,-0.6666666666666666,0.00832
559,2020-01-21 09:42:10,N,AAPL,317.53,2.0,317.56,1.0,1.0,-2.0,2020-01-21 09:42:10.055152,317.49,317.53,0,0.03000000000002956,0.011464817351225065,1,1,0.3333333333333333,0.00832
560,2020-01-21 09:42:11,N,AAPL,317.49,2.0,317.53,1.0,0.0,0.0,2020-01-21 09:42:11.732962,317.46,317.49,0,0.03999999999996362,0.011500362581614354,1,1,0.3333333333333333,0.00832
561,2020-01-21 09:42:12,N,AAPL,317.46,1.0,317.49,3.0,-2.0,-1.0,2020-01-21 09:42:12.055294,317.45,317.46,0,0.03000000000002956,0.011706665093413449,1,-1,-0.5,0.00832
562,2020-01-21 09:42:13,N,AAPL,317.45,3.0,317.46,4.0,-1.0,3.0,2020-01-21 09:42:13.128027,317.45,317.49,0,0.009999999999990905,0.011952353388039683,1,-1,-0.14285714285714285,0.00832
563,2020-01-21 09:42:14,N,AAPL,317.45,2.0,317.49,3.0,1.0,-97.0,2020-01-21 09:42:14.304992,317.44,317.47,0,0.040000000000020464,0.012331131683936292,1,1,-0.2,0.00832
564,2020-01-21 09:42:15,N,AAPL,317.44,2.0,317.47,1.0,-1.0,0.0,2020-01-21 09:42:15.013923,317.46,317.49,0,0.03000000000002956,0.012472795192365993,1,-1,0.3333333333333333,0.00832
565,2020-01-21 09:42:16,N,AAPL,317.46,2.0,317.49,3.0,-1.0,-97.0,2020-01-21 09:42:16.013615,317.44,317.48,0,0.03000000000002956,0.012013338044880584,1,1,-0.2,0.00832
566,2020-01-21 09:42:17,N,AAPL,317.44,3.0,317.48,2.0,1.0,1.0,2020-01-21 09:42:17.102720,317.38,317.42,-1,0.040000000000020464,0.011541620865045843,1,1,0.2,0.00832
567,2020-01-21 09:42:19,N,AAPL,317.38,2.0,317.42,3.0,-2.0,0.0,2020-01-21 09:42:19.059953,317.44,317.47,1,0.040000000000020464,0.01126224014348054,1,1,-0.2,0.00832
568,2020-01-21 09:42:20,N,AAPL,317.44,4.0,317.47,2.0,3.0,1.0,2020-01-21 09:42:20.093479,317.45,317.48,0,0.03000000000002956,0.010801452769896969,1,-1,0.3333333333333333,0.00832
569,2020-01-21 09:42:21,N,AAPL,317.45,1.0,317.48,1.0,0.0,-1.0,2020-01-21 09:42:21.029545,317.45,317.48,0,0.03000000000002956,0.01040778764991046,1,1,0.0,0.00832
570,2020-01-21 09:42:22,N,AAPL,317.45,2.0,317.48,1.0,-1.0,0.0,2020-01-21 09:42:22.523797,317.47,317.5,0,0.03000000000002956,0.010120355015487803,1,1,0.3333333333333333,0.00832
571,2020-01-21 09:42:23,N,AAPL,317.47,1.0,317.5,70.0,-1.0,69.0,2020-01-21 09:42:23.125682,317.46,317.49,0,0.029999999999972715,0.017096279776637857,0,-1,-0.971830985915493,0.00832
572,2020-01-21 09:42:24,N,AAPL,317.46,2.0,317.49,4.0,1.0,-66.0,2020-01-21 09:42:24.319520,317.47,317.48,0,0.03000000000002956,0.016647609805147567,1,1,-0.3333333333333333,0.01117
573,2020-01-21 09:42:27,N,AAPL,317.47,1.0,317.48,1.0,-3.0,-1.0,2020-01-21 09:42:27.050423,317.45,317.48,0,0.009999999999990905,0.016494422777554973,1,-1,0.0,0.01117
574,2020-01-21 09:42:28,N,AAPL,317.45,2.0,317.48,2.0,-1.0,0.0,2020-01-21 09:42:28.376383,317.47,317.5,0,0.03000000000002956,0.01651226536392869,1,1,0.0,0.01117
575,2020-01-21 09:42:29,N,AAPL,317.47,1.0,317.5,55.0,0.0,54.0,2020-01-21 09:42:29.047863,317.46,317.5,0,0.029999999999972715,0.02123112650508574,1,-1,-0.9642857142857143,0.01117
576,2020-01-21 09:42:30,N,AAPL,317.46,5.0,317.5,55.0,0.0,0.0,2020-01-21 09:42:30.111897,317.46,317.5,0,0.040000000000020464,0.025153164249843485,1,1,-0.8333333333333334,0.01117
577,2020-01-21 09:42:31,N,AAPL,317.46,3.0,317.5,55.0,-2.0,0.0,2020-01-21 09:42:31.538872,317.47,317.5,0,0.040000000000020464,0.028555435047167066,1,1,-0.896551724137931,0.01117
578,2020-01-21 09:42:33,N,AAPL,317.47,3.0,317.5,55.0,0.0,0.0,2020-01-21 09:42:33.629530,317.42,317.45,-1,0.029999999999972715,0.03210789069447628,1,-1,-0.896551724137931,0.01117
579,2020-01-21 09:42:34,N,AAPL,317.42,2.0,317.45,3.0,-1.0,-52.0,2020-01-21 09:42:34.381356,317.42,317.45,0,0.029999999999972715,0.0321107379011778,1,1,-0.2,0.01309
580,2020-01-21 09:42:35,N,AAPL,317.42,1.0,317.45,2.0,0.0,0.0,2020-01-21 09:42:35.209567,317.49,317.53,1,0.029999999999972715,0.032031446470000446,1,1,-0.3333333333333333,0.01309
581,2020-01-21 09:42:37,N,AAPL,317.49,4.0,317.53,1.0,3.0,-3.0,2020-01-21 09:42:37.235321,317.59,317.61,1,0.03999999999996362,0.03167984934515289,1,1,0.6,0.01309
582,2020-01-21 09:42:39,N,AAPL,317.59,1.0,317.61,2.0,0.0,-1.0,2020-01-21 09:42:39.164065,317.57,317.61,0,0.020000000000038654,0.03180231191930716,1,-1,-0.3333333333333333,0.01309
583,2020-01-21 09:42:40,N,AAPL,317.57,3.0,317.61,2.0,0.0,-1.0,2020-01-21 09:42:40.062518,317.52,317.54,-1,0.040000000000020464,0.03247683150505054,1,1,0.2,0.01309
584,2020-01-21 09:42:42,N,AAPL,317.52,1.0,317.54,4.0,0.0,1.0,2020-01-21 09:42:42.005634,317.5,317.53,0,0.020000000000038654,0.033689212772912924,1,-1,-0.6,0.01309
585,2020-01-21 09:42:43,N,AAPL,317.5,1.0,317.53,3.0,0.0,0.0,2020-01-21 09:42:43.025461,317.49,317.52,0,0.029999999999972715,0.03491392597413778,1,1,-0.5,0.01309
586,2020-01-21 09:42:44,N,AAPL,317.49,2.0,317.52,1.0,1.0,0.0,2020-01-21 09:42:44.124741,317.45,317.49,0,0.029999999999972715,0.03469039169078769,1,1,0.3333333333333333,0.01309
587,2020-01-21 09:42:45,N,AAPL,317.45,4.0,317.49,3.0,3.0,0.0,2020-01-21 09:42:45.243813,317.46,317.5,0,0.040000000000020464,0.0345989189189595,1,1,0.14285714285714285,0.01309
588,2020-01-21 09:42:46,N,AAPL,317.46,1.0,317.5,3.0,0.0,0.0,2020-01-21 09:42:46.381114,317.51,317.55,1,0.040000000000020464,0.03456923310505999,1,1,-0.5,0.01309
589,2020-01-21 09:42:47,N,AAPL,317.51,1.0,317.55,3.0,-2.0,1.0,2020-01-21 09:42:47.115884,317.52,317.56,0,0.040000000000020464,0.03463023869221615,1,1,-0.5,0.01309
