,last_interval,Exchange,Symbol,Best_Bid_Price,FB0,Best_Offer_Price,FA0,FB2,FA2,p_time,Next_Best_Bid,Next_Best_Offer,outcome,Spread,AWS,Anomaly,Spread Change,Quote IMB,VPIN
0,2020-01-17 09:30:00,N,AAPL,316.21,2.0,316.41,89.0,0.0,88.0,2020-01-17 09:30:00.183188,316.61,316.67,1,0.20000000000004547,0.20000000000004547,0,0,-0.9560439560439561,0.00206
1,2020-01-17 09:30:04,N,AAPL,316.61,1.0,316.67,1.0,-1.0,-88.0,2020-01-17 09:30:04.058911,316.32,316.38,-1,0.060000000000002274,0.06955555555560977,0,-1,0.0,0.00206
2,2020-01-17 09:30:12,N,AAPL,316.32,1.0,316.38,2.0,-1.0,1.0,2020-01-17 09:30:12.774153,316.18,316.19,-1,0.060000000000002274,0.07467391304345483,0,1,-0.3333333333333333,0.00206
3,2020-01-17 09:30:17,N,AAPL,316.18,1.0,316.19,25.0,0.0,23.0,2020-01-17 09:30:17.438896,316.31,316.39,1,0.009999999999990905,0.058700854700873606,0,-1,-0.9230769230769231,0.00206
4,2020-01-17 09:30:19,N,AAPL,316.31,1.0,316.39,2.0,-1.0,0.0,2020-01-17 09:30:19.836199,316.31,316.4,0,0.07999999999998408,0.058459383753472594,0,1,-0.3333333333333333,0.00206
5,2020-01-17 09:30:20,N,AAPL,316.31,1.0,316.4,1.0,0.0,-1.0,2020-01-17 09:30:20.730120,316.24,316.27,-1,0.08999999999997499,0.058273809523768705,0,1,0.0,0.00206
6,2020-01-17 09:30:28,N,AAPL,316.24,1.0,316.27,2.0,0.0,1.0,2020-01-17 09:30:28.072211,316.34,316.37,1,0.029999999999972715,0.0651024590163729,0,-1,-0.3333333333333333,0.00206
7,2020-01-17 09:30:29,N,AAPL,316.34,4.0,316.37,2.0,2.0,0.0,2020-01-17 09:30:29.004287,316.45,316.48,1,0.03000000000002956,0.05145161290317901,0,1,0.3333333333333333,0.00206
8,2020-01-17 09:30:30,N,AAPL,316.45,1.0,316.48,1.0,-1.0,-1.0,2020-01-17 09:30:30.304438,316.38,316.44,-1,0.03000000000002956,0.041803076923145,1,1,0.0,0.00206
9,2020-01-17 09:30:31,N,AAPL,316.38,2.0,316.44,2.0,1.0,-2.0,2020-01-17 09:30:31.498833,316.36,316.39,0,0.060000000000002274,0.03539632545931681,1,1,0.0,0.00206
10,2020-01-17 09:30:32,N,AAPL,316.36,1.0,316.39,2.0,-1.0,0.0,2020-01-17 09:30:32.163688,316.35,316.41,0,0.029999999999972715,0.03393410852714851,1,-1,-0.3333333333333333,0.00206
11,2020-01-17 09:30:33,N,AAPL,316.35,5.0,316.41,2.0,4.0,0.0,2020-01-17 09:30:33.886929,316.37,316.42,0,0.060000000000002274,0.03043256997455046,1,1,0.42857142857142855,0.00206
12,2020-01-17 09:30:34,N,AAPL,316.37,4.0,316.42,2.0,-1.0,0.0,2020-01-17 09:30:34.669490,316.39,316.44,0,0.05000000000001137,0.025894736842076327,1,-1,0.3333333333333333,0.00206
13,2020-01-17 09:30:35,N,AAPL,316.39,2.0,316.44,10.0,-3.0,8.0,2020-01-17 09:30:35.571920,316.36,316.43,0,0.05000000000001137,0.027381507381448955,1,1,-0.6666666666666666,0.00206
14,2020-01-17 09:30:36,N,AAPL,316.36,4.0,316.43,4.0,2.0,-6.0,2020-01-17 09:30:36.040346,316.25,316.3,-1,0.06999999999999318,0.027070441079615648,1,1,0.0,0.00206
15,2020-01-17 09:30:37,N,AAPL,316.25,1.0,316.3,1.0,-1.0,0.0,2020-01-17 09:30:37.024061,316.24,316.31,0,0.05000000000001137,0.029611486486487593,1,-1,0.0,0.00206
16,2020-01-17 09:30:38,N,AAPL,316.24,2.0,316.31,2.0,0.0,-1.0,2020-01-17 09:30:38.038918,316.14,316.2,-1,0.06999999999999318,0.03489803921570456,1,1,0.0,0.00206
17,2020-01-17 09:30:39,N,AAPL,316.14,2.0,316.2,4.0,1.0,-6.0,2020-01-17 09:30:39.496209,316.14,316.2,0,0.060000000000002274,0.041414141414122696,0,-1,-0.3333333333333333,0.00206
18,2020-01-17 09:30:40,N,AAPL,316.14,1.0,316.2,3.0,0.0,-1.0,2020-01-17 09:30:40.203847,316.15,316.2,0,0.060000000000002274,0.04325185057672343,0,1,-0.5,0.00236
19,2020-01-17 09:30:41,N,AAPL,316.15,4.0,316.2,4.0,3.0,1.0,2020-01-17 09:30:41.518255,316.13,316.16,0,0.05000000000001137,0.05593849416760577,0,-1,0.0,0.00236
20,2020-01-17 09:30:42,N,AAPL,316.13,2.0,316.16,2.0,1.0,-2.0,2020-01-17 09:30:42.005835,316.11,316.17,0,0.03000000000002956,0.06162505350266656,0,-1,0.0,0.00236
21,2020-01-17 09:30:43,N,AAPL,316.11,2.0,316.17,3.0,-2.0,1.0,2020-01-17 09:30:43.214187,316.1,316.14,0,0.060000000000002274,0.06653279785814448,0,1,-0.2,0.00236
22,2020-01-17 09:30:44,N,AAPL,316.1,1.0,316.14,4.0,-1.0,1.0,2020-01-17 09:30:44.104467,316.09,316.13,0,0.03999999999996362,0.06557033248083144,0,-1,-0.6,0.00236
23,2020-01-17 09:30:45,N,AAPL,316.09,3.0,316.13,4.0,1.0,2.0,2020-01-17 09:30:45.373056,316.09,316.15,0,0.040000000000020464,0.07243021346471323,1,1,-0.14285714285714285,0.00236
24,2020-01-17 09:30:46,N,AAPL,316.09,2.0,316.15,3.0,0.0,2.0,2020-01-17 09:30:46.485620,316.04,316.07,-1,0.060000000000002274,0.07629112662010584,1,1,-0.2,0.00236
25,2020-01-17 09:30:48,N,AAPL,316.04,4.0,316.07,2.0,-2.0,1.0,2020-01-17 09:30:48.718834,315.91,315.95,-1,0.029999999999972715,0.08966582021321301,1,-1,0.3333333333333333,0.00236
26,2020-01-17 09:30:49,N,AAPL,315.91,1.0,315.95,2.0,0.0,-2.0,2020-01-17 09:30:49.004445,315.86,315.92,0,0.03999999999996362,0.09142659826358113,1,1,-0.3333333333333333,0.00236
27,2020-01-17 09:30:50,N,AAPL,315.86,2.0,315.92,1.0,-2.0,0.0,2020-01-17 09:30:50.095823,315.82,315.88,0,0.060000000000002274,0.10236263736254614,1,1,0.3333333333333333,0.00236
28,2020-01-17 09:30:51,N,AAPL,315.82,1.0,315.88,3.0,-1.0,0.0,2020-01-17 09:30:51.006582,315.82,315.86,0,0.060000000000002274,0.10197617956936256,1,1,-0.5,0.00236
29,2020-01-17 09:30:52,N,AAPL,315.82,4.0,315.86,3.0,2.0,2.0,2020-01-17 09:30:52.222689,315.82,315.86,0,0.040000000000020464,0.1201460655183837,1,-1,0.14285714285714285,0.00236
30,2020-01-17 09:30:53,N,AAPL,315.82,2.0,315.86,6.0,0.0,1.0,2020-01-17 09:30:53.231198,315.82,315.83,0,0.040000000000020464,0.1176074544012522,1,1,-0.5,0.00236
31,2020-01-17 09:30:54,N,AAPL,315.82,4.0,315.83,1.0,2.0,-1.0,2020-01-17 09:30:54.136772,315.77,315.82,0,0.009999999999990905,0.1363879598661697,1,-1,0.6,0.00236
32,2020-01-17 09:30:55,N,AAPL,315.77,2.0,315.82,2.0,-1.0,0.0,2020-01-17 09:30:55.034094,315.71,315.74,-1,0.05000000000001137,0.1426210052190413,1,1,0.0,0.00236
33,2020-01-17 09:30:56,N,AAPL,315.71,2.0,315.74,2.0,0.0,1.0,2020-01-17 09:30:56.120110,315.62,315.66,-1,0.03000000000002956,0.14918290080538554,1,-1,0.0,0.00236
34,2020-01-17 09:30:58,N,AAPL,315.62,2.0,315.66,1.0,-2.0,0.0,2020-01-17 09:30:58.797533,315.69,315.75,1,0.040000000000020464,0.1599333333332993,1,1,0.3333333333333333,0.00236
35,2020-01-17 09:30:59,N,AAPL,315.69,1.0,315.75,2.0,-1.0,1.0,2020-01-17 09:30:59.301529,315.77,315.84,1,0.060000000000002274,0.16036868160500717,1,1,-0.3333333333333333,0.00236
36,2020-01-17 09:31:00,N,AAPL,315.77,2.0,315.84,1.0,0.0,0.0,2020-01-17 09:31:00.180500,315.81,315.89,0,0.06999999999999318,0.16720917014021097,1,1,0.3333333333333333,0.00236
37,2020-01-17 09:31:01,N,AAPL,315.81,2.0,315.89,2.0,0.0,-2.0,2020-01-17 09:31:01.417177,315.81,315.9,0,0.07999999999998408,0.1709725609755992,1,1,0.0,0.00236
38,2020-01-17 09:31:02,N,AAPL,315.81,2.0,315.9,4.0,1.0,3.0,2020-01-17 09:31:02.010543,315.8,315.87,0,0.08999999999997499,0.17097269226280787,1,1,-0.3333333333333333,0.00236
39,2020-01-17 09:31:03,N,AAPL,315.8,1.0,315.87,4.0,0.0,1.0,2020-01-17 09:31:03.004329,315.71,315.78,-1,0.06999999999999318,0.1670711013066466,1,-1,-0.6,0.00236
40,2020-01-17 09:31:04,N,AAPL,315.71,4.0,315.78,2.0,0.0,0.0,2020-01-17 09:31:04.020301,315.62,315.69,-1,0.06999999999999318,0.18026356589143688,1,1,0.3333333333333333,0.00236
41,2020-01-17 09:31:05,N,AAPL,315.62,1.0,315.69,4.0,-1.0,2.0,2020-01-17 09:31:05.073523,315.71,315.77,1,0.06999999999999318,0.17509806973845343,1,1,-0.6,0.00236
42,2020-01-17 09:31:06,N,AAPL,315.71,1.0,315.77,1.0,-1.0,-1.0,2020-01-17 09:31:06.035333,315.75,315.77,0,0.060000000000002274,0.17699336057199844,1,-1,0.0,0.00236
43,2020-01-17 09:31:07,N,AAPL,315.75,2.0,315.77,3.0,-3.0,-1.0,2020-01-17 09:31:07.266504,315.81,315.9,1,0.01999999999998181,0.17758734539000898,1,-1,-0.2,0.00236
44,2020-01-17 09:31:08,N,AAPL,315.81,1.0,315.9,4.0,0.0,3.0,2020-01-17 09:31:08.572369,315.79,315.87,0,0.08999999999997499,0.17435309327714776,1,1,-0.6,0.00236
45,2020-01-17 09:31:09,N,AAPL,315.79,2.0,315.87,1.0,1.0,0.0,2020-01-17 09:31:09.345412,315.71,315.76,-1,0.07999999999998408,0.17846117954456986,1,-1,0.3333333333333333,0.00236
46,2020-01-17 09:31:10,N,AAPL,315.71,3.0,315.76,1.0,2.0,-2.0,2020-01-17 09:31:10.376034,315.66,315.7,-1,0.05000000000001137,0.1869846486291067,1,-1,0.5,0.00236
47,2020-01-17 09:31:11,N,AAPL,315.66,1.0,315.7,2.0,0.0,0.0,2020-01-17 09:31:11.017357,315.68,315.73,0,0.03999999999996362,0.18630179344467024,1,-1,-0.3333333333333333,0.00236
48,2020-01-17 09:31:12,N,AAPL,315.68,2.0,315.73,4.0,-2.0,2.0,2020-01-17 09:31:12.223036,315.67,315.73,0,0.05000000000001137,0.18504680851066269,1,1,-0.3333333333333333,0.00236
49,2020-01-17 09:31:13,N,AAPL,315.67,1.0,315.73,1.0,-1.0,-1.0,2020-01-17 09:31:13.004584,315.69,315.78,0,0.060000000000002274,0.18655814734017895,1,1,0.0,0.00236
50,2020-01-17 09:31:14,N,AAPL,315.69,3.0,315.78,2.0,1.0,-2.0,2020-01-17 09:31:14.144277,315.71,315.76,0,0.08999999999997499,0.1926325145443002,1,1,0.2,0.00236
51,2020-01-17 09:31:15,N,AAPL,315.71,1.0,315.76,2.0,0.0,-1.0,2020-01-17 09:31:15.004026,315.68,315.71,0,0.05000000000001137,0.1918095238095816,1,-1,-0.3333333333333333,0.00236
52,2020-01-17 09:31:16,N,AAPL,315.68,1.0,315.71,4.0,0.0,2.0,2020-01-17 09:31:16.604365,315.66,315.73,0,0.029999999999972715,0.1868311166099943,1,-1,-0.6,0.00236
53,2020-01-17 09:31:17,N,AAPL,315.66,1.0,315.73,2.0,0.0,1.0,2020-01-17 09:31:17.442728,315.68,315.73,0,0.06999999999999318,0.18630803130457707,1,1,-0.3333333333333333,0.00236
54,2020-01-17 09:31:18,N,AAPL,315.68,1.0,315.73,2.0,0.0,0.0,2020-01-17 09:31:18.087357,315.76,315.8,1,0.05000000000001137,0.18560035842295974,1,-1,-0.3333333333333333,0.00236
55,2020-01-17 09:31:19,N,AAPL,315.76,1.0,315.8,2.0,-5.0,-2.0,2020-01-17 09:31:19.147161,315.83,315.9,1,0.040000000000020464,0.18472293577985965,1,-1,-0.3333333333333333,0.00236
56,2020-01-17 09:31:20,N,AAPL,315.83,2.0,315.9,1.0,0.0,-3.0,2020-01-17 09:31:20.044769,315.84,315.9,0,0.06999999999999318,0.186686407523041,1,1,0.3333333333333333,0.00236
57,2020-01-17 09:31:21,N,AAPL,315.84,5.0,315.9,2.0,4.0,1.0,2020-01-17 09:31:21.599454,315.9,315.95,0,0.060000000000002274,0.19129446640317838,1,-1,0.42857142857142855,0.00236
58,2020-01-17 09:31:22,N,AAPL,315.9,2.0,315.95,2.0,0.0,1.0,2020-01-17 09:31:22.148004,315.91,315.96,0,0.05000000000001137,0.19102858092389852,1,-1,0.0,0.00236
59,2020-01-17 09:31:23,N,AAPL,315.91,4.0,315.96,4.0,3.0,1.0,2020-01-17 09:31:23.068315,316.0,316.05,1,0.049999999999954525,0.19025413000821345,1,-1,0.0,0.00236
60,2020-01-17 09:31:24,N,AAPL,316.0,1.0,316.05,4.0,0.0,2.0,2020-01-17 09:31:24.080305,316.03,316.07,0,0.05000000000001137,0.18820396302817244,1,1,-0.6,0.00287
61,2020-01-17 09:31:25,N,AAPL,316.03,1.0,316.07,1.0,-1.0,0.0,2020-01-17 09:31:25.004009,316.15,316.2,1,0.040000000000020464,0.1874645650048592,1,-1,0.0,0.00287
62,2020-01-17 09:31:26,N,AAPL,316.15,2.0,316.2,2.0,-2.0,1.0,2020-01-17 09:31:26.905076,316.17,316.22,0,0.05000000000001137,0.18508354218874956,1,1,0.0,0.00287
63,2020-01-17 09:31:27,N,AAPL,316.17,4.0,316.22,12.0,3.0,11.0,2020-01-17 09:31:27.600319,316.13,316.2,0,0.05000000000001137,0.18146817930266934,1,1,-0.5,0.00287
64,2020-01-17 09:31:28,N,AAPL,316.13,1.0,316.2,2.0,-1.0,-10.0,2020-01-17 09:31:28.629093,316.13,316.2,0,0.06999999999999318,0.18060659760084263,1,1,-0.3333333333333333,0.00287
65,2020-01-17 09:31:29,N,AAPL,316.13,3.0,316.2,4.0,2.0,2.0,2020-01-17 09:31:29.790227,316.09,316.13,0,0.06999999999999318,0.17795091444185118,1,1,-0.14285714285714285,0.00287
66,2020-01-17 09:31:31,N,AAPL,316.09,2.0,316.13,2.0,-1.0,0.0,2020-01-17 09:31:31.930447,316.12,316.16,0,0.040000000000020464,0.1762978198271412,1,-1,0.0,0.00287
67,2020-01-17 09:31:32,N,AAPL,316.12,2.0,316.16,4.0,1.0,2.0,2020-01-17 09:31:32.039309,316.21,316.24,1,0.040000000000020464,0.17433533233378284,1,1,-0.3333333333333333,0.00287
68,2020-01-17 09:31:33,N,AAPL,316.21,4.0,316.24,3.0,2.0,2.0,2020-01-17 09:31:33.536051,316.19,316.24,0,0.03000000000002956,0.16915973657643235,1,-1,0.14285714285714285,0.00287
69,2020-01-17 09:31:36,N,AAPL,316.19,4.0,316.24,3.0,3.0,-1.0,2020-01-17 09:31:36.756637,316.22,316.25,0,0.05000000000001137,0.16483756016287998,1,1,0.14285714285714285,0.00287
70,2020-01-17 09:31:37,N,AAPL,316.22,2.0,316.25,6.0,0.0,3.0,2020-01-17 09:31:37.274751,316.23,316.24,0,0.029999999999972715,0.16346429210665292,1,-1,-0.5,0.00287
71,2020-01-17 09:31:38,N,AAPL,316.23,2.0,316.24,3.0,0.0,2.0,2020-01-17 09:31:38.615148,316.31,316.36,1,0.009999999999990905,0.16121092896167966,1,-1,-0.2,0.00287
72,2020-01-17 09:31:39,N,AAPL,316.31,2.0,316.36,2.0,0.0,-1.0,2020-01-17 09:31:39.204572,316.48,316.56,1,0.05000000000001137,0.15856077490138887,1,1,0.0,0.00287
73,2020-01-17 09:31:40,N,AAPL,316.48,4.0,316.56,2.0,0.0,0.0,2020-01-17 09:31:40.529922,316.46,316.52,0,0.07999999999998408,0.14931043066962957,1,1,0.3333333333333333,0.00287
74,2020-01-17 09:31:41,N,AAPL,316.46,3.0,316.52,2.0,2.0,-1.0,2020-01-17 09:31:41.136161,316.41,316.49,0,0.060000000000002274,0.14345831058255953,1,-1,0.2,0.00287
75,2020-01-17 09:31:42,N,AAPL,316.41,2.0,316.49,2.0,1.0,0.0,2020-01-17 09:31:42.230809,316.38,316.44,0,0.07999999999998408,0.1408427757822892,0,1,0.0,0.00287
76,2020-01-17 09:31:43,N,AAPL,316.38,2.0,316.44,1.0,0.0,-1.0,2020-01-17 09:31:43.119565,316.36,316.42,0,0.060000000000002274,0.13757082568082524,0,-1,0.3333333333333333,0.00287
77,2020-01-17 09:31:45,N,AAPL,316.36,2.0,316.42,1.0,1.0,-1.0,2020-01-17 09:31:45.030530,316.31,316.39,0,0.060000000000002274,0.1345714285713484,0,1,0.3333333333333333,0.00287
78,2020-01-17 09:31:46,N,AAPL,316.31,2.0,316.39,2.0,1.0,0.0,2020-01-17 09:31:46.641004,316.27,316.31,0,0.07999999999998408,0.1327877368291297,0,1,0.0,0.00287
79,2020-01-17 09:31:48,N,AAPL,316.27,1.0,316.31,2.0,0.0,0.0,2020-01-17 09:31:48.830045,316.28,316.32,0,0.040000000000020464,0.13227291386772322,0,-1,-0.3333333333333333,0.00287
80,2020-01-17 09:31:50,N,AAPL,316.28,2.0,316.32,4.0,1.0,3.0,2020-01-17 09:31:50.069952,316.33,316.37,1,0.040000000000020464,0.13126625386996693,0,1,-0.3333333333333333,0.00287
81,2020-01-17 09:31:51,N,AAPL,316.33,1.0,316.37,4.0,0.0,3.0,2020-01-17 09:31:51.403066,316.31,316.38,0,0.040000000000020464,0.13185524974517193,0,1,-0.6,0.00287
82,2020-01-17 09:31:52,N,AAPL,316.31,1.0,316.38,1.0,-1.0,0.0,2020-01-17 09:31:52.556731,316.29,316.31,0,0.06999999999999318,0.13098766307433607,0,1,0.0,0.00287
83,2020-01-17 09:31:54,N,AAPL,316.29,2.0,316.31,2.0,1.0,1.0,2020-01-17 09:31:54.213073,316.25,316.34,0,0.01999999999998181,0.12909717868336656,0,-1,0.0,0.00287
84,2020-01-17 09:31:55,N,AAPL,316.25,2.0,316.34,2.0,-1.0,0.0,2020-01-17 09:31:55.038459,316.22,316.26,0,0.08999999999997499,0.1278922508214464,0,1,0.0,0.00287
85,2020-01-17 09:31:56,N,AAPL,316.22,1.0,316.26,2.0,-5.0,-2.0,2020-01-17 09:31:56.431129,316.13,316.17,-1,0.03999999999996362,0.12741652288639216,0,-1,-0.3333333333333333,0.00287
86,2020-01-17 09:31:57,N,AAPL,316.13,1.0,316.17,1.0,0.0,-1.0,2020-01-17 09:31:57.892445,316.09,316.16,0,0.040000000000020464,0.12700117390568266,0,1,0.0,0.00287
87,2020-01-17 09:31:58,N,AAPL,316.09,2.0,316.16,2.0,1.0,1.0,2020-01-17 09:31:58.154834,316.02,316.09,0,0.07000000000005002,0.1265680844048802,0,1,0.0,0.00287
88,2020-01-17 09:31:59,N,AAPL,316.02,2.0,316.09,4.0,1.0,3.0,2020-01-17 09:31:59.576151,316.01,316.07,0,0.06999999999999318,0.12586606941442824,0,-1,-0.3333333333333333,0.00287
89,2020-01-17 09:32:01,N,AAPL,316.01,1.0,316.07,1.0,0.0,0.0,2020-01-17 09:32:01.003644,316.21,316.25,1,0.060000000000002274,0.12582925893968877,0,-1,0.0,0.00287
90,2020-01-17 09:32:02,N,AAPL,316.21,2.0,316.25,2.0,0.0,1.0,2020-01-17 09:32:02.217885,316.2,316.3,0,0.040000000000020464,0.12463560653674222,0,-1,0.0,0.00287
91,2020-01-17 09:32:03,N,AAPL,316.2,1.0,316.3,3.0,-1.0,0.0,2020-01-17 09:32:03.147971,316.2,316.28,0,0.10000000000002274,0.12483948436681658,0,1,-0.5,0.00287
92,2020-01-17 09:32:04,N,AAPL,316.2,2.0,316.28,2.0,0.0,-2.0,2020-01-17 09:32:04.013303,316.2,316.28,0,0.07999999999998408,0.12396009876243852,0,-1,0.0,0.00287
93,2020-01-17 09:32:05,N,AAPL,316.2,1.0,316.28,1.0,-3.0,0.0,2020-01-17 09:32:05.023156,316.26,316.33,0,0.07999999999998408,0.12352910052908328,0,1,0.0,0.00287
94,2020-01-17 09:32:06,N,AAPL,316.26,3.0,316.33,4.0,1.0,-9.0,2020-01-17 09:32:06.186100,316.25,316.34,0,0.06999999999999318,0.1221248234463701,0,-1,-0.14285714285714285,0.00287
95,2020-01-17 09:32:07,N,AAPL,316.25,2.0,316.34,2.0,-2.0,0.0,2020-01-17 09:32:07.018899,316.27,316.32,0,0.08999999999997499,0.12113778524263807,0,1,0.0,0.00287
96,2020-01-17 09:32:08,N,AAPL,316.27,2.0,316.32,3.0,-2.0,1.0,2020-01-17 09:32:08.144117,316.29,316.34,0,0.05000000000001137,0.12019200159170396,0,-1,-0.2,0.00287
97,2020-01-17 09:32:10,N,AAPL,316.29,1.0,316.34,2.0,-1.0,-2.0,2020-01-17 09:32:10.036166,316.21,316.26,-1,0.049999999999954525,0.11989974267748948,0,-1,-0.3333333333333333,0.00287
98,2020-01-17 09:32:11,N,AAPL,316.21,2.0,316.26,2.0,1.0,1.0,2020-01-17 09:32:11.070932,316.16,316.22,0,0.05000000000001137,0.11893724822459717,0,1,0.0,0.00287
99,2020-01-17 09:32:12,N,AAPL,316.16,2.0,316.22,1.0,1.0,-1.0,2020-01-17 09:32:12.327559,316.02,316.09,-1,0.060000000000002274,0.11822877371383811,1,1,0.3333333333333333,0.00287
100,2020-01-17 09:32:13,N,AAPL,316.02,1.0,316.09,1.0,-1.0,-3.0,2020-01-17 09:32:13.230721,315.96,315.99,-1,0.06999999999999318,0.11824006510238405,1,1,0.0,0.00287
101,2020-01-17 09:32:14,N,AAPL,315.96,2.0,315.99,1.0,0.0,-4.0,2020-01-17 09:32:14.092397,315.97,316.07,0,0.03000000000002956,0.11887978142078737,0,-1,0.3333333333333333,0.00287
102,2020-01-17 09:32:15,N,AAPL,315.97,2.0,316.07,2.0,0.0,-2.0,2020-01-17 09:32:15.442525,316.03,316.1,0,0.0999999999999659,0.11926155550867179,0,1,0.0,0.00366
103,2020-01-17 09:32:16,N,AAPL,316.03,1.0,316.1,1.0,-2.0,-1.0,2020-01-17 09:32:16.252179,316.01,316.09,0,0.07000000000005002,0.11923883586661077,0,-1,0.0,0.00366
104,2020-01-17 09:32:17,N,AAPL,316.01,2.0,316.09,2.0,1.0,1.0,2020-01-17 09:32:17.815055,315.99,316.05,0,0.07999999999998408,0.11932808006298501,0,1,0.0,0.00366
105,2020-01-17 09:32:18,N,AAPL,315.99,2.0,316.05,2.0,0.0,-18.0,2020-01-17 09:32:18.762085,315.96,316.05,0,0.060000000000002274,0.11938579215535583,0,-1,0.0,0.00366
106,2020-01-17 09:32:20,N,AAPL,315.96,1.0,316.05,2.0,-1.0,-3.0,2020-01-17 09:32:20.396890,316.04,316.13,0,0.09000000000003183,0.11915484276738653,0,1,-0.3333333333333333,0.00366
107,2020-01-17 09:32:21,N,AAPL,316.04,3.0,316.13,4.0,-1.0,1.0,2020-01-17 09:32:21.036184,316.07,316.13,0,0.08999999999997499,0.11898263484084737,0,-1,-0.14285714285714285,0.00366
108,2020-01-17 09:32:22,N,AAPL,316.07,2.0,316.13,1.0,0.0,0.0,2020-01-17 09:32:22.029883,316.12,316.22,0,0.060000000000002274,0.11888867329622599,0,-1,0.3333333333333333,0.00366
109,2020-01-17 09:32:23,N,AAPL,316.12,2.0,316.22,1.0,0.0,-1.0,2020-01-17 09:32:23.031154,316.19,316.23,0,0.10000000000002274,0.1185736885629467,1,1,0.3333333333333333,0.00366
110,2020-01-17 09:32:25,N,AAPL,316.19,2.0,316.23,2.0,0.0,0.0,2020-01-17 09:32:25.689286,316.16,316.24,0,0.040000000000020464,0.11774074642920596,1,-1,0.0,0.00366
111,2020-01-17 09:32:26,N,AAPL,316.16,2.0,316.24,2.0,0.0,1.0,2020-01-17 09:32:26.112544,316.16,316.21,0,0.07999999999998408,0.1172450061148993,1,1,0.0,0.00366
112,2020-01-17 09:32:27,N,AAPL,316.16,2.0,316.21,2.0,0.0,0.0,2020-01-17 09:32:27.075387,316.05,316.13,-1,0.049999999999954525,0.11660465116273144,1,-1,0.0,0.00366
113,2020-01-17 09:32:28,N,AAPL,316.05,1.0,316.13,2.0,-1.0,0.0,2020-01-17 09:32:28.109877,316.07,316.17,0,0.07999999999998408,0.11639352094078959,1,1,-0.3333333333333333,0.00366
114,2020-01-17 09:32:29,N,AAPL,316.07,2.0,316.17,4.0,1.0,2.0,2020-01-17 09:32:29.160789,316.1,316.18,0,0.10000000000002274,0.11620999062529336,1,1,-0.3333333333333333,0.00366
115,2020-01-17 09:32:31,N,AAPL,316.1,2.0,316.18,2.0,0.0,1.0,2020-01-17 09:32:31.415746,316.1,316.15,0,0.07999999999998408,0.1159603742431159,1,-1,0.0,0.00366
116,2020-01-17 09:32:32,N,AAPL,316.1,1.0,316.15,4.0,0.0,2.0,2020-01-17 09:32:32.105929,316.12,316.16,0,0.049999999999954525,0.11540214171782281,1,-1,-0.6,0.00366
117,2020-01-17 09:32:34,N,AAPL,316.12,2.0,316.16,1.0,0.0,-1.0,2020-01-17 09:32:34.248411,316.12,316.15,0,0.040000000000020464,0.11498240343337329,1,-1,0.3333333333333333,0.00366
118,2020-01-17 09:32:37,N,AAPL,316.12,2.0,316.15,4.0,0.0,3.0,2020-01-17 09:32:37.244419,316.05,316.14,0,0.029999999999972715,0.11419338529583456,1,-1,-0.3333333333333333,0.00366
119,2020-01-17 09:32:38,N,AAPL,316.05,11.0,316.14,2.0,0.0,0.0,2020-01-17 09:32:38.070871,316.05,316.15,0,0.08999999999997499,0.1153728623492043,1,1,0.6923076923076923,0.00366
120,2020-01-17 09:32:39,N,AAPL,316.05,11.0,316.15,2.0,0.0,0.0,2020-01-17 09:32:39.044147,316.05,316.14,0,0.0999999999999659,0.11647917143494624,1,1,0.6923076923076923,0.00366
121,2020-01-17 09:32:40,N,AAPL,316.05,11.0,316.14,2.0,0.0,0.0,2020-01-17 09:32:40.343369,316.05,316.12,0,0.08999999999997499,0.11742937750256033,1,-1,0.6923076923076923,0.00366
122,2020-01-17 09:32:42,N,AAPL,316.05,16.0,316.12,1.0,12.0,-1.0,2020-01-17 09:32:42.786017,316.07,316.14,0,0.06999999999999318,0.1188567047049105,0,-1,0.8823529411764706,0.00366
123,2020-01-17 09:32:43,N,AAPL,316.07,2.0,316.14,2.0,-14.0,1.0,2020-01-17 09:32:43.293039,316.07,316.13,0,0.06999999999999318,0.11863517838077087,0,1,0.0,0.00366
124,2020-01-17 09:32:44,N,AAPL,316.07,2.0,316.13,1.0,0.0,0.0,2020-01-17 09:32:44.112968,316.01,316.05,-1,0.060000000000002274,0.11852506038633237,0,-1,0.3333333333333333,0.00366
125,2020-01-17 09:32:46,N,AAPL,316.01,2.0,316.05,4.0,0.0,3.0,2020-01-17 09:32:46.299648,315.9,315.95,-1,0.040000000000020464,0.11759478633871367,1,-1,-0.3333333333333333,0.00366
126,2020-01-17 09:32:48,N,AAPL,315.9,4.0,315.95,5.0,2.0,1.0,2020-01-17 09:32:48.557485,315.89,315.93,0,0.05000000000001137,0.11711077338713949,1,1,-0.1111111111111111,0.00366
127,2020-01-17 09:32:49,N,AAPL,315.89,4.0,315.93,2.0,0.0,-2.0,2020-01-17 09:32:49.128116,315.86,315.91,0,0.040000000000020464,0.11835223055663846,1,-1,0.3333333333333333,0.00366
128,2020-01-17 09:32:50,N,AAPL,315.86,1.0,315.91,2.0,-3.0,1.0,2020-01-17 09:32:50.504733,315.91,315.94,0,0.05000000000001137,0.11774870176151353,1,1,-0.3333333333333333,0.00366
129,2020-01-17 09:32:52,N,AAPL,315.91,1.0,315.94,2.0,-1.0,0.0,2020-01-17 09:32:52.516089,316.01,316.1,1,0.029999999999972715,0.11712587412586117,1,-1,-0.3333333333333333,0.00366
130,2020-01-17 09:32:53,N,AAPL,316.01,4.0,316.1,1.0,2.0,0.0,2020-01-17 09:32:53.058355,316.01,316.1,0,0.09000000000003183,0.11771634026928268,1,1,0.6,0.00366
131,2020-01-17 09:32:54,N,AAPL,316.01,3.0,316.1,1.0,-1.0,-1.0,2020-01-17 09:32:54.296176,316.01,316.06,0,0.09000000000003183,0.11809570954602577,1,1,0.5,0.00366
132,2020-01-17 09:32:56,N,AAPL,316.01,6.0,316.06,4.0,3.0,3.0,2020-01-17 09:32:56.134159,316.01,316.06,0,0.05000000000001137,0.11805758143293588,1,-1,0.2,0.00366
133,2020-01-17 09:32:57,N,AAPL,316.01,4.0,316.06,2.0,-15.0,1.0,2020-01-17 09:32:57.700175,316.01,316.09,0,0.05000000000001137,0.1182111326870654,1,1,0.3333333333333333,0.00366
134,2020-01-17 09:32:58,N,AAPL,316.01,2.0,316.09,4.0,0.0,2.0,2020-01-17 09:32:58.070199,316.09,316.17,0,0.07999999999998408,0.11770463253219532,1,1,-0.3333333333333333,0.00366
135,2020-01-17 09:32:59,N,AAPL,316.09,2.0,316.17,2.0,0.0,-2.0,2020-01-17 09:32:59.158786,316.11,316.15,0,0.08000000000004093,0.11749449730314154,1,1,0.0,0.00368
136,2020-01-17 09:33:00,N,AAPL,316.11,1.0,316.15,2.0,-1.0,0.0,2020-01-17 09:33:00.504315,316.12,316.15,0,0.03999999999996362,0.1172060855607242,1,-1,-0.3333333333333333,0.00368
137,2020-01-17 09:33:01,N,AAPL,316.12,4.0,316.15,2.0,3.0,0.0,2020-01-17 09:33:01.596114,316.11,316.15,0,0.029999999999972715,0.11640287671042415,1,-1,0.3333333333333333,0.00368
138,2020-01-17 09:33:02,N,AAPL,316.11,2.0,316.15,2.0,-1.0,1.0,2020-01-17 09:33:02.052445,316.03,316.11,0,0.03999999999996362,0.11599299255794904,1,1,0.0,0.00368
139,2020-01-17 09:33:03,N,AAPL,316.03,1.0,316.11,2.0,-1.0,-4.0,2020-01-17 09:33:03.021625,316.0,316.02,-1,0.08000000000004093,0.11578046758631899,1,1,-0.3333333333333333,0.00368
140,2020-01-17 09:33:04,N,AAPL,316.0,1.0,316.02,4.0,-2.0,0.0,2020-01-17 09:33:04.011757,315.94,315.99,-1,0.01999999999998181,0.11454778554769973,1,-1,-0.6,0.00368
141,2020-01-17 09:33:05,N,AAPL,315.94,1.0,315.99,4.0,-1.0,3.0,2020-01-17 09:33:05.732798,315.98,316.03,0,0.05000000000001137,0.11325875902548432,1,1,-0.6,0.00368
142,2020-01-17 09:33:06,N,AAPL,315.98,2.0,316.03,1.0,-2.0,0.0,2020-01-17 09:33:06.052871,316.03,316.1,0,0.049999999999954525,0.11345547721623461,1,-1,0.3333333333333333,0.00368
143,2020-01-17 09:33:07,N,AAPL,316.03,4.0,316.1,2.0,3.0,-2.0,2020-01-17 09:33:07.057606,316.0,316.03,0,0.07000000000005002,0.11354406720880661,1,1,0.3333333333333333,0.00368
144,2020-01-17 09:33:08,N,AAPL,316.0,1.0,316.03,4.0,-1.0,3.0,2020-01-17 09:33:08.101004,315.99,316.04,0,0.029999999999972715,0.11245422454732079,1,-1,-0.6,0.00368
145,2020-01-17 09:33:09,N,AAPL,315.99,1.0,316.04,2.0,0.0,1.0,2020-01-17 09:33:09.414373,315.98,316.05,0,0.05000000000001137,0.11208664246271383,1,1,-0.3333333333333333,0.00368
146,2020-01-17 09:33:10,N,AAPL,315.98,1.0,316.05,2.0,0.0,0.0,2020-01-17 09:33:10.010853,316.07,316.14,1,0.06999999999999318,0.11179474342930007,1,1,-0.3333333333333333,0.00368
147,2020-01-17 09:33:11,N,AAPL,316.07,2.0,316.14,1.0,0.0,-3.0,2020-01-17 09:33:11.148299,316.08,316.14,0,0.06999999999999318,0.11168957425411463,1,1,0.3333333333333333,0.00368
148,2020-01-17 09:33:15,N,AAPL,316.08,2.0,316.14,2.0,0.0,1.0,2020-01-17 09:33:15.745709,316.03,316.09,0,0.060000000000002274,0.11144820295982072,1,-1,0.0,0.00368
149,2020-01-17 09:33:16,N,AAPL,316.03,1.0,316.09,2.0,0.0,-1.0,2020-01-17 09:33:16.369534,316.05,316.11,0,0.060000000000002274,0.11118474446982418,1,1,-0.3333333333333333,0.00368
150,2020-01-17 09:33:17,N,AAPL,316.05,1.0,316.11,1.0,0.0,-1.0,2020-01-17 09:33:17.824818,316.03,316.09,0,0.060000000000002274,0.11108952251419169,1,1,0.0,0.00368
151,2020-01-17 09:33:18,N,AAPL,316.03,1.0,316.09,3.0,-1.0,2.0,2020-01-17 09:33:18.018997,316.1,316.16,1,0.060000000000002274,0.11064934752391764,1,1,-0.5,0.00368
152,2020-01-17 09:33:20,N,AAPL,316.1,1.0,316.16,1.0,0.0,0.0,2020-01-17 09:33:20.125219,316.1,316.16,0,0.060000000000002274,0.11051652298840509,1,1,0.0,0.00368
153,2020-01-17 09:33:21,N,AAPL,316.1,2.0,316.16,1.0,0.0,0.0,2020-01-17 09:33:21.288598,316.18,316.23,1,0.060000000000002274,0.11028624888621152,1,1,0.3333333333333333,0.00368
154,2020-01-17 09:33:22,N,AAPL,316.18,1.0,316.23,2.0,-4.0,-1.0,2020-01-17 09:33:22.596268,316.19,316.22,0,0.05000000000001137,0.11018421192329697,1,-1,-0.3333333333333333,0.00368
155,2020-01-17 09:33:24,N,AAPL,316.19,2.0,316.22,2.0,1.0,0.0,2020-01-17 09:33:24.438251,316.1,316.18,-1,0.03000000000002956,0.10966245144703635,1,-1,0.0,0.00368
156,2020-01-17 09:33:25,N,AAPL,316.1,5.0,316.18,1.0,4.0,-1.0,2020-01-17 09:33:25.116067,316.14,316.21,0,0.07999999999998408,0.10920569234650657,1,1,0.6666666666666666,0.00368
157,2020-01-17 09:33:27,N,AAPL,316.14,2.0,316.21,1.0,1.0,0.0,2020-01-17 09:33:27.350766,316.19,316.24,0,0.06999999999999318,0.10887035135743872,1,-1,0.3333333333333333,0.00368
158,2020-01-17 09:33:28,N,AAPL,316.19,2.0,316.24,1.0,1.0,0.0,2020-01-17 09:33:28.706571,316.22,316.27,0,0.05000000000001137,0.10832442713507362,1,-1,0.3333333333333333,0.00368
159,2020-01-17 09:33:29,N,AAPL,316.22,4.0,316.27,2.0,2.0,1.0,2020-01-17 09:33:29.630092,316.21,316.3,0,0.049999999999954525,0.10704773056761496,1,-1,0.3333333333333333,0.00368
160,2020-01-17 09:33:32,N,AAPL,316.21,2.0,316.3,7.0,1.0,-13.0,2020-01-17 09:33:32.171863,316.23,316.29,0,0.09000000000003183,0.10801881943842773,1,1,-0.5555555555555556,0.00368
161,2020-01-17 09:33:33,N,AAPL,316.23,4.0,316.29,1.0,3.0,-1.0,2020-01-17 09:33:33.443527,316.25,316.28,0,0.060000000000002274,0.10652966705538347,1,-1,0.6,0.00368
162,2020-01-17 09:33:37,N,AAPL,316.25,2.0,316.28,4.0,-4.0,2.0,2020-01-17 09:33:37.622258,316.25,316.29,0,0.029999999999972715,0.10638515456895448,1,-1,-0.3333333333333333,0.00368
163,2020-01-17 09:33:38,N,AAPL,316.25,2.0,316.29,2.0,1.0,1.0,2020-01-17 09:33:38.651705,316.22,316.25,0,0.040000000000020464,0.1058831475853026,1,1,0.0,0.00368
164,2020-01-17 09:33:39,N,AAPL,316.22,1.0,316.25,2.0,-1.0,0.0,2020-01-17 09:33:39.960001,316.26,316.29,1,0.029999999999972715,0.10577258573511017,1,-1,-0.3333333333333333,0.00368
165,2020-01-17 09:33:40,N,AAPL,316.26,2.0,316.29,2.0,1.0,0.0,2020-01-17 09:33:40.620880,316.22,316.29,0,0.03000000000002956,0.10522598840714181,1,1,0.0,0.00368
166,2020-01-17 09:33:41,N,AAPL,316.22,1.0,316.29,3.0,-4.0,1.0,2020-01-17 09:33:41.516265,316.21,316.28,0,0.06999999999999318,0.10548661036148133,1,1,-0.5,0.00368
167,2020-01-17 09:33:42,N,AAPL,316.21,2.0,316.28,1.0,0.0,-3.0,2020-01-17 09:33:42.061767,316.17,316.25,0,0.06999999999999318,0.10497770778795257,1,1,0.3333333333333333,0.00368
168,2020-01-17 09:33:43,N,AAPL,316.17,4.0,316.25,2.0,2.0,0.0,2020-01-17 09:33:43.146394,316.16,316.25,0,0.07999999999998408,0.10427723231384789,1,1,0.3333333333333333,0.00368
169,2020-01-17 09:33:45,N,AAPL,316.16,2.0,316.25,2.0,1.0,0.0,2020-01-17 09:33:45.365666,316.19,316.21,0,0.08999999999997499,0.10411671861260174,1,1,0.0,0.00368
170,2020-01-17 09:33:46,N,AAPL,316.19,2.0,316.21,1.0,0.0,-1.0,2020-01-17 09:33:46.015114,316.1,316.16,-1,0.01999999999998181,0.10359683578826662,1,-1,0.3333333333333333,0.00368
171,2020-01-17 09:33:47,N,AAPL,316.1,2.0,316.16,1.0,1.0,0.0,2020-01-17 09:33:47.370455,316.1,316.15,0,0.060000000000002274,0.1034452564809385,1,1,0.3333333333333333,0.00368
172,2020-01-17 09:33:49,N,AAPL,316.1,4.0,316.15,1.0,3.0,0.0,2020-01-17 09:33:49.819021,316.11,316.14,0,0.049999999999954525,0.10316941087171472,1,-1,0.6,0.00368
173,2020-01-17 09:33:52,N,AAPL,316.11,5.0,316.14,2.0,1.0,1.0,2020-01-17 09:33:52.288614,315.99,316.01,-1,0.029999999999972715,0.10262156508912312,1,-1,0.42857142857142855,0.00368
174,2020-01-17 09:33:53,N,AAPL,315.99,2.0,316.01,2.0,-2.0,1.0,2020-01-17 09:33:53.886344,316.01,316.06,0,0.01999999999998181,0.10240746978917059,1,-1,0.0,0.00368
175,2020-01-17 09:33:54,N,AAPL,316.01,1.0,316.06,2.0,0.0,0.0,2020-01-17 09:33:54.722989,316.02,316.07,0,0.05000000000001137,0.10211574728901951,1,1,-0.3333333333333333,0.00368
176,2020-01-17 09:33:55,N,AAPL,316.02,1.0,316.07,1.0,0.0,-1.0,2020-01-17 09:33:55.881906,316.03,316.09,0,0.05000000000001137,0.10205008684226868,1,1,0.0,0.00368
177,2020-01-17 09:33:56,N,AAPL,316.03,2.0,316.09,1.0,1.0,0.0,2020-01-17 09:33:56.182029,316.02,316.1,0,0.060000000000002274,0.10211717150997401,1,1,0.3333333333333333,0.00368
178,2020-01-17 09:33:57,N,AAPL,316.02,4.0,316.1,3.0,2.0,1.0,2020-01-17 09:33:57.115734,316.03,316.09,0,0.08000000000004093,0.10222999586835613,1,1,0.14285714285714285,0.00368
179,2020-01-17 09:33:58,N,AAPL,316.03,1.0,316.09,1.0,-1.0,-1.0,2020-01-17 09:33:58.015453,316.03,316.06,0,0.060000000000002274,0.10217651253356053,1,-1,0.0,0.00368
180,2020-01-17 09:34:01,N,AAPL,316.03,1.0,316.06,4.0,-4.0,3.0,2020-01-17 09:34:01.390683,316.01,316.04,0,0.03000000000002956,0.10139539725281566,1,-1,-0.6,0.00368
181,2020-01-17 09:34:02,N,AAPL,316.01,4.0,316.04,1.0,2.0,-1.0,2020-01-17 09:34:02.202690,316.0,316.04,0,0.03000000000002956,0.10178491535128842,1,1,0.6,0.00368
182,2020-01-17 09:34:03,N,AAPL,316.0,1.0,316.04,2.0,0.0,0.0,2020-01-17 09:34:03.452276,316.01,316.04,0,0.040000000000020464,0.10145319364647776,1,1,-0.3333333333333333,0.00409
183,2020-01-17 09:34:04,N,AAPL,316.01,4.0,316.04,2.0,3.0,0.0,2020-01-17 09:34:04.779734,316.03,316.05,0,0.03000000000002956,0.10157442513599335,1,-1,0.3333333333333333,0.00409
184,2020-01-17 09:34:05,N,AAPL,316.03,4.0,316.05,2.0,0.0,0.0,2020-01-17 09:34:05.673715,316.0,316.03,0,0.020000000000038654,0.10153664916924754,1,-1,0.3333333333333333,0.00409
185,2020-01-17 09:34:06,N,AAPL,316.0,3.0,316.03,1.0,2.0,-1.0,2020-01-17 09:34:06.090061,315.95,316.0,0,0.029999999999972715,0.10179512936417723,1,1,0.5,0.00409
186,2020-01-17 09:34:07,N,AAPL,315.95,1.0,316.0,1.0,-1.0,-2.0,2020-01-17 09:34:07.363392,315.94,315.97,0,0.05000000000001137,0.10176094391238166,1,1,0.0,0.00409
187,2020-01-17 09:34:08,N,AAPL,315.94,6.0,315.97,1.0,5.0,0.0,2020-01-17 09:34:08.095064,315.91,315.95,0,0.03000000000002956,0.10323853210996958,1,-1,0.7142857142857143,0.00409
188,2020-01-17 09:34:09,N,AAPL,315.91,1.0,315.95,2.0,-1.0,0.0,2020-01-17 09:34:09.156024,315.88,315.95,0,0.03999999999996362,0.10278423186161945,1,1,-0.3333333333333333,0.00409
189,2020-01-17 09:34:10,N,AAPL,315.88,2.0,315.95,1.0,-2.0,0.0,2020-01-17 09:34:10.078131,315.86,315.91,0,0.06999999999999318,0.10325066923820714,1,1,0.3333333333333333,0.00409
190,2020-01-17 09:34:11,N,AAPL,315.86,4.0,315.91,3.0,3.0,0.0,2020-01-17 09:34:11.240433,315.87,315.9,0,0.05000000000001137,0.10372005751895585,1,-1,0.14285714285714285,0.00409
191,2020-01-17 09:34:12,N,AAPL,315.87,1.0,315.9,2.0,0.0,0.0,2020-01-17 09:34:12.704427,315.84,315.9,0,0.029999999999972715,0.10318068520604129,1,-1,-0.3333333333333333,0.00409
192,2020-01-17 09:34:13,N,AAPL,315.84,2.0,315.9,1.0,1.0,-1.0,2020-01-17 09:34:13.074707,315.87,315.92,0,0.060000000000002274,0.10371752116691368,1,1,0.3333333333333333,0.00409
193,2020-01-17 09:34:15,N,AAPL,315.87,4.0,315.92,2.0,1.0,0.0,2020-01-17 09:34:15.394067,315.92,315.94,0,0.05000000000001137,0.10457434052756298,1,-1,0.3333333333333333,0.00409
194,2020-01-17 09:34:16,N,AAPL,315.92,4.0,315.94,4.0,0.0,2.0,2020-01-17 09:34:16.202449,315.85,315.89,-1,0.01999999999998181,0.10421483637509255,1,-1,0.0,0.00409
195,2020-01-17 09:34:19,N,AAPL,315.85,1.0,315.89,4.0,0.0,1.0,2020-01-17 09:34:19.004833,315.81,315.83,-1,0.03999999999996362,0.10270528407761503,1,1,-0.6,0.00409
196,2020-01-17 09:34:22,N,AAPL,315.81,1.0,315.83,4.0,-1.0,2.0,2020-01-17 09:34:22.299688,315.84,315.88,1,0.01999999999998181,0.10088676797630569,1,-1,-0.6,0.00409
197,2020-01-17 09:34:23,N,AAPL,315.84,2.0,315.88,2.0,1.0,1.0,2020-01-17 09:34:23.162754,315.85,315.88,0,0.040000000000020464,0.10086562476061545,1,1,0.0,0.00409
198,2020-01-17 09:34:24,N,AAPL,315.85,1.0,315.88,2.0,-1.0,1.0,2020-01-17 09:34:24.011520,315.88,315.92,0,0.029999999999972715,0.10033666224848048,1,-1,-0.3333333333333333,0.00409
199,2020-01-17 09:34:26,N,AAPL,315.88,2.0,315.92,1.0,-1.0,-1.0,2020-01-17 09:34:26.186979,315.87,315.92,0,0.040000000000020464,0.10070565164892287,1,1,0.3333333333333333,0.00409
200,2020-01-17 09:34:27,N,AAPL,315.87,4.0,315.92,1.0,0.0,-1.0,2020-01-17 09:34:27.051480,315.86,315.87,0,0.05000000000001137,0.10193514667872705,1,1,0.6,0.00409
201,2020-01-17 09:34:29,N,AAPL,315.86,2.0,315.87,2.0,-2.0,1.0,2020-01-17 09:34:29.048586,315.83,315.87,0,0.009999999999990905,0.1017783800262464,1,-1,0.0,0.00409
202,2020-01-17 09:34:31,N,AAPL,315.83,1.0,315.87,1.0,-1.0,-1.0,2020-01-17 09:34:31.391532,315.83,315.87,0,0.040000000000020464,0.10176398702401457,1,1,0.0,0.00409
203,2020-01-17 09:34:32,N,AAPL,315.83,1.0,315.87,2.0,0.0,1.0,2020-01-17 09:34:32.703092,315.84,315.88,0,0.040000000000020464,0.1012477582480642,1,1,-0.3333333333333333,0.00409
204,2020-01-17 09:34:33,N,AAPL,315.84,2.0,315.88,1.0,0.0,0.0,2020-01-17 09:34:33.095999,315.82,315.88,0,0.040000000000020464,0.10169353539799886,1,1,0.3333333333333333,0.00409
205,2020-01-17 09:34:34,N,AAPL,315.82,3.0,315.88,1.0,0.0,0.0,2020-01-17 09:34:34.093453,315.82,315.86,0,0.060000000000002274,0.10271701634758301,1,1,0.5,0.00409
206,2020-01-17 09:34:35,N,AAPL,315.82,1.0,315.86,2.0,0.0,0.0,2020-01-17 09:34:35.649182,315.85,315.9,0,0.040000000000020464,0.10218885979969627,1,-1,-0.3333333333333333,0.00409
207,2020-01-17 09:34:36,N,AAPL,315.85,2.0,315.9,2.0,-1.0,1.0,2020-01-17 09:34:36.871993,315.87,315.9,0,0.049999999999954525,0.10216965005645307,1,1,0.0,0.00409
208,2020-01-17 09:34:37,N,AAPL,315.87,3.0,315.9,2.0,-1.0,0.0,2020-01-17 09:34:37.215791,315.94,315.99,1,0.029999999999972715,0.1024491766042388,1,-1,0.2,0.00409
209,2020-01-17 09:34:38,N,AAPL,315.94,2.0,315.99,1.0,0.0,0.0,2020-01-17 09:34:38.277763,315.95,316.01,0,0.05000000000001137,0.10263831258646405,1,1,0.3333333333333333,0.00409
210,2020-01-17 09:34:39,N,AAPL,315.95,4.0,316.01,2.0,2.0,1.0,2020-01-17 09:34:39.205103,316.04,316.09,1,0.060000000000002274,0.10299330403853446,1,1,0.3333333333333333,0.00409
211,2020-01-17 09:34:40,N,AAPL,316.04,2.0,316.09,1.0,0.0,0.0,2020-01-17 09:34:40.367182,316.04,316.09,0,0.049999999999954525,0.10293334442872037,1,-1,0.3333333333333333,0.00409
212,2020-01-17 09:34:41,N,AAPL,316.04,3.0,316.09,2.0,1.0,1.0,2020-01-17 09:34:41.547389,316.04,316.08,0,0.049999999999954525,0.10278847243642986,1,1,0.2,0.00409
213,2020-01-17 09:34:42,N,AAPL,316.04,3.0,316.08,4.0,1.0,2.0,2020-01-17 09:34:42.425214,316.08,316.13,0,0.03999999999996362,0.1023601136587331,1,-1,-0.14285714285714285,0.00409
214,2020-01-17 09:34:44,N,AAPL,316.08,4.0,316.13,1.0,2.0,-1.0,2020-01-17 09:34:44.298346,316.09,316.13,0,0.05000000000001137,0.10209540503154813,1,1,0.6,0.00409
215,2020-01-17 09:34:45,N,AAPL,316.09,2.0,316.13,2.0,0.0,0.0,2020-01-17 09:34:45.056209,316.11,316.19,0,0.040000000000020464,0.10186333333336961,1,-1,0.0,0.00409
216,2020-01-17 09:34:46,N,AAPL,316.11,2.0,316.19,4.0,-2.0,2.0,2020-01-17 09:34:46.013717,316.15,316.2,0,0.07999999999998408,0.10187020131400004,1,1,-0.3333333333333333,0.00409
217,2020-01-17 09:34:47,N,AAPL,316.15,2.0,316.2,1.0,0.0,-1.0,2020-01-17 09:34:47.260118,316.18,316.21,0,0.05000000000001137,0.10155929424121268,1,-1,0.3333333333333333,0.00409
218,2020-01-17 09:34:48,N,AAPL,316.18,2.0,316.21,2.0,-1.0,0.0,2020-01-17 09:34:48.081012,316.15,316.21,0,0.029999999999972715,0.1012400778794813,1,-1,0.0,0.00409
219,2020-01-17 09:34:49,N,AAPL,316.15,2.0,316.21,1.0,0.0,-3.0,2020-01-17 09:34:49.128680,316.15,316.22,0,0.060000000000002274,0.10095135723184967,1,1,0.3333333333333333,0.00409
220,2020-01-17 09:34:50,N,AAPL,316.15,1.0,316.22,2.0,-2.0,0.0,2020-01-17 09:34:50.219916,316.06,316.1,-1,0.07000000000005002,0.1009760056685991,1,1,-0.3333333333333333,0.00409
221,2020-01-17 09:34:52,N,AAPL,316.06,1.0,316.1,2.0,0.0,0.0,2020-01-17 09:34:52.199063,316.06,316.11,0,0.040000000000020464,0.10078431372568275,1,-1,-0.3333333333333333,0.00409
222,2020-01-17 09:34:53,N,AAPL,316.06,3.0,316.11,1.0,1.0,-1.0,2020-01-17 09:34:53.164912,316.09,316.14,0,0.05000000000001137,0.10067707786799929,1,1,0.5,0.00409
223,2020-01-17 09:34:54,N,AAPL,316.09,1.0,316.14,1.0,-4.0,0.0,2020-01-17 09:34:54.654166,316.1,316.13,0,0.05000000000001137,0.10058321398241787,1,1,0.0,0.00409
224,2020-01-17 09:34:56,N,AAPL,316.1,2.0,316.13,1.0,1.0,0.0,2020-01-17 09:34:56.578106,316.12,316.17,0,0.029999999999972715,0.10036566458688867,1,-1,0.3333333333333333,0.00409
225,2020-01-17 09:34:57,N,AAPL,316.12,3.0,316.17,2.0,1.0,1.0,2020-01-17 09:34:57.004429,316.16,316.2,0,0.05000000000001137,0.10003609984289596,1,1,0.2,0.00409
226,2020-01-17 09:34:59,N,AAPL,316.16,2.0,316.2,2.0,-2.0,0.0,2020-01-17 09:34:59.458226,316.19,316.24,0,0.03999999999996362,0.09977823187045942,1,-1,0.0,0.00409
227,2020-01-17 09:35:00,N,AAPL,316.19,2.0,316.24,2.0,1.0,0.0,2020-01-17 09:35:00.036491,316.22,316.25,0,0.05000000000001137,0.09953661367745781,1,1,0.0,0.00409
228,2020-01-17 09:35:05,N,AAPL,316.22,2.0,316.25,1.0,1.0,-2.0,2020-01-17 09:35:05.547230,316.21,316.25,0,0.029999999999972715,0.09906326749347727,1,-1,0.3333333333333333,0.00435
229,2020-01-17 09:35:06,N,AAPL,316.21,2.0,316.25,2.0,-2.0,1.0,2020-01-17 09:35:06.063941,316.29,316.3,1,0.040000000000020464,0.0987833588770286,1,1,0.0,0.00435
230,2020-01-17 09:35:07,N,AAPL,316.29,4.0,316.3,1.0,2.0,-7.0,2020-01-17 09:35:07.383748,316.25,316.29,0,0.009999999999990905,0.09725893785304152,1,-1,0.6,0.00435
231,2020-01-17 09:35:08,N,AAPL,316.25,3.0,316.29,2.0,2.0,0.0,2020-01-17 09:35:08.216652,316.22,316.26,0,0.040000000000020464,0.09661192050600675,1,1,0.2,0.00435
232,2020-01-17 09:35:09,N,AAPL,316.22,2.0,316.26,2.0,-1.0,0.0,2020-01-17 09:35:09.805721,316.22,316.28,0,0.03999999999996362,0.09634355053026411,1,-1,0.0,0.00435
233,2020-01-17 09:35:10,N,AAPL,316.22,2.0,316.28,2.0,0.0,0.0,2020-01-17 09:35:10.165596,316.23,316.24,0,0.05999999999994543,0.09614092813069419,1,1,0.0,0.00435
234,2020-01-17 09:35:13,N,AAPL,316.23,1.0,316.24,1.0,-6.0,-3.0,2020-01-17 09:35:13.297184,316.24,316.3,0,0.009999999999990905,0.09595849674718693,1,-1,0.0,0.00435
235,2020-01-17 09:35:14,N,AAPL,316.24,2.0,316.3,2.0,1.0,-21.0,2020-01-17 09:35:14.096958,316.21,316.25,0,0.060000000000002274,0.09574817635279942,1,1,0.0,0.00435
236,2020-01-17 09:35:17,N,AAPL,316.21,4.0,316.25,1.0,2.0,-1.0,2020-01-17 09:35:17.118980,316.22,316.28,0,0.040000000000020464,0.09480719497207701,1,-1,0.6,0.00435
237,2020-01-17 09:35:18,N,AAPL,316.22,1.0,316.28,1.0,0.0,-1.0,2020-01-17 09:35:18.509927,316.24,316.27,0,0.05999999999994543,0.09471179763619375,1,1,0.0,0.00435
238,2020-01-17 09:35:21,N,AAPL,316.24,2.0,316.27,4.0,1.0,3.0,2020-01-17 09:35:21.556897,316.22,316.27,0,0.029999999999972715,0.094766651459679,1,-1,-0.3333333333333333,0.00435
239,2020-01-17 09:35:23,N,AAPL,316.22,4.0,316.27,2.0,2.0,-2.0,2020-01-17 09:35:23.838338,316.2,316.22,0,0.049999999999954525,0.09398279832049639,1,1,0.3333333333333333,0.00435
240,2020-01-17 09:35:25,N,AAPL,316.2,2.0,316.22,2.0,-2.0,0.0,2020-01-17 09:35:25.275724,316.22,316.25,0,0.020000000000038654,0.09368500123332524,1,-1,0.0,0.00435
241,2020-01-17 09:35:27,N,AAPL,316.22,1.0,316.25,1.0,-2.0,-1.0,2020-01-17 09:35:27.902238,316.21,316.24,0,0.029999999999972715,0.09354745443124557,1,1,0.0,0.00435
242,2020-01-17 09:35:29,N,AAPL,316.21,3.0,316.24,2.0,2.0,1.0,2020-01-17 09:35:29.386931,316.23,316.26,0,0.03000000000002956,0.09302174912613737,1,1,0.2,0.00435
243,2020-01-17 09:35:30,N,AAPL,316.23,2.0,316.26,1.0,0.0,0.0,2020-01-17 09:35:30.208111,316.24,316.27,0,0.029999999999972715,0.09259325396828899,1,-1,0.3333333333333333,0.00435
244,2020-01-17 09:35:31,N,AAPL,316.24,4.0,316.27,2.0,2.0,1.0,2020-01-17 09:35:31.473716,316.25,316.27,0,0.029999999999972715,0.09170709219864648,1,1,0.3333333333333333,0.00435
245,2020-01-17 09:35:32,N,AAPL,316.25,2.0,316.27,2.0,0.0,0.0,2020-01-17 09:35:32.565543,316.26,316.27,0,0.01999999999998181,0.09140253419764122,1,-1,0.0,0.00435
246,2020-01-17 09:35:34,N,AAPL,316.26,1.0,316.27,2.0,-1.0,0.0,2020-01-17 09:35:34.090223,316.25,316.26,0,0.009999999999990905,0.09140066016220771,1,-1,-0.3333333333333333,0.00435
247,2020-01-17 09:35:35,N,AAPL,316.25,2.0,316.26,1.0,-2.0,-1.0,2020-01-17 09:35:35.307567,316.25,316.29,0,0.009999999999990905,0.09091745260883499,1,1,0.3333333333333333,0.00435
248,2020-01-17 09:35:36,N,AAPL,316.25,2.0,316.29,1.0,0.0,0.0,2020-01-17 09:35:36.120133,316.29,316.31,0,0.040000000000020464,0.0904839605314578,1,1,0.3333333333333333,0.00435
249,2020-01-17 09:35:38,N,AAPL,316.29,4.0,316.31,2.0,2.0,1.0,2020-01-17 09:35:38.330221,316.43,316.46,1,0.01999999999998181,0.08941086295772038,1,-1,0.3333333333333333,0.00435
250,2020-01-17 09:35:39,N,AAPL,316.43,2.0,316.46,2.0,0.0,0.0,2020-01-17 09:35:39.076442,316.42,316.47,0,0.029999999999972715,0.08907489102483623,1,1,0.0,0.00435
251,2020-01-17 09:35:40,N,AAPL,316.42,3.0,316.47,2.0,1.0,0.0,2020-01-17 09:35:40.067747,316.44,316.47,0,0.05000000000001137,0.08821142827395079,1,1,0.2,0.00435
252,2020-01-17 09:35:41,N,AAPL,316.44,2.0,316.47,1.0,0.0,-1.0,2020-01-17 09:35:41.826119,316.46,316.5,0,0.03000000000002956,0.08742042574380093,1,-1,0.3333333333333333,0.00435
253,2020-01-17 09:35:42,N,AAPL,316.46,1.0,316.5,1.0,0.0,-1.0,2020-01-17 09:35:42.679374,316.44,316.5,0,0.040000000000020464,0.08726877492836138,1,1,0.0,0.00435
254,2020-01-17 09:35:43,N,AAPL,316.44,1.0,316.5,2.0,0.0,0.0,2020-01-17 09:35:43.022411,316.48,316.55,0,0.060000000000002274,0.08765513801489533,1,1,-0.3333333333333333,0.00435
255,2020-01-17 09:35:44,N,AAPL,316.48,1.0,316.55,2.0,-1.0,-2.0,2020-01-17 09:35:44.347025,316.55,316.59,0,0.06999999999999318,0.0881189160141389,1,1,-0.3333333333333333,0.00435
256,2020-01-17 09:35:45,N,AAPL,316.55,2.0,316.59,3.0,0.0,1.0,2020-01-17 09:35:45.459161,316.57,316.6,0,0.03999999999996362,0.08840533973807396,1,-1,-0.2,0.00435
257,2020-01-17 09:35:47,N,AAPL,316.57,6.0,316.6,4.0,2.0,1.0,2020-01-17 09:35:47.888636,316.58,316.61,0,0.03000000000002956,0.08600559615257453,1,-1,0.2,0.00435
258,2020-01-17 09:35:49,N,AAPL,316.58,1.0,316.61,1.0,-5.0,-3.0,2020-01-17 09:35:49.819981,316.59,316.64,0,0.03000000000002956,0.08582167832167897,1,1,0.0,0.00435
259,2020-01-17 09:35:50,N,AAPL,316.59,2.0,316.64,4.0,1.0,3.0,2020-01-17 09:35:50.099939,316.64,316.67,0,0.05000000000001137,0.08688462297664046,1,1,-0.3333333333333333,0.00435
260,2020-01-17 09:35:52,N,AAPL,316.64,2.0,316.67,1.0,0.0,-3.0,2020-01-17 09:35:52.113256,316.6,316.62,-1,0.03000000000002956,0.0857647616381314,1,-1,0.3333333333333333,0.00435
261,2020-01-17 09:35:54,N,AAPL,316.6,2.0,316.62,1.0,0.0,-4.0,2020-01-17 09:35:54.739353,316.62,316.66,0,0.01999999999998181,0.08471510263922255,1,-1,0.3333333333333333,0.00435
262,2020-01-17 09:35:57,N,AAPL,316.62,1.0,316.66,2.0,-1.0,-2.0,2020-01-17 09:35:57.627218,316.63,316.69,0,0.040000000000020464,0.08525075167113982,1,1,-0.3333333333333333,0.00435
263,2020-01-17 09:35:58,N,AAPL,316.63,2.0,316.69,4.0,0.0,0.0,2020-01-17 09:35:58.264273,316.61,316.68,0,0.060000000000002274,0.086447365883771,1,1,-0.3333333333333333,0.00435
264,2020-01-17 09:36:00,N,AAPL,316.61,1.0,316.68,2.0,0.0,0.0,2020-01-17 09:36:00.020502,316.57,316.61,0,0.06999999999999318,0.08704127075532142,1,1,-0.3333333333333333,0.00435
265,2020-01-17 09:36:01,N,AAPL,316.57,1.0,316.61,2.0,-2.0,1.0,2020-01-17 09:36:01.075590,316.53,316.59,0,0.040000000000020464,0.08749343142397947,1,-1,-0.3333333333333333,0.00435
266,2020-01-17 09:36:02,N,AAPL,316.53,2.0,316.59,2.0,1.0,1.0,2020-01-17 09:36:02.139015,316.53,316.56,0,0.060000000000002274,0.08723471126950244,1,1,0.0,0.00435
267,2020-01-17 09:36:04,N,AAPL,316.53,2.0,316.56,1.0,0.0,-1.0,2020-01-17 09:36:04.050641,316.53,316.57,0,0.03000000000002956,0.08635316771210455,1,-1,0.3333333333333333,0.00435
268,2020-01-17 09:36:05,N,AAPL,316.53,1.0,316.57,1.0,-3.0,-1.0,2020-01-17 09:36:05.138682,316.53,316.58,0,0.040000000000020464,0.08619912379867856,1,1,0.0,0.00435
269,2020-01-17 09:36:06,N,AAPL,316.53,2.0,316.58,2.0,-3.0,0.0,2020-01-17 09:36:06.036365,316.55,316.6,0,0.05000000000001137,0.08592186826973602,1,1,0.0,0.00435
270,2020-01-17 09:36:07,N,AAPL,316.55,4.0,316.6,2.0,2.0,0.0,2020-01-17 09:36:07.736311,316.54,316.57,0,0.05000000000001137,0.08418441558438872,1,1,0.3333333333333333,0.00435
271,2020-01-17 09:36:08,N,AAPL,316.54,2.0,316.57,2.0,-2.0,0.0,2020-01-17 09:36:08.507437,316.53,316.58,0,0.029999999999972715,0.08386095206481059,1,-1,0.0,0.00435
272,2020-01-17 09:36:09,N,AAPL,316.53,4.0,316.58,1.0,2.0,-1.0,2020-01-17 09:36:09.887365,316.52,316.54,0,0.05000000000001137,0.08168300302327225,1,1,0.6,0.00435
273,2020-01-17 09:36:11,N,AAPL,316.52,2.0,316.54,4.0,-2.0,3.0,2020-01-17 09:36:11.902317,316.5,316.51,-1,0.020000000000038654,0.08234572770459181,1,-1,-0.3333333333333333,0.00435
274,2020-01-17 09:36:13,N,AAPL,316.5,1.0,316.51,6.0,-3.0,2.0,2020-01-17 09:36:13.520799,316.45,316.48,-1,0.009999999999990905,0.08440291725099769,1,-1,-0.7142857142857143,0.00435
275,2020-01-17 09:36:15,N,AAPL,316.45,2.0,316.48,1.0,1.0,-5.0,2020-01-17 09:36:15.382125,316.46,316.5,0,0.03000000000002956,0.08371738168949605,1,1,0.3333333333333333,0.00461
276,2020-01-17 09:36:16,N,AAPL,316.46,2.0,316.5,2.0,-2.0,1.0,2020-01-17 09:36:16.035563,316.51,316.54,1,0.040000000000020464,0.08346024549024378,1,1,0.0,0.00461
277,2020-01-17 09:36:17,N,AAPL,316.51,2.0,316.54,3.0,1.0,2.0,2020-01-17 09:36:17.159792,316.52,316.59,0,0.03000000000002956,0.08363669826684372,1,-1,-0.2,0.00461
278,2020-01-17 09:36:18,N,AAPL,316.52,2.0,316.59,1.0,0.0,0.0,2020-01-17 09:36:18.053732,316.56,316.6,0,0.06999999999999318,0.0828969194312208,1,1,0.3333333333333333,0.00461
279,2020-01-17 09:36:19,N,AAPL,316.56,1.0,316.6,2.0,-3.0,1.0,2020-01-17 09:36:19.012222,316.58,316.6,0,0.040000000000020464,0.08330985607796038,1,-1,-0.3333333333333333,0.00461
280,2020-01-17 09:36:20,N,AAPL,316.58,2.0,316.6,1.0,0.0,0.0,2020-01-17 09:36:20.075834,316.54,316.57,-1,0.020000000000038654,0.08240298546405711,1,-1,0.3333333333333333,0.00461
281,2020-01-17 09:36:22,N,AAPL,316.54,2.0,316.57,2.0,0.0,1.0,2020-01-17 09:36:22.776988,316.48,316.51,-1,0.029999999999972715,0.08209905956113062,1,1,0.0,0.00461
282,2020-01-17 09:36:23,N,AAPL,316.48,2.0,316.51,2.0,0.0,1.0,2020-01-17 09:36:23.269609,316.43,316.47,-1,0.029999999999972715,0.08182023727647447,1,1,0.0,0.00461
283,2020-01-17 09:36:24,N,AAPL,316.43,1.0,316.47,12.0,-1.0,10.0,2020-01-17 09:36:24.010456,316.42,316.5,0,0.040000000000020464,0.08570879398098441,1,1,-0.8461538461538461,0.00461
284,2020-01-17 09:36:26,N,AAPL,316.42,2.0,316.5,2.0,1.0,0.0,2020-01-17 09:36:26.024969,316.4,316.41,-1,0.07999999999998408,0.08556968746790972,1,1,0.0,0.00461
285,2020-01-17 09:36:27,N,AAPL,316.4,2.0,316.41,2.0,-5.0,1.0,2020-01-17 09:36:27.000232,316.3,316.34,-1,0.010000000000047748,0.08525184930158503,1,-1,0.0,0.00461
286,2020-01-17 09:36:28,N,AAPL,316.3,1.0,316.34,1.0,0.0,0.0,2020-01-17 09:36:28.011354,316.3,316.32,0,0.03999999999996362,0.08515454908626907,1,1,0.0,0.00461
287,2020-01-17 09:36:30,N,AAPL,316.3,1.0,316.32,1.0,0.0,-1.0,2020-01-17 09:36:30.981380,316.26,316.31,0,0.01999999999998181,0.0850307770504628,1,-1,0.0,0.00461
288,2020-01-17 09:36:31,N,AAPL,316.26,3.0,316.31,2.0,1.0,1.0,2020-01-17 09:36:31.332444,316.31,316.32,0,0.05000000000001137,0.08466887035319814,1,1,0.2,0.00461
289,2020-01-17 09:36:35,N,AAPL,316.31,4.0,316.32,1.0,1.0,-1.0,2020-01-17 09:36:35.301708,316.21,316.25,-1,0.009999999999990905,0.08367193249279126,1,-1,0.6,0.00461
290,2020-01-17 09:36:36,N,AAPL,316.21,3.0,316.25,2.0,2.0,-2.0,2020-01-17 09:36:36.648182,316.2,316.25,0,0.040000000000020464,0.08339105022832882,1,1,0.2,0.00461
291,2020-01-17 09:36:37,N,AAPL,316.2,1.0,316.25,1.0,0.0,0.0,2020-01-17 09:36:37.003349,316.2,316.27,0,0.05000000000001137,0.08333225405635858,1,1,0.0,0.00461
292,2020-01-17 09:36:38,N,AAPL,316.2,2.0,316.27,4.0,0.0,3.0,2020-01-17 09:36:38.034975,316.18,316.21,0,0.06999999999999318,0.08343407585789464,1,1,-0.3333333333333333,0.00461
293,2020-01-17 09:36:39,N,AAPL,316.18,2.0,316.21,4.0,0.0,2.0,2020-01-17 09:36:39.165589,316.13,316.19,0,0.029999999999972715,0.08327800532583751,1,-1,-0.3333333333333333,0.00461
294,2020-01-17 09:36:40,N,AAPL,316.13,2.0,316.19,1.0,1.0,-1.0,2020-01-17 09:36:40.346183,316.05,316.09,-1,0.060000000000002274,0.08323779327838565,1,1,0.3333333333333333,0.00461
295,2020-01-17 09:36:41,N,AAPL,316.05,2.0,316.09,1.0,0.0,0.0,2020-01-17 09:36:41.066673,316.06,316.11,0,0.03999999999996362,0.08330657858908808,1,-1,0.3333333333333333,0.00461
296,2020-01-17 09:36:42,N,AAPL,316.06,3.0,316.11,1.0,1.0,-1.0,2020-01-17 09:36:42.085177,316.04,316.09,0,0.05000000000001137,0.08346633240347501,1,1,0.5,0.00461
297,2020-01-17 09:36:43,N,AAPL,316.04,2.0,316.09,1.0,1.0,-1.0,2020-01-17 09:36:43.345800,316.03,316.06,0,0.049999999999954525,0.08356251208556387,1,-1,0.3333333333333333,0.00461
298,2020-01-17 09:36:44,N,AAPL,316.03,2.0,316.06,2.0,0.0,1.0,2020-01-17 09:36:44.026909,316.03,316.08,0,0.03000000000002956,0.08345593333910983,1,-1,0.0,0.00461
299,2020-01-17 09:36:45,N,AAPL,316.03,2.0,316.08,2.0,0.0,1.0,2020-01-17 09:36:45.212961,316.05,316.08,0,0.05000000000001137,0.08340186392388205,1,1,0.0,0.00461
300,2020-01-17 09:36:46,N,AAPL,316.05,4.0,316.08,2.0,2.0,0.0,2020-01-17 09:36:46.300866,316.0,316.06,0,0.029999999999972715,0.08350333524208509,1,-1,0.3333333333333333,0.00461
301,2020-01-17 09:36:47,N,AAPL,316.0,4.0,316.06,1.0,3.0,-5.0,2020-01-17 09:36:47.047482,315.97,316.02,0,0.060000000000002274,0.05762114537441221,1,1,0.6,0.00461
302,2020-01-17 09:36:48,N,AAPL,315.97,2.0,316.02,1.0,1.0,-1.0,2020-01-17 09:36:48.505328,315.92,315.99,0,0.049999999999954525,0.05782743593374562,1,-1,0.3333333333333333,0.00461
303,2020-01-17 09:36:49,N,AAPL,315.92,1.0,315.99,2.0,-1.0,1.0,2020-01-17 09:36:49.325342,315.93,315.97,0,0.06999999999999318,0.05726857174840916,1,1,-0.3333333333333333,0.00461
304,2020-01-17 09:36:51,N,AAPL,315.93,1.0,315.97,2.0,-2.0,0.0,2020-01-17 09:36:51.939937,315.92,315.96,0,0.040000000000020464,0.05651784042993313,1,-1,-0.3333333333333333,0.00461
305,2020-01-17 09:36:52,N,AAPL,315.92,3.0,315.96,1.0,2.0,-1.0,2020-01-17 09:36:52.052194,315.96,315.99,0,0.03999999999996362,0.05669130016815416,1,-1,0.5,0.00461
306,2020-01-17 09:36:53,N,AAPL,315.96,2.0,315.99,4.0,-2.0,2.0,2020-01-17 09:36:53.159681,315.93,315.97,0,0.03000000000002956,0.055971024109567225,1,-1,-0.3333333333333333,0.00461
307,2020-01-17 09:36:54,N,AAPL,315.93,2.0,315.97,2.0,0.0,-3.0,2020-01-17 09:36:54.189168,315.96,315.98,0,0.040000000000020464,0.0557873487056213,1,1,0.0,0.00461
308,2020-01-17 09:36:56,N,AAPL,315.96,1.0,315.98,4.0,-1.0,3.0,2020-01-17 09:36:56.457041,315.89,315.91,-1,0.020000000000038654,0.055563203036172126,1,-1,-0.6,0.00461
309,2020-01-17 09:36:58,N,AAPL,315.89,2.0,315.91,2.0,0.0,-2.0,2020-01-17 09:36:58.076631,315.85,315.89,0,0.020000000000038654,0.05545811171970172,1,1,0.0,0.00461
310,2020-01-17 09:36:59,N,AAPL,315.85,1.0,315.89,2.0,-8.0,1.0,2020-01-17 09:36:59.169658,315.85,315.92,0,0.03999999999996362,0.05496410344744618,1,1,-0.3333333333333333,0.00461
311,2020-01-17 09:37:01,N,AAPL,315.85,2.0,315.92,1.0,1.0,0.0,2020-01-17 09:37:01.036754,315.87,315.92,0,0.06999999999999318,0.05504902740227635,1,1,0.3333333333333333,0.00461
312,2020-01-17 09:37:02,N,AAPL,315.87,2.0,315.92,1.0,0.0,-1.0,2020-01-17 09:37:02.476492,315.91,315.93,0,0.05000000000001137,0.056398528461045316,1,-1,0.3333333333333333,0.00461
313,2020-01-17 09:37:04,N,AAPL,315.91,2.0,315.93,2.0,0.0,1.0,2020-01-17 09:37:04.449476,315.95,315.99,1,0.01999999999998181,0.057038249271954555,1,-1,0.0,0.00461
314,2020-01-17 09:37:05,N,AAPL,315.95,2.0,315.99,2.0,0.0,-2.0,2020-01-17 09:37:05.529066,315.95,316.0,0,0.040000000000020464,0.053579446397804986,1,1,0.0,0.00461
315,2020-01-17 09:37:06,N,AAPL,315.95,2.0,316.0,39.0,0.0,0.0,2020-01-17 09:37:06.012606,316.01,316.06,1,0.05000000000001137,0.04492004740473021,1,1,-0.9024390243902439,0.00461
316,2020-01-17 09:37:07,N,AAPL,316.01,2.0,316.06,2.0,0.0,0.0,2020-01-17 09:37:07.276113,316.02,316.05,0,0.05000000000001137,0.04493528734303709,1,1,0.0,0.00505
317,2020-01-17 09:37:08,N,AAPL,316.02,1.0,316.05,2.0,0.0,0.0,2020-01-17 09:37:08.016892,316.1,316.13,1,0.03000000000002956,0.044707012282117375,1,-1,-0.3333333333333333,0.00505
318,2020-01-17 09:37:09,N,AAPL,316.1,4.0,316.13,1.0,2.0,0.0,2020-01-17 09:37:09.258819,316.08,316.13,0,0.029999999999972715,0.044503471491736946,1,-1,0.6,0.00505
319,2020-01-17 09:37:10,N,AAPL,316.08,1.0,316.13,2.0,0.0,0.0,2020-01-17 09:37:10.013525,316.07,316.1,0,0.05000000000001137,0.04431074035471738,1,1,-0.3333333333333333,0.00505
320,2020-01-17 09:37:11,N,AAPL,316.07,2.0,316.1,2.0,1.0,-1.0,2020-01-17 09:37:11.077474,316.03,316.06,-1,0.03000000000002956,0.04423881520199302,1,-1,0.0,0.00505
321,2020-01-17 09:37:12,N,AAPL,316.03,3.0,316.06,1.0,2.0,-4.0,2020-01-17 09:37:12.339321,316.06,316.09,0,0.03000000000002956,0.044474606181779563,1,1,0.5,0.00505
322,2020-01-17 09:37:16,N,AAPL,316.06,4.0,316.09,2.0,1.0,1.0,2020-01-17 09:37:16.077711,316.11,316.12,1,0.029999999999972715,0.04447605165421464,1,-1,0.3333333333333333,0.00505
323,2020-01-17 09:37:17,N,AAPL,316.11,2.0,316.12,6.0,-1.0,5.0,2020-01-17 09:37:17.272290,316.1,316.12,0,0.009999999999990905,0.044255240011864316,1,-1,-0.5,0.00505
324,2020-01-17 09:37:18,N,AAPL,316.1,3.0,316.12,5.0,-1.0,0.0,2020-01-17 09:37:18.098799,316.06,316.1,0,0.01999999999998181,0.04411456320696061,1,1,-0.25,0.00505
325,2020-01-17 09:37:19,N,AAPL,316.06,4.0,316.1,2.0,3.0,-2.0,2020-01-17 09:37:19.357246,316.05,316.1,0,0.040000000000020464,0.04417276720363361,1,1,0.3333333333333333,0.00505
326,2020-01-17 09:37:20,N,AAPL,316.05,14.0,316.1,2.0,13.0,0.0,2020-01-17 09:37:20.108056,316.03,316.06,0,0.05000000000001137,0.04494848083447778,1,1,0.75,0.00505
327,2020-01-17 09:37:21,N,AAPL,316.03,3.0,316.06,4.0,-11.0,0.0,2020-01-17 09:37:21.037842,316.0,316.03,0,0.03000000000002956,0.04505035971237703,1,-1,-0.14285714285714285,0.00505
328,2020-01-17 09:37:22,N,AAPL,316.0,3.0,316.03,2.0,0.0,0.0,2020-01-17 09:37:22.043539,315.98,316.02,0,0.029999999999972715,0.04478435709279438,1,-1,0.2,0.00505
329,2020-01-17 09:37:23,N,AAPL,315.98,2.0,316.02,1.0,-2.0,0.0,2020-01-17 09:37:23.006544,316.04,316.08,1,0.03999999999996362,0.04571113040867658,1,1,0.3333333333333333,0.00505
330,2020-01-17 09:37:24,N,AAPL,316.04,1.0,316.08,1.0,-1.0,0.0,2020-01-17 09:37:24.384739,316.02,316.05,0,0.03999999999996362,0.04534244086300987,1,1,0.0,0.00505
331,2020-01-17 09:37:25,N,AAPL,316.02,1.0,316.05,4.0,-1.0,3.0,2020-01-17 09:37:25.643935,316.02,316.05,0,0.03000000000002956,0.04661087768448624,1,-1,-0.6,0.00505
332,2020-01-17 09:37:26,N,AAPL,316.02,1.0,316.05,4.0,0.0,-1.0,2020-01-17 09:37:26.060412,315.95,316.0,-1,0.03000000000002956,0.04497086595796418,1,1,-0.6,0.00505
333,2020-01-17 09:37:27,N,AAPL,315.95,1.0,316.0,2.0,-1.0,0.0,2020-01-17 09:37:27.133239,315.95,316.01,0,0.05000000000001137,0.04475047122008391,1,1,-0.3333333333333333,0.00505
334,2020-01-17 09:37:28,N,AAPL,315.95,2.0,316.01,3.0,0.0,2.0,2020-01-17 09:37:28.206643,316.02,316.05,1,0.060000000000002274,0.04463785552422905,1,1,-0.2,0.00505
335,2020-01-17 09:37:29,N,AAPL,316.02,4.0,316.05,1.0,2.0,0.0,2020-01-17 09:37:29.552571,316.03,316.06,0,0.03000000000002956,0.04430053063202877,1,-1,0.6,0.00505
336,2020-01-17 09:37:30,N,AAPL,316.03,2.0,316.06,1.0,1.0,-2.0,2020-01-17 09:37:30.115251,316.01,316.05,0,0.03000000000002956,0.04496297362027235,1,1,0.3333333333333333,0.00505
337,2020-01-17 09:37:31,N,AAPL,316.01,2.0,316.05,4.0,0.0,2.0,2020-01-17 09:37:31.012196,316.02,316.04,0,0.040000000000020464,0.04412629130933965,1,1,-0.3333333333333333,0.00505
338,2020-01-17 09:37:32,N,AAPL,316.02,2.0,316.04,4.0,1.0,1.0,2020-01-17 09:37:32.053741,315.98,316.03,0,0.020000000000038654,0.043628175830065175,1,-1,-0.3333333333333333,0.00505
339,2020-01-17 09:37:33,N,AAPL,315.98,1.0,316.03,2.0,-4.0,-2.0,2020-01-17 09:37:33.060457,315.99,316.06,0,0.049999999999954525,0.04406505128406479,1,1,-0.3333333333333333,0.00505
340,2020-01-17 09:37:34,N,AAPL,315.99,2.0,316.06,2.0,0.0,-1.0,2020-01-17 09:37:34.119215,315.99,316.01,0,0.06999999999999318,0.045348849001129565,1,1,0.0,0.00505
341,2020-01-17 09:37:36,N,AAPL,315.99,2.0,316.01,2.0,0.0,-22.0,2020-01-17 09:37:36.174199,315.93,315.98,-1,0.01999999999998181,0.0440508517670537,1,-1,0.0,0.00505
342,2020-01-17 09:37:37,N,AAPL,315.93,2.0,315.98,1.0,0.0,0.0,2020-01-17 09:37:37.395161,315.93,315.98,0,0.05000000000001137,0.04634335732538375,1,1,0.3333333333333333,0.00505
343,2020-01-17 09:37:38,N,AAPL,315.93,2.0,315.98,1.0,0.0,0.0,2020-01-17 09:37:38.028478,315.91,315.95,0,0.05000000000001137,0.04659678897917274,1,1,0.3333333333333333,0.00505
344,2020-01-17 09:37:39,N,AAPL,315.91,2.0,315.95,1.0,0.0,0.0,2020-01-17 09:37:39.001997,315.9,315.94,0,0.03999999999996362,0.047544182621550135,1,-1,0.3333333333333333,0.00505
345,2020-01-17 09:37:40,N,AAPL,315.9,1.0,315.94,4.0,0.0,2.0,2020-01-17 09:37:40.540613,315.92,315.94,0,0.040000000000020464,0.047649765466132976,1,1,-0.6,0.00505
346,2020-01-17 09:37:41,N,AAPL,315.92,3.0,315.94,4.0,2.0,2.0,2020-01-17 09:37:41.389506,315.94,315.98,0,0.01999999999998181,0.04668621700886888,1,-1,-0.14285714285714285,0.00505
347,2020-01-17 09:37:42,N,AAPL,315.94,3.0,315.98,2.0,0.0,1.0,2020-01-17 09:37:42.035254,315.95,315.98,0,0.040000000000020464,0.045749969893449816,1,1,0.2,0.00505
348,2020-01-17 09:37:43,N,AAPL,315.95,3.0,315.98,2.0,0.0,0.0,2020-01-17 09:37:43.236241,315.94,315.98,0,0.03000000000002956,0.04662376102049848,1,-1,0.2,0.00505
349,2020-01-17 09:37:44,N,AAPL,315.94,1.0,315.98,1.0,-2.0,-1.0,2020-01-17 09:37:44.416460,315.96,315.98,0,0.040000000000020464,0.047890235633133216,1,1,0.0,0.00505
350,2020-01-17 09:37:45,N,AAPL,315.96,1.0,315.98,2.0,-1.0,0.0,2020-01-17 09:37:45.581911,315.96,315.99,0,0.020000000000038654,0.047571400762592475,1,-1,-0.3333333333333333,0.00505
351,2020-01-17 09:37:46,N,AAPL,315.96,1.0,315.99,1.0,0.0,-1.0,2020-01-17 09:37:46.053920,315.96,316.0,0,0.03000000000002956,0.04682420945255217,1,1,0.0,0.00505
352,2020-01-17 09:37:47,N,AAPL,315.96,3.0,316.0,3.0,2.0,2.0,2020-01-17 09:37:47.899644,316.05,316.07,1,0.040000000000020464,0.047380293431899645,1,1,0.0,0.00505
353,2020-01-17 09:37:48,N,AAPL,316.05,4.0,316.07,2.0,3.0,-22.0,2020-01-17 09:37:48.429175,316.0,316.06,0,0.01999999999998181,0.049533789880115364,1,-1,0.3333333333333333,0.00505
354,2020-01-17 09:37:50,N,AAPL,316.0,3.0,316.06,2.0,1.0,0.0,2020-01-17 09:37:50.892092,316.0,316.04,0,0.060000000000002274,0.05035375594428615,1,1,0.2,0.00505
355,2020-01-17 09:37:51,N,AAPL,316.0,3.0,316.04,1.0,2.0,-1.0,2020-01-17 09:37:51.513200,316.0,316.05,0,0.040000000000020464,0.05133340907849515,1,-1,0.5,0.00505
356,2020-01-17 09:37:53,N,AAPL,316.0,1.0,316.05,2.0,-1.0,-2.0,2020-01-17 09:37:53.825275,316.0,316.03,0,0.05000000000001137,0.05172850415965513,1,1,-0.3333333333333333,0.00539
357,2020-01-17 09:37:54,N,AAPL,316.0,1.0,316.03,4.0,0.0,2.0,2020-01-17 09:37:54.039730,316.01,316.04,0,0.029999999999972715,0.050652632683011234,1,-1,-0.6,0.00539
358,2020-01-17 09:37:55,N,AAPL,316.01,2.0,316.04,5.0,1.0,1.0,2020-01-17 09:37:55.842416,315.98,316.02,0,0.03000000000002956,0.04881224462400269,1,1,-0.42857142857142855,0.00539
359,2020-01-17 09:37:56,N,AAPL,315.98,1.0,316.02,2.0,0.0,0.0,2020-01-17 09:37:56.191192,315.98,316.02,0,0.03999999999996362,0.048586156483168,1,1,-0.3333333333333333,0.00539
360,2020-01-17 09:37:58,N,AAPL,315.98,2.0,316.02,4.0,1.0,2.0,2020-01-17 09:37:58.075495,315.95,315.98,0,0.03999999999996362,0.04812941335086407,1,1,-0.3333333333333333,0.00539
361,2020-01-17 09:37:59,N,AAPL,315.95,4.0,315.98,2.0,1.0,-2.0,2020-01-17 09:37:59.132131,315.95,315.98,0,0.03000000000002956,0.049081610757525596,1,-1,0.3333333333333333,0.00539
362,2020-01-17 09:38:01,N,AAPL,315.95,3.0,315.98,4.0,-1.0,2.0,2020-01-17 09:38:01.240920,315.91,315.95,0,0.03000000000002956,0.04872261729485672,1,1,-0.14285714285714285,0.00539
363,2020-01-17 09:38:02,N,AAPL,315.91,4.0,315.95,4.0,1.0,2.0,2020-01-17 09:38:02.379540,315.92,315.97,0,0.03999999999996362,0.04864196915610819,1,1,0.0,0.00539
364,2020-01-17 09:38:03,N,AAPL,315.92,4.0,315.97,2.0,-3.0,0.0,2020-01-17 09:38:03.010397,316.01,316.05,1,0.05000000000001137,0.04854710615984459,1,1,0.3333333333333333,0.00539
365,2020-01-17 09:38:04,N,AAPL,316.01,3.0,316.05,5.0,0.0,1.0,2020-01-17 09:38:04.028518,316.01,316.06,0,0.040000000000020464,0.048071374780363385,1,-1,-0.25,0.00539
366,2020-01-17 09:38:05,N,AAPL,316.01,2.0,316.06,3.0,0.0,2.0,2020-01-17 09:38:05.214274,315.97,316.0,-1,0.05000000000001137,0.04776174951439316,1,1,-0.2,0.00539
367,2020-01-17 09:38:06,N,AAPL,315.97,1.0,316.0,1.0,0.0,-1.0,2020-01-17 09:38:06.003059,315.99,316.01,0,0.029999999999972715,0.04775390403091251,1,-1,0.0,0.00539
368,2020-01-17 09:38:07,N,AAPL,315.99,1.0,316.01,1.0,0.0,0.0,2020-01-17 09:38:07.120201,315.99,316.03,0,0.01999999999998181,0.04773968253971361,1,-1,0.0,0.00539
369,2020-01-17 09:38:09,N,AAPL,315.99,3.0,316.03,4.0,1.0,2.0,2020-01-17 09:38:09.591911,315.99,316.02,0,0.03999999999996362,0.04768923906510736,1,1,-0.14285714285714285,0.00539
370,2020-01-17 09:38:11,N,AAPL,315.99,3.0,316.02,5.0,0.0,1.0,2020-01-17 09:38:11.998842,315.98,316.02,0,0.029999999999972715,0.047263272223233344,1,-1,-0.25,0.00539
371,2020-01-17 09:38:12,N,AAPL,315.98,2.0,316.02,4.0,1.0,0.0,2020-01-17 09:38:12.019420,315.94,315.98,0,0.03999999999996362,0.0463266560417992,1,1,-0.3333333333333333,0.00539
372,2020-01-17 09:38:13,N,AAPL,315.94,2.0,315.98,1.0,1.0,-3.0,2020-01-17 09:38:13.082143,315.94,315.98,0,0.040000000000020464,0.04653256867862865,1,1,0.3333333333333333,0.00539
373,2020-01-17 09:38:14,N,AAPL,315.94,2.0,315.98,2.0,0.0,1.0,2020-01-17 09:38:14.209118,315.96,316.0,0,0.040000000000020464,0.0464651441592423,1,1,0.0,0.00539
374,2020-01-17 09:38:15,N,AAPL,315.96,1.0,316.0,2.0,-1.0,1.0,2020-01-17 09:38:15.108233,315.95,315.98,0,0.040000000000020464,0.04714379950041803,1,1,-0.3333333333333333,0.00539
375,2020-01-17 09:38:16,N,AAPL,315.95,2.0,315.98,2.0,0.0,-3.0,2020-01-17 09:38:16.104940,315.98,316.0,0,0.03000000000002956,0.04751720982733332,1,-1,0.0,0.00539
376,2020-01-17 09:38:17,N,AAPL,315.98,1.0,316.0,2.0,-1.0,0.0,2020-01-17 09:38:17.071409,315.95,316.01,0,0.01999999999998181,0.04712116930221555,1,-1,-0.3333333333333333,0.00539
377,2020-01-17 09:38:18,N,AAPL,315.95,3.0,316.01,4.0,2.0,3.0,2020-01-17 09:38:18.008323,316.01,316.03,0,0.060000000000002274,0.04731645801319928,1,1,-0.14285714285714285,0.00539
378,2020-01-17 09:38:19,N,AAPL,316.01,2.0,316.03,2.0,1.0,1.0,2020-01-17 09:38:19.447664,316.01,316.04,0,0.01999999999998181,0.04757049467411889,1,-1,0.0,0.00539
379,2020-01-17 09:38:20,N,AAPL,316.01,1.0,316.04,1.0,-1.0,0.0,2020-01-17 09:38:20.337928,315.97,316.02,0,0.03000000000002956,0.047431457431514445,1,1,0.0,0.00539
380,2020-01-17 09:38:21,N,AAPL,315.97,2.0,316.02,1.0,1.0,0.0,2020-01-17 09:38:21.077121,315.99,316.04,0,0.049999999999954525,0.047389074569878176,1,1,0.3333333333333333,0.00539
381,2020-01-17 09:38:22,N,AAPL,315.99,2.0,316.04,2.0,-1.0,0.0,2020-01-17 09:38:22.379038,316.01,316.05,0,0.05000000000001137,0.04688752255441386,1,1,0.0,0.00539
382,2020-01-17 09:38:25,N,AAPL,316.01,4.0,316.05,2.0,3.0,1.0,2020-01-17 09:38:25.151074,316.01,316.05,0,0.040000000000020464,0.046125678930081904,1,-1,0.3333333333333333,0.00539
383,2020-01-17 09:38:26,N,AAPL,316.01,1.0,316.05,3.0,0.0,2.0,2020-01-17 09:38:26.057653,316.01,316.03,0,0.040000000000020464,0.04578047503287053,1,1,-0.5,0.00539
384,2020-01-17 09:38:27,N,AAPL,316.01,1.0,316.03,1.0,0.0,-1.0,2020-01-17 09:38:27.681982,316.0,316.05,0,0.01999999999998181,0.04579569520581117,1,-1,0.0,0.00539
385,2020-01-17 09:38:28,N,AAPL,316.0,1.0,316.05,3.0,0.0,2.0,2020-01-17 09:38:28.474777,316.02,316.05,0,0.05000000000001137,0.04537104796861513,1,1,-0.5,0.00539
386,2020-01-17 09:38:29,N,AAPL,316.02,2.0,316.05,3.0,1.0,0.0,2020-01-17 09:38:29.333847,315.97,316.01,-1,0.03000000000002956,0.04500989782872011,1,-1,-0.2,0.00539
387,2020-01-17 09:38:31,N,AAPL,315.97,2.0,316.01,10.0,-3.0,8.0,2020-01-17 09:38:31.458287,315.96,316.0,0,0.03999999999996362,0.04343699396736156,1,1,-0.6666666666666666,0.00539
388,2020-01-17 09:38:32,N,AAPL,315.96,1.0,316.0,3.0,-1.0,1.0,2020-01-17 09:38:32.536011,315.95,315.98,0,0.040000000000020464,0.042939340548628024,1,1,-0.5,0.00539
389,2020-01-17 09:38:33,N,AAPL,315.95,1.0,315.98,2.0,-1.0,0.0,2020-01-17 09:38:33.697518,315.91,315.96,0,0.03000000000002956,0.042754268620115,1,-1,-0.3333333333333333,0.00539
390,2020-01-17 09:38:34,N,AAPL,315.91,1.0,315.96,2.0,-10.0,0.0,2020-01-17 09:38:34.059208,315.91,315.96,0,0.049999999999954525,0.04247366317463275,1,1,-0.3333333333333333,0.00539
391,2020-01-17 09:38:35,N,AAPL,315.91,3.0,315.96,2.0,1.0,0.0,2020-01-17 09:38:35.000668,315.92,315.95,0,0.049999999999954525,0.042757108287901247,1,1,0.2,0.00539
392,2020-01-17 09:38:36,N,AAPL,315.92,4.0,315.95,1.0,3.0,0.0,2020-01-17 09:38:36.654736,315.93,315.96,0,0.029999999999972715,0.04292932089822443,1,-1,0.6,0.00539
393,2020-01-17 09:38:37,N,AAPL,315.93,1.0,315.96,5.0,0.0,4.0,2020-01-17 09:38:37.287593,315.96,315.99,0,0.029999999999972715,0.04175205488041911,1,1,-0.6666666666666666,0.00539
394,2020-01-17 09:38:41,N,AAPL,315.96,5.0,315.99,2.0,4.0,1.0,2020-01-17 09:38:41.686801,315.99,316.0,0,0.03000000000002956,0.04222492171476233,1,1,0.42857142857142855,0.00539
395,2020-01-17 09:38:43,N,AAPL,315.99,6.0,316.0,3.0,2.0,-1.0,2020-01-17 09:38:43.723023,315.99,316.0,0,0.009999999999990905,0.0420855205259727,1,-1,0.3333333333333333,0.00569
396,2020-01-17 09:38:44,N,AAPL,315.99,3.0,316.0,2.0,-3.0,-1.0,2020-01-17 09:38:44.339818,315.99,316.0,0,0.009999999999990905,0.04197373917003233,1,1,0.2,0.00569
397,2020-01-17 09:38:46,N,AAPL,315.99,2.0,316.0,4.0,1.0,0.0,2020-01-17 09:38:46.207394,316.0,316.04,0,0.009999999999990905,0.04117361392144403,1,1,-0.3333333333333333,0.00569
398,2020-01-17 09:38:47,N,AAPL,316.0,1.0,316.04,4.0,-3.0,2.0,2020-01-17 09:38:47.126166,316.0,316.03,0,0.040000000000020464,0.040446505039938074,1,1,-0.6,0.00569
399,2020-01-17 09:38:49,N,AAPL,316.0,3.0,316.03,1.0,1.0,-1.0,2020-01-17 09:38:49.194728,315.91,315.95,-1,0.029999999999972715,0.04064404818529965,1,-1,0.5,0.00569
400,2020-01-17 09:38:51,N,AAPL,315.91,2.0,315.95,4.0,1.0,2.0,2020-01-17 09:38:51.469397,315.9,315.95,0,0.03999999999996362,0.04017836131441754,1,1,-0.3333333333333333,0.00569
401,2020-01-17 09:38:52,N,AAPL,315.9,6.0,315.95,4.0,5.0,2.0,2020-01-17 09:38:52.220240,315.9,315.93,0,0.05000000000001137,0.040694890315705834,1,1,0.2,0.00569
402,2020-01-17 09:38:53,N,AAPL,315.9,6.0,315.93,2.0,0.0,-1.0,2020-01-17 09:38:53.043306,315.89,315.93,0,0.03000000000002956,0.041535548113927234,1,-1,0.5,0.00569
403,2020-01-17 09:38:54,N,AAPL,315.89,2.0,315.93,1.0,1.0,0.0,2020-01-17 09:38:54.174694,315.86,315.87,-1,0.040000000000020464,0.04163960031280567,1,1,0.3333333333333333,0.00569
404,2020-01-17 09:38:55,N,AAPL,315.86,2.0,315.87,4.0,-3.0,2.0,2020-01-17 09:38:55.218923,315.82,315.85,-1,0.009999999999990905,0.04075241667868568,1,-1,-0.3333333333333333,0.00569
405,2020-01-17 09:38:56,N,AAPL,315.82,4.0,315.85,4.0,3.0,2.0,2020-01-17 09:38:56.840299,315.84,315.85,0,0.03000000000002956,0.04054026804175237,1,1,0.0,0.00569
406,2020-01-17 09:39:00,N,AAPL,315.84,4.0,315.85,1.0,0.0,-3.0,2020-01-17 09:39:00.613033,315.85,315.88,0,0.010000000000047748,0.041451813498269985,1,-1,0.6,0.00569
407,2020-01-17 09:39:01,N,AAPL,315.85,4.0,315.88,3.0,0.0,2.0,2020-01-17 09:39:01.334656,315.86,315.89,0,0.029999999999972715,0.04173075400905191,1,1,0.14285714285714285,0.00569
408,2020-01-17 09:39:02,N,AAPL,315.86,1.0,315.89,2.0,-1.0,1.0,2020-01-17 09:39:02.506736,315.81,315.83,-1,0.029999999999972715,0.041155992294761745,1,1,-0.3333333333333333,0.00569
409,2020-01-17 09:39:03,N,AAPL,315.81,1.0,315.83,4.0,0.0,3.0,2020-01-17 09:39:03.608305,315.81,315.84,0,0.01999999999998181,0.039816401080258856,1,-1,-0.6,0.00569
410,2020-01-17 09:39:04,N,AAPL,315.81,1.0,315.84,2.0,0.0,-2.0,2020-01-17 09:39:04.069685,315.75,315.76,-1,0.029999999999972715,0.0393571428571704,1,1,-0.3333333333333333,0.00569
411,2020-01-17 09:39:05,N,AAPL,315.75,1.0,315.76,5.0,-2.0,4.0,2020-01-17 09:39:05.048479,315.74,315.79,0,0.009999999999990905,0.03724860868481983,1,-1,-0.6666666666666666,0.00569
412,2020-01-17 09:39:06,N,AAPL,315.74,1.0,315.79,3.0,0.0,0.0,2020-01-17 09:39:06.362710,315.67,315.71,-1,0.05000000000001137,0.03620248005825033,1,1,-0.5,0.00569
413,2020-01-17 09:39:07,N,AAPL,315.67,2.0,315.71,4.0,1.0,2.0,2020-01-17 09:39:07.035761,315.65,315.69,0,0.03999999999996362,0.03500295911686635,1,-1,-0.3333333333333333,0.00569
414,2020-01-17 09:39:08,N,AAPL,315.65,1.0,315.69,4.0,-1.0,2.0,2020-01-17 09:39:08.500984,315.61,315.66,0,0.040000000000020464,0.03312312135102502,1,1,-0.6,0.00569
415,2020-01-17 09:39:09,N,AAPL,315.61,2.0,315.66,3.0,-1.0,1.0,2020-01-17 09:39:09.027479,315.58,315.63,0,0.05000000000001137,0.03215585884106531,1,1,-0.2,0.00569
416,2020-01-17 09:39:10,N,AAPL,315.58,2.0,315.63,1.0,0.0,-1.0,2020-01-17 09:39:10.022464,315.64,315.67,1,0.05000000000001137,0.032723294957008875,1,1,0.3333333333333333,0.00569
417,2020-01-17 09:39:12,N,AAPL,315.64,2.0,315.67,2.0,1.0,0.0,2020-01-17 09:39:12.980852,315.64,315.7,0,0.03000000000002956,0.03248174547996996,1,-1,0.0,0.00569
418,2020-01-17 09:39:13,N,AAPL,315.64,2.0,315.7,4.0,1.0,0.0,2020-01-17 09:39:13.034484,315.66,315.74,0,0.060000000000002274,0.03144511570178565,1,1,-0.3333333333333333,0.00569
419,2020-01-17 09:39:14,N,AAPL,315.66,1.0,315.74,2.0,-2.0,1.0,2020-01-17 09:39:14.660842,315.69,315.75,0,0.07999999999998408,0.03085716825705731,1,1,-0.3333333333333333,0.00569
420,2020-01-17 09:39:15,N,AAPL,315.69,2.0,315.75,1.0,1.0,0.0,2020-01-17 09:39:15.175870,315.7,315.78,0,0.060000000000002274,0.030996822509337107,1,-1,0.3333333333333333,0.00569
421,2020-01-17 09:39:16,N,AAPL,315.7,1.0,315.78,2.0,0.0,1.0,2020-01-17 09:39:16.056407,315.71,315.77,0,0.07999999999998408,0.030155233938103265,1,1,-0.3333333333333333,0.00569
422,2020-01-17 09:39:17,N,AAPL,315.71,2.0,315.77,4.0,0.0,-4.0,2020-01-17 09:39:17.211834,315.68,315.73,0,0.060000000000002274,0.028894157736942816,1,-1,-0.3333333333333333,0.00569
423,2020-01-17 09:39:18,N,AAPL,315.68,2.0,315.73,2.0,0.0,-2.0,2020-01-17 09:39:18.027589,315.65,315.69,0,0.05000000000001137,0.028514056393021292,1,-1,0.0,0.00569
424,2020-01-17 09:39:19,N,AAPL,315.65,1.0,315.69,1.0,-4.0,-3.0,2020-01-17 09:39:19.608936,315.68,315.72,0,0.040000000000020464,0.028440205644756134,1,-1,0.0,0.00569
425,2020-01-17 09:39:20,N,AAPL,315.68,2.0,315.72,1.0,0.0,-4.0,2020-01-17 09:39:20.028912,315.68,315.75,0,0.040000000000020464,0.0290150246564167,1,1,0.3333333333333333,0.00569
426,2020-01-17 09:39:21,N,AAPL,315.68,2.0,315.75,2.0,0.0,0.0,2020-01-17 09:39:21.056579,315.72,315.76,0,0.06999999999999318,0.029271106902399424,1,1,0.0,0.00569
427,2020-01-17 09:39:22,N,AAPL,315.72,1.0,315.76,4.0,-1.0,3.0,2020-01-17 09:39:22.208951,315.68,315.75,0,0.03999999999996362,0.027923546196632287,1,-1,-0.6,0.00569
428,2020-01-17 09:39:23,N,AAPL,315.68,1.0,315.75,1.0,0.0,-4.0,2020-01-17 09:39:23.014647,315.69,315.75,0,0.06999999999999318,0.02742395206519177,1,1,0.0,0.00569
429,2020-01-17 09:39:24,N,AAPL,315.69,1.0,315.75,3.0,-1.0,1.0,2020-01-17 09:39:24.023909,315.68,315.74,0,0.060000000000002274,0.026733048838309514,1,-1,-0.5,0.00569
430,2020-01-17 09:39:25,N,AAPL,315.68,2.0,315.74,4.0,1.0,2.0,2020-01-17 09:39:25.530453,315.68,315.74,0,0.060000000000002274,0.026083518577365794,1,1,-0.3333333333333333,0.00569
431,2020-01-17 09:39:26,N,AAPL,315.68,1.0,315.74,1.0,0.0,0.0,2020-01-17 09:39:26.250644,315.68,315.72,0,0.060000000000002274,0.02581690006070403,1,1,0.0,0.00569
432,2020-01-17 09:39:27,N,AAPL,315.68,1.0,315.72,6.0,0.0,4.0,2020-01-17 09:39:27.222490,315.67,315.71,0,0.040000000000020464,0.022996081753831277,1,-1,-0.7142857142857143,0.00569
433,2020-01-17 09:39:28,N,AAPL,315.67,1.0,315.71,2.0,0.0,1.0,2020-01-17 09:39:28.008733,315.75,315.77,1,0.03999999999996362,0.022184129429945187,1,-1,-0.3333333333333333,0.00569
434,2020-01-17 09:39:31,N,AAPL,315.75,1.0,315.77,2.0,-1.0,1.0,2020-01-17 09:39:31.127395,315.78,315.83,1,0.01999999999998181,0.02150917111691797,1,-1,-0.3333333333333333,0.00578
435,2020-01-17 09:39:32,N,AAPL,315.78,4.0,315.83,2.0,2.0,1.0,2020-01-17 09:39:32.002915,315.82,315.84,0,0.05000000000001137,0.022325310475707738,1,1,0.3333333333333333,0.00578
436,2020-01-17 09:39:33,N,AAPL,315.82,1.0,315.84,2.0,-1.0,1.0,2020-01-17 09:39:33.516856,315.82,315.84,0,0.01999999999998181,0.021841273668258054,1,-1,-0.3333333333333333,0.00578
437,2020-01-17 09:39:34,N,AAPL,315.82,1.0,315.84,2.0,-1.0,0.0,2020-01-17 09:39:34.114322,315.75,315.77,-1,0.01999999999998181,0.021403816182726132,1,1,-0.3333333333333333,0.00578
438,2020-01-17 09:39:36,N,AAPL,315.75,2.0,315.77,2.0,1.0,1.0,2020-01-17 09:39:36.032762,315.77,315.82,0,0.01999999999998181,0.02163075209023191,1,1,0.0,0.00578
439,2020-01-17 09:39:37,N,AAPL,315.77,2.0,315.82,2.0,1.0,0.0,2020-01-17 09:39:37.071006,315.79,315.83,0,0.05000000000001137,0.0217324932634142,1,1,0.0,0.00578
440,2020-01-17 09:39:38,N,AAPL,315.79,1.0,315.83,1.0,-1.0,-1.0,2020-01-17 09:39:38.174851,315.79,315.83,0,0.03999999999996362,0.021661282650086378,1,-1,0.0,0.00578
441,2020-01-17 09:39:39,N,AAPL,315.79,1.0,315.83,4.0,0.0,1.0,2020-01-17 09:39:39.012646,315.8,315.84,0,0.03999999999996362,0.02090339041689049,1,1,-0.6,0.00578
442,2020-01-17 09:39:40,N,AAPL,315.8,2.0,315.84,1.0,-1.0,0.0,2020-01-17 09:39:40.313302,315.77,315.82,0,0.03999999999996362,0.021683838738681516,1,1,0.3333333333333333,0.00578
443,2020-01-17 09:39:41,N,AAPL,315.77,2.0,315.82,2.0,1.0,1.0,2020-01-17 09:39:41.607467,315.75,315.78,0,0.05000000000001137,0.021653795107283713,1,1,0.0,0.00578
444,2020-01-17 09:39:42,N,AAPL,315.75,18.0,315.78,1.0,17.0,-11.0,2020-01-17 09:39:42.053045,315.81,315.83,1,0.029999999999972715,0.02926889746561301,1,-1,0.8947368421052632,0.00578
445,2020-01-17 09:39:43,N,AAPL,315.81,5.0,315.83,1.0,3.0,0.0,2020-01-17 09:39:43.476859,315.82,315.84,0,0.01999999999998181,0.030898998569398373,1,-1,0.6666666666666666,0.00578
446,2020-01-17 09:39:44,N,AAPL,315.82,3.0,315.84,10.0,0.0,9.0,2020-01-17 09:39:44.922377,315.87,315.9,1,0.01999999999998181,0.02855130902412384,1,1,-0.5384615384615384,0.00578
447,2020-01-17 09:39:45,N,AAPL,315.87,2.0,315.9,2.0,-2.0,-2.0,2020-01-17 09:39:45.035893,315.84,315.89,0,0.029999999999972715,0.0285509840491045,1,1,0.0,0.00578
448,2020-01-17 09:39:46,N,AAPL,315.84,3.0,315.89,2.0,2.0,0.0,2020-01-17 09:39:46.002468,315.85,315.89,0,0.05000000000001137,0.02891812901987123,1,1,0.2,0.00578
449,2020-01-17 09:39:48,N,AAPL,315.85,2.0,315.89,1.0,-1.0,-1.0,2020-01-17 09:39:48.032901,315.84,315.88,0,0.03999999999996362,0.02915003135075267,1,-1,0.3333333333333333,0.00578
450,2020-01-17 09:39:49,N,AAPL,315.84,1.0,315.88,3.0,0.0,1.0,2020-01-17 09:39:49.158978,315.84,315.88,0,0.040000000000020464,0.02856185983046089,1,1,-0.5,0.00578
451,2020-01-17 09:39:50,N,AAPL,315.84,1.0,315.88,1.0,0.0,0.0,2020-01-17 09:39:50.058796,315.86,315.92,0,0.040000000000020464,0.02854627942389243,1,1,0.0,0.00578
452,2020-01-17 09:39:51,N,AAPL,315.86,2.0,315.92,4.0,0.0,3.0,2020-01-17 09:39:51.026598,315.88,315.92,0,0.060000000000002274,0.028132435908105435,1,1,-0.3333333333333333,0.00578
453,2020-01-17 09:39:52,N,AAPL,315.88,1.0,315.92,1.0,-1.0,-1.0,2020-01-17 09:39:52.106218,315.89,315.93,0,0.040000000000020464,0.02811746038344154,1,-1,0.0,0.00578
454,2020-01-17 09:39:53,N,AAPL,315.89,2.0,315.93,2.0,1.0,1.0,2020-01-17 09:39:53.268333,315.87,315.92,0,0.040000000000020464,0.028211060480543892,1,1,0.0,0.00578
455,2020-01-17 09:39:54,N,AAPL,315.87,2.0,315.92,2.0,-2.0,0.0,2020-01-17 09:39:54.243060,315.89,315.93,0,0.05000000000001137,0.02804756881977255,1,1,0.0,0.00578
456,2020-01-17 09:39:55,N,AAPL,315.89,3.0,315.93,2.0,-1.0,0.0,2020-01-17 09:39:55.134283,315.9,315.93,0,0.040000000000020464,0.0283342282433523,1,-1,0.2,0.00578
457,2020-01-17 09:39:57,N,AAPL,315.9,1.0,315.93,1.0,0.0,0.0,2020-01-17 09:39:57.143245,315.91,315.95,0,0.03000000000002956,0.028622086501286503,1,-1,0.0,0.00578
458,2020-01-17 09:39:58,N,AAPL,315.91,5.0,315.95,4.0,4.0,3.0,2020-01-17 09:39:58.422844,315.92,315.95,0,0.03999999999996362,0.029006658387459083,1,1,0.1111111111111111,0.00578
459,2020-01-17 09:39:59,N,AAPL,315.92,1.0,315.95,3.0,-4.0,-1.0,2020-01-17 09:39:59.244224,315.9,315.94,0,0.029999999999972715,0.028887392019782965,1,-1,-0.5,0.00578
460,2020-01-17 09:40:00,N,AAPL,315.9,10.0,315.94,4.0,7.0,2.0,2020-01-17 09:40:00.001253,315.9,315.96,0,0.040000000000020464,0.030691881056156944,1,1,0.42857142857142855,0.00578
461,2020-01-17 09:40:01,N,AAPL,315.9,2.0,315.96,2.0,1.0,0.0,2020-01-17 09:40:01.803892,315.91,315.97,0,0.060000000000002274,0.02900174435757208,1,1,0.0,0.00578
462,2020-01-17 09:40:02,N,AAPL,315.91,4.0,315.97,1.0,0.0,-1.0,2020-01-17 09:40:02.304549,315.91,315.95,0,0.060000000000002274,0.03041819536804269,1,1,0.6,0.00578
463,2020-01-17 09:40:03,N,AAPL,315.91,3.0,315.95,1.0,-1.0,0.0,2020-01-17 09:40:03.385385,315.91,315.93,0,0.03999999999996362,0.030206104503690767,1,-1,0.5,0.00578
464,2020-01-17 09:40:04,N,AAPL,315.91,3.0,315.93,4.0,-1.0,3.0,2020-01-17 09:40:04.063674,315.85,315.9,-1,0.01999999999998181,0.02998726408912944,1,-1,-0.14285714285714285,0.00578
465,2020-01-17 09:40:05,N,AAPL,315.85,2.0,315.9,1.0,0.0,-1.0,2020-01-17 09:40:05.182029,315.86,315.92,0,0.049999999999954525,0.030027310451941958,1,1,0.3333333333333333,0.00578
466,2020-01-17 09:40:06,N,AAPL,315.86,3.0,315.92,4.0,0.0,3.0,2020-01-17 09:40:06.261925,315.88,315.91,0,0.060000000000002274,0.030000407099748827,1,1,-0.14285714285714285,0.00578
467,2020-01-17 09:40:07,N,AAPL,315.88,2.0,315.91,1.0,0.0,-3.0,2020-01-17 09:40:07.036030,315.8,315.85,-1,0.03000000000002956,0.02952055604242787,1,-1,0.3333333333333333,0.00578
468,2020-01-17 09:40:11,N,AAPL,315.8,13.0,315.85,2.0,11.0,1.0,2020-01-17 09:40:11.008568,315.8,315.82,0,0.05000000000001137,0.03336344621146736,1,1,0.7333333333333333,0.00578
469,2020-01-17 09:40:12,N,AAPL,315.8,12.0,315.82,4.0,-1.0,2.0,2020-01-17 09:40:12.145232,315.8,315.84,0,0.01999999999998181,0.036092941943365986,1,-1,0.5,0.00608
470,2020-01-17 09:40:13,N,AAPL,315.8,12.0,315.84,2.0,0.0,0.0,2020-01-17 09:40:13.060538,315.8,315.82,0,0.03999999999996362,0.03897866993918342,1,1,0.7142857142857143,0.00608
471,2020-01-17 09:40:17,N,AAPL,315.8,4.0,315.82,2.0,3.0,0.0,2020-01-17 09:40:17.517497,315.75,315.82,0,0.01999999999998181,0.03978002281240833,1,-1,0.3333333333333333,0.00608
472,2020-01-17 09:40:18,N,AAPL,315.75,7.0,315.82,3.0,0.0,1.0,2020-01-17 09:40:18.154087,315.8,315.81,0,0.06999999999999318,0.04142606026141493,1,1,0.4,0.00608
473,2020-01-17 09:40:19,N,AAPL,315.8,3.0,315.81,1.0,-4.0,-1.0,2020-01-17 09:40:19.419959,315.78,315.81,0,0.009999999999990905,0.042314703664374065,1,-1,0.5,0.00608
474,2020-01-17 09:40:20,N,AAPL,315.78,1.0,315.81,4.0,-1.0,2.0,2020-01-17 09:40:20.150582,315.77,315.78,0,0.03000000000002956,0.04174214307198554,1,1,-0.6,0.00608
475,2020-01-17 09:40:21,N,AAPL,315.77,1.0,315.78,4.0,0.0,2.0,2020-01-17 09:40:21.147614,315.8,315.82,1,0.009999999999990905,0.04063532516562418,1,-1,-0.6,0.00608
476,2020-01-17 09:40:22,N,AAPL,315.8,1.0,315.82,2.0,0.0,0.0,2020-01-17 09:40:22.223968,315.85,315.88,1,0.01999999999998181,0.040259920634923674,1,1,-0.3333333333333333,0.00608
477,2020-01-17 09:40:23,N,AAPL,315.85,2.0,315.88,1.0,-1.0,0.0,2020-01-17 09:40:23.130107,315.85,315.9,0,0.029999999999972715,0.04044913819637941,1,1,0.3333333333333333,0.00608
478,2020-01-17 09:40:24,N,AAPL,315.85,2.0,315.9,3.0,0.0,-1.0,2020-01-17 09:40:24.104624,315.83,315.87,0,0.049999999999954525,0.04027700831028369,1,1,-0.2,0.00608
479,2020-01-17 09:40:25,N,AAPL,315.83,1.0,315.87,1.0,0.0,0.0,2020-01-17 09:40:25.120738,315.81,315.85,0,0.040000000000020464,0.04013073713497306,1,-1,0.0,0.00608
480,2020-01-17 09:40:26,N,AAPL,315.81,2.0,315.85,1.0,0.0,0.0,2020-01-17 09:40:26.167306,315.78,315.82,0,0.040000000000020464,0.04037500000004002,1,1,0.3333333333333333,0.00608
481,2020-01-17 09:40:27,N,AAPL,315.78,2.0,315.82,2.0,1.0,-3.0,2020-01-17 09:40:27.649419,315.78,315.83,0,0.040000000000020464,0.04032576234652652,1,1,0.0,0.00608
482,2020-01-17 09:40:28,N,AAPL,315.78,2.0,315.83,1.0,1.0,0.0,2020-01-17 09:40:28.096887,315.78,315.84,0,0.05000000000001137,0.040687991290951686,1,1,0.3333333333333333,0.00608
483,2020-01-17 09:40:29,N,AAPL,315.78,2.0,315.84,1.0,0.0,-1.0,2020-01-17 09:40:29.256301,315.76,315.81,0,0.060000000000002274,0.04103219432829519,1,1,0.3333333333333333,0.00608
484,2020-01-17 09:40:30,N,AAPL,315.76,2.0,315.81,2.0,1.0,1.0,2020-01-17 09:40:30.537651,315.74,315.76,0,0.05000000000001137,0.0411055038209156,1,-1,0.0,0.00608
485,2020-01-17 09:40:31,N,AAPL,315.74,1.0,315.76,5.0,0.0,3.0,2020-01-17 09:40:31.706637,315.75,315.8,0,0.01999999999998181,0.03963801476305662,1,-1,-0.6666666666666666,0.00608
486,2020-01-17 09:40:32,N,AAPL,315.75,1.0,315.8,1.0,0.0,-1.0,2020-01-17 09:40:32.075475,315.8,315.82,0,0.05000000000001137,0.03966323827330598,1,1,0.0,0.00608
487,2020-01-17 09:40:33,N,AAPL,315.8,1.0,315.82,1.0,0.0,0.0,2020-01-17 09:40:33.063895,315.83,315.86,1,0.01999999999998181,0.039623616955054786,1,-1,0.0,0.00608
488,2020-01-17 09:40:34,N,AAPL,315.83,2.0,315.86,2.0,-1.0,0.0,2020-01-17 09:40:34.457779,315.83,315.87,0,0.03000000000002956,0.039182670206116654,1,1,0.0,0.00608
489,2020-01-17 09:40:35,N,AAPL,315.83,3.0,315.87,1.0,0.0,0.0,2020-01-17 09:40:35.106607,315.87,315.91,0,0.040000000000020464,0.03979289732774305,1,1,0.5,0.00608
490,2020-01-17 09:40:36,N,AAPL,315.87,2.0,315.91,2.0,1.0,-1.0,2020-01-17 09:40:36.135322,315.94,315.97,1,0.040000000000020464,0.039584125813746596,1,1,0.0,0.00608
491,2020-01-17 09:40:37,N,AAPL,315.94,2.0,315.97,1.0,0.0,-1.0,2020-01-17 09:40:37.202683,315.99,316.01,1,0.03000000000002956,0.03940740057794301,1,-1,0.3333333333333333,0.00608
492,2020-01-17 09:40:39,N,AAPL,315.99,5.0,316.01,26.0,3.0,24.0,2020-01-17 09:40:39.180443,316.04,316.06,1,0.01999999999998181,0.038598475910760044,1,-1,-0.6774193548387096,0.00608
493,2020-01-17 09:40:40,N,AAPL,316.04,5.0,316.06,1.0,3.0,0.0,2020-01-17 09:40:40.397799,316.06,316.1,0,0.01999999999998181,0.03809473146009168,1,1,0.6666666666666666,0.00608
494,2020-01-17 09:40:41,N,AAPL,316.06,2.0,316.1,1.0,0.0,-3.0,2020-01-17 09:40:41.696519,316.09,316.11,0,0.040000000000020464,0.03759658580412406,1,1,0.3333333333333333,0.00608
495,2020-01-17 09:40:42,N,AAPL,316.09,5.0,316.11,2.0,3.0,1.0,2020-01-17 09:40:42.184425,316.09,316.14,0,0.020000000000038654,0.03725656775657171,1,-1,0.42857142857142855,0.00608
496,2020-01-17 09:40:43,N,AAPL,316.09,2.0,316.14,4.0,0.0,-1.0,2020-01-17 09:40:43.039994,316.15,316.2,1,0.05000000000001137,0.03815317831794118,1,1,-0.3333333333333333,0.00608
497,2020-01-17 09:40:44,N,AAPL,316.15,4.0,316.2,12.0,2.0,11.0,2020-01-17 09:40:44.480644,316.19,316.22,0,0.05000000000001137,0.040732319100300174,1,1,-0.5,0.00608
498,2020-01-17 09:40:45,N,AAPL,316.19,2.0,316.22,2.0,-3.0,-10.0,2020-01-17 09:40:45.413419,316.16,316.23,0,0.03000000000002956,0.0406678356005159,1,-1,0.0,0.00608
499,2020-01-17 09:40:46,N,AAPL,316.16,1.0,316.23,1.0,0.0,0.0,2020-01-17 09:40:46.162681,316.21,316.25,0,0.06999999999999318,0.04092955968519618,1,1,0.0,0.00608
500,2020-01-17 09:40:47,N,AAPL,316.21,1.0,316.25,1.0,0.0,0.0,2020-01-17 09:40:47.606852,316.24,316.27,0,0.040000000000020464,0.040734358045028785,1,-1,0.0,0.00698
501,2020-01-17 09:40:48,N,AAPL,316.24,2.0,316.27,2.0,1.0,1.0,2020-01-17 09:40:48.174295,316.23,316.27,0,0.029999999999972715,0.040079168284933075,1,-1,0.0,0.00698
502,2020-01-17 09:40:49,N,AAPL,316.23,2.0,316.27,1.0,0.0,0.0,2020-01-17 09:40:49.030011,316.15,316.19,-1,0.03999999999996362,0.03982138984241601,1,1,0.3333333333333333,0.00698
503,2020-01-17 09:40:50,N,AAPL,316.15,2.0,316.19,2.0,1.0,0.0,2020-01-17 09:40:50.013467,316.18,316.23,0,0.040000000000020464,0.03979506484978401,1,1,0.0,0.00698
504,2020-01-17 09:40:51,N,AAPL,316.18,3.0,316.23,2.0,2.0,0.0,2020-01-17 09:40:51.047932,316.25,316.3,1,0.05000000000001137,0.03980095274926043,1,1,0.2,0.00698
505,2020-01-17 09:40:52,N,AAPL,316.25,2.0,316.3,34.0,1.0,33.0,2020-01-17 09:40:52.379892,316.3,316.34,0,0.05000000000001137,0.04968424276847827,1,1,-0.8888888888888888,0.00698
506,2020-01-17 09:40:53,N,AAPL,316.3,4.0,316.34,2.0,3.0,-19.0,2020-01-17 09:40:53.412373,316.23,316.28,-1,0.03999999999996362,0.04822850951973123,1,-1,0.3333333333333333,0.00698
507,2020-01-17 09:40:55,N,AAPL,316.23,2.0,316.28,4.0,0.0,-7.0,2020-01-17 09:40:55.148582,316.12,316.2,-1,0.049999999999954525,0.048985412125944094,1,1,-0.3333333333333333,0.00698
508,2020-01-17 09:40:56,N,AAPL,316.12,1.0,316.2,1.0,-1.0,0.0,2020-01-17 09:40:56.007944,316.17,316.22,0,0.07999999999998408,0.04897365900382056,1,1,0.0,0.00698
509,2020-01-17 09:40:57,N,AAPL,316.17,2.0,316.22,7.0,1.0,6.0,2020-01-17 09:40:57.689418,316.15,316.2,0,0.05000000000001137,0.049723900934054654,1,-1,-0.5555555555555556,0.00698
510,2020-01-17 09:40:58,N,AAPL,316.15,2.0,316.2,2.0,-2.0,0.0,2020-01-17 09:40:58.012572,316.21,316.24,1,0.05000000000001137,0.04957346405996077,1,1,0.0,0.00698
511,2020-01-17 09:40:59,N,AAPL,316.21,2.0,316.24,1.0,1.0,0.0,2020-01-17 09:40:59.172902,316.09,316.14,-1,0.03000000000002956,0.049022470955549124,1,-1,0.3333333333333333,0.00698
512,2020-01-17 09:41:00,N,AAPL,316.09,2.0,316.14,1.0,1.0,-3.0,2020-01-17 09:41:00.347099,316.18,316.22,1,0.05000000000001137,0.04894645271826903,1,1,0.3333333333333333,0.00698
513,2020-01-17 09:41:01,N,AAPL,316.18,1.0,316.22,2.0,-1.0,1.0,2020-01-17 09:41:01.831221,316.18,316.23,0,0.040000000000020464,0.04913732206887289,1,-1,-0.3333333333333333,0.00698
514,2020-01-17 09:41:03,N,AAPL,316.18,2.0,316.23,4.0,1.0,2.0,2020-01-17 09:41:03.243772,316.26,316.3,1,0.05000000000001137,0.04953479361290647,1,1,-0.3333333333333333,0.00698
515,2020-01-17 09:41:05,N,AAPL,316.26,1.0,316.3,2.0,-2.0,0.0,2020-01-17 09:41:05.594170,316.28,316.31,0,0.040000000000020464,0.05004112453411835,1,-1,-0.3333333333333333,0.00698
516,2020-01-17 09:41:06,N,AAPL,316.28,1.0,316.31,4.0,-2.0,2.0,2020-01-17 09:41:06.484973,316.2,316.25,-1,0.03000000000002956,0.050933067431174095,1,-1,-0.6,0.00698
517,2020-01-17 09:41:07,N,AAPL,316.2,3.0,316.25,3.0,1.0,2.0,2020-01-17 09:41:07.001145,316.27,316.31,1,0.05000000000001137,0.050504922644279304,1,1,0.0,0.00698
518,2020-01-17 09:41:08,N,AAPL,316.27,2.0,316.31,2.0,0.0,-1.0,2020-01-17 09:41:08.093088,316.35,316.38,1,0.040000000000020464,0.05060807146509205,1,-1,0.0,0.00698
519,2020-01-17 09:41:12,N,AAPL,316.35,1.0,316.38,3.0,-2.0,0.0,2020-01-17 09:41:12.045993,316.37,316.39,0,0.029999999999972715,0.05141062028741317,1,-1,-0.5,0.00698
520,2020-01-17 09:41:13,N,AAPL,316.37,1.0,316.39,1.0,0.0,-2.0,2020-01-17 09:41:13.066700,316.35,316.36,-1,0.01999999999998181,0.05150918565061602,1,-1,0.0,0.00698
521,2020-01-17 09:41:14,N,AAPL,316.35,1.0,316.36,7.0,-1.0,6.0,2020-01-17 09:41:14.359491,316.37,316.4,1,0.009999999999990905,0.05337959874208309,1,-1,-0.75,0.00698
522,2020-01-17 09:41:15,N,AAPL,316.37,1.0,316.4,7.0,-3.0,6.0,2020-01-17 09:41:15.505584,316.45,316.48,1,0.029999999999972715,0.055716403631322464,1,1,-0.75,0.00698
523,2020-01-17 09:41:16,N,AAPL,316.45,1.0,316.48,1.0,-2.0,0.0,2020-01-17 09:41:16.161561,316.42,316.45,0,0.03000000000002956,0.055733332863098894,1,1,0.0,0.00698
524,2020-01-17 09:41:17,N,AAPL,316.42,10.0,316.45,2.0,7.0,-2.0,2020-01-17 09:41:17.508422,316.43,316.45,0,0.029999999999972715,0.05112547569513026,1,-1,0.6666666666666666,0.00698
525,2020-01-17 09:41:18,N,AAPL,316.43,4.0,316.45,1.0,-6.0,-1.0,2020-01-17 09:41:18.330391,316.46,316.49,1,0.01999999999998181,0.04948499186548361,1,-1,0.6,0.00698
526,2020-01-17 09:41:19,N,AAPL,316.46,4.0,316.49,2.0,1.0,-1.0,2020-01-17 09:41:19.758955,316.45,316.49,0,0.03000000000002956,0.048265371338743535,1,1,0.3333333333333333,0.00698
527,2020-01-17 09:41:20,N,AAPL,316.45,2.0,316.49,7.0,-2.0,5.0,2020-01-17 09:41:20.344236,316.47,316.5,0,0.040000000000020464,0.05071164226990277,1,1,-0.5555555555555556,0.00698
528,2020-01-17 09:41:21,N,AAPL,316.47,5.0,316.5,9.0,2.0,-3.0,2020-01-17 09:41:21.324989,316.44,316.46,-1,0.029999999999972715,0.052334347330941,1,-1,-0.2857142857142857,0.00698
529,2020-01-17 09:41:22,N,AAPL,316.44,2.0,316.46,1.0,0.0,0.0,2020-01-17 09:41:22.103028,316.44,316.49,0,0.01999999999998181,0.05198259776005898,1,-1,0.3333333333333333,0.00698
530,2020-01-17 09:41:23,N,AAPL,316.44,2.0,316.49,3.0,1.0,-2.0,2020-01-17 09:41:23.786182,316.46,316.49,0,0.05000000000001137,0.05242630085280098,1,1,-0.2,0.00698
531,2020-01-17 09:41:24,N,AAPL,316.46,2.0,316.49,1.0,-1.0,0.0,2020-01-17 09:41:24.204777,316.43,316.46,0,0.03000000000002956,0.052890522875770785,1,-1,0.3333333333333333,0.00739
532,2020-01-17 09:41:25,N,AAPL,316.43,1.0,316.46,1.0,-1.0,0.0,2020-01-17 09:41:25.001258,316.4,316.45,0,0.029999999999972715,0.05319701966942603,1,-1,0.0,0.00739
533,2020-01-17 09:41:26,N,AAPL,316.4,13.0,316.45,1.0,11.0,0.0,2020-01-17 09:41:26.354819,316.42,316.45,0,0.05000000000001137,0.047236411495589437,1,1,0.8571428571428571,0.00739
534,2020-01-17 09:41:28,N,AAPL,316.42,3.0,316.45,1.0,2.0,-2.0,2020-01-17 09:41:28.313536,316.36,316.41,-1,0.029999999999972715,0.046145411043085005,1,-1,0.5,0.00739
535,2020-01-17 09:41:29,N,AAPL,316.36,5.0,316.41,3.0,2.0,2.0,2020-01-17 09:41:29.051992,316.38,316.42,0,0.05000000000001137,0.04523727453567972,1,1,0.25,0.00739
536,2020-01-17 09:41:30,N,AAPL,316.38,1.0,316.42,1.0,0.0,-1.0,2020-01-17 09:41:30.262752,316.34,316.38,0,0.040000000000020464,0.045202023926435686,1,-1,0.0,0.00739
537,2020-01-17 09:41:31,N,AAPL,316.34,1.0,316.38,3.0,0.0,2.0,2020-01-17 09:41:31.075873,316.25,316.31,-1,0.040000000000020464,0.04657158205742462,1,1,-0.5,0.00739
538,2020-01-17 09:41:34,N,AAPL,316.25,2.0,316.31,3.0,0.0,0.0,2020-01-17 09:41:34.557123,316.26,316.31,0,0.060000000000002274,0.04682136538013992,1,1,-0.2,0.00739
539,2020-01-17 09:41:35,N,AAPL,316.26,1.0,316.31,1.0,-3.0,0.0,2020-01-17 09:41:35.140149,316.25,316.29,0,0.05000000000001137,0.04645390368932567,1,-1,0.0,0.00739
540,2020-01-17 09:41:36,N,AAPL,316.25,4.0,316.29,2.0,2.0,1.0,2020-01-17 09:41:36.447663,316.28,316.32,0,0.040000000000020464,0.046338599882290055,1,-1,0.3333333333333333,0.00739
541,2020-01-17 09:41:37,N,AAPL,316.28,2.0,316.32,1.0,-1.0,0.0,2020-01-17 09:41:37.014232,316.28,316.32,0,0.040000000000020464,0.04608390831674569,1,1,0.3333333333333333,0.00739
542,2020-01-17 09:41:38,N,AAPL,316.28,2.0,316.32,1.0,0.0,0.0,2020-01-17 09:41:38.298525,316.26,316.29,0,0.040000000000020464,0.04576630915204305,1,1,0.3333333333333333,0.00739
543,2020-01-17 09:41:39,N,AAPL,316.26,1.0,316.29,1.0,-4.0,0.0,2020-01-17 09:41:39.779664,316.28,316.31,0,0.03000000000002956,0.04602776891965732,1,-1,0.0,0.00739
544,2020-01-17 09:41:40,N,AAPL,316.28,2.0,316.31,2.0,1.0,1.0,2020-01-17 09:41:40.293170,316.31,316.35,0,0.03000000000002956,0.04622103585069226,1,1,0.0,0.00739
545,2020-01-17 09:41:41,N,AAPL,316.31,4.0,316.35,2.0,2.0,1.0,2020-01-17 09:41:41.765087,316.29,316.32,0,0.040000000000020464,0.046033508255789,1,1,0.3333333333333333,0.00739
546,2020-01-17 09:41:42,N,AAPL,316.29,2.0,316.32,1.0,1.0,0.0,2020-01-17 09:41:42.636527,316.26,316.3,0,0.029999999999972715,0.04576577123799552,1,-1,0.3333333333333333,0.00739
547,2020-01-17 09:41:43,N,AAPL,316.26,1.0,316.3,1.0,0.0,-3.0,2020-01-17 09:41:43.048191,316.29,316.32,0,0.040000000000020464,0.04558275389052824,1,1,0.0,0.00739
548,2020-01-17 09:41:44,N,AAPL,316.29,3.0,316.32,1.0,1.0,-1.0,2020-01-17 09:41:44.179140,316.23,316.25,-1,0.029999999999972715,0.04521229502665847,1,-1,0.5,0.00739
549,2020-01-17 09:41:45,N,AAPL,316.23,2.0,316.25,2.0,0.0,1.0,2020-01-17 09:41:45.633296,316.25,316.26,0,0.01999999999998181,0.045413115638098134,1,-1,0.0,0.00739
550,2020-01-17 09:41:46,N,AAPL,316.25,1.0,316.26,1.0,-2.0,0.0,2020-01-17 09:41:46.395212,316.23,316.26,0,0.009999999999990905,0.04614420216699955,1,-1,0.0,0.00739
551,2020-01-17 09:41:47,N,AAPL,316.23,1.0,316.26,1.0,0.0,0.0,2020-01-17 09:41:47.074659,316.23,316.26,0,0.029999999999972715,0.04624856908964148,1,1,0.0,0.00739
552,2020-01-17 09:41:48,N,AAPL,316.23,1.0,316.26,1.0,0.0,-1.0,2020-01-17 09:41:48.119094,316.22,316.25,0,0.029999999999972715,0.04682136279933502,1,1,0.0,0.00739
553,2020-01-17 09:41:49,N,AAPL,316.22,5.0,316.25,2.0,4.0,1.0,2020-01-17 09:41:49.238307,316.26,316.28,1,0.029999999999972715,0.04662198077676294,1,1,0.42857142857142855,0.00739
554,2020-01-17 09:41:50,N,AAPL,316.26,2.0,316.28,1.0,1.0,0.0,2020-01-17 09:41:50.028177,316.36,316.38,1,0.01999999999998181,0.04632731941308066,1,-1,0.3333333333333333,0.00739
555,2020-01-17 09:41:51,N,AAPL,316.36,3.0,316.38,1.0,1.0,0.0,2020-01-17 09:41:51.762610,316.35,316.38,0,0.01999999999998181,0.04491324200927238,1,1,0.5,0.00739
556,2020-01-17 09:41:52,N,AAPL,316.35,2.0,316.38,2.0,0.0,1.0,2020-01-17 09:41:52.004531,316.33,316.34,-1,0.029999999999972715,0.04425238553659483,1,1,0.0,0.00739
557,2020-01-17 09:41:54,N,AAPL,316.33,2.0,316.34,1.0,0.0,-1.0,2020-01-17 09:41:54.316286,316.33,316.35,0,0.009999999999990905,0.043302931695393454,1,-1,0.3333333333333333,0.00739
558,2020-01-17 09:41:55,N,AAPL,316.33,5.0,316.35,1.0,3.0,0.0,2020-01-17 09:41:55.579943,316.35,316.38,0,0.020000000000038654,0.04344465242922979,1,1,0.6666666666666666,0.00739
559,2020-01-17 09:41:56,N,AAPL,316.35,1.0,316.38,1.0,0.0,-4.0,2020-01-17 09:41:56.107446,316.38,316.4,0,0.029999999999972715,0.043474006636643026,1,1,0.0,0.00739
560,2020-01-17 09:41:58,N,AAPL,316.38,3.0,316.4,2.0,2.0,1.0,2020-01-17 09:41:58.390614,316.35,316.37,-1,0.01999999999998181,0.04160231893740729,1,-1,0.2,0.00739
561,2020-01-17 09:41:59,N,AAPL,316.35,2.0,316.37,2.0,1.0,-9.0,2020-01-17 09:41:59.780780,316.34,316.39,0,0.01999999999998181,0.04238057319417976,1,1,0.0,0.00739
562,2020-01-17 09:42:00,N,AAPL,316.34,2.0,316.39,3.0,0.0,2.0,2020-01-17 09:42:00.157388,316.37,316.4,0,0.05000000000001137,0.043570366573590036,1,1,-0.2,0.00739
563,2020-01-17 09:42:02,N,AAPL,316.37,2.0,316.4,11.0,0.0,0.0,2020-01-17 09:42:02.249160,316.4,316.43,0,0.029999999999972715,0.046326092058109225,1,-1,-0.6923076923076923,0.00739
564,2020-01-17 09:42:03,N,AAPL,316.4,8.0,316.43,2.0,6.0,-9.0,2020-01-17 09:42:03.494378,316.39,316.42,0,0.03000000000002956,0.041889518895175115,1,1,0.6,0.00739
565,2020-01-17 09:42:05,N,AAPL,316.39,1.0,316.42,1.0,-2.0,0.0,2020-01-17 09:42:05.058855,316.43,316.47,1,0.03000000000002956,0.04113270455360407,1,1,0.0,0.00739
566,2020-01-17 09:42:06,N,AAPL,316.43,4.0,316.47,3.0,2.0,2.0,2020-01-17 09:42:06.141102,316.45,316.49,0,0.040000000000020464,0.03988003645218896,1,1,0.14285714285714285,0.00739
567,2020-01-17 09:42:07,N,AAPL,316.45,1.0,316.49,4.0,0.0,3.0,2020-01-17 09:42:07.163791,316.45,316.47,0,0.040000000000020464,0.04140142596577334,1,1,-0.6,0.00739
568,2020-01-17 09:42:08,N,AAPL,316.45,2.0,316.47,3.0,1.0,2.0,2020-01-17 09:42:08.398998,316.45,316.49,0,0.020000000000038654,0.04245426577114131,1,-1,-0.2,0.00739
569,2020-01-17 09:42:09,N,AAPL,316.45,1.0,316.49,3.0,0.0,0.0,2020-01-17 09:42:09.080627,316.44,316.48,0,0.040000000000020464,0.04345596145583386,1,1,-0.5,0.00739
570,2020-01-17 09:42:10,N,AAPL,316.44,4.0,316.48,1.0,0.0,-2.0,2020-01-17 09:42:10.087371,316.44,316.47,0,0.040000000000020464,0.04189704031261954,1,1,0.6,0.00739
571,2020-01-17 09:42:11,N,AAPL,316.44,3.0,316.47,1.0,0.0,-1.0,2020-01-17 09:42:11.096978,316.45,316.48,0,0.03000000000002956,0.04223707748792549,1,-1,0.5,0.00739
572,2020-01-17 09:42:12,N,AAPL,316.45,1.0,316.48,1.0,0.0,-2.0,2020-01-17 09:42:12.006925,316.44,316.45,0,0.03000000000002956,0.04232617912020942,1,1,0.0,0.00739
573,2020-01-17 09:42:13,N,AAPL,316.44,3.0,316.45,4.0,2.0,3.0,2020-01-17 09:42:13.708060,316.45,316.47,0,0.009999999999990905,0.04454055491942199,1,-1,-0.14285714285714285,0.00739
574,2020-01-17 09:42:15,N,AAPL,316.45,2.0,316.47,1.0,-1.0,-2.0,2020-01-17 09:42:15.032413,316.42,316.46,0,0.020000000000038654,0.0429674938310427,1,1,0.3333333333333333,0.00797
575,2020-01-17 09:42:16,N,AAPL,316.42,19.0,316.46,4.0,18.0,2.0,2020-01-17 09:42:16.094259,316.47,316.5,1,0.03999999999996362,0.03272164142032352,1,1,0.6521739130434783,0.00797
576,2020-01-17 09:42:17,N,AAPL,316.47,4.0,316.5,4.0,1.0,0.0,2020-01-17 09:42:17.218580,316.46,316.5,0,0.029999999999972715,0.033120852503373044,1,-1,0.0,0.00797
577,2020-01-17 09:42:18,N,AAPL,316.46,4.0,316.5,10.0,2.0,9.0,2020-01-17 09:42:18.104565,316.42,316.46,0,0.040000000000020464,0.03609063035071358,1,1,-0.42857142857142855,0.00797
578,2020-01-17 09:42:19,N,AAPL,316.42,19.0,316.46,1.0,-1.0,0.0,2020-01-17 09:42:19.124531,316.43,316.47,0,0.03999999999996362,0.027046466154502014,1,-1,0.9,0.00797
579,2020-01-17 09:42:21,N,AAPL,316.43,1.0,316.47,1.0,-1.0,0.0,2020-01-17 09:42:21.169352,316.41,316.44,0,0.040000000000020464,0.0276107751562904,1,1,0.0,0.00797
580,2020-01-17 09:42:22,N,AAPL,316.41,1.0,316.44,3.0,-1.0,2.0,2020-01-17 09:42:22.352876,316.36,316.4,-1,0.029999999999972715,0.027846131499018156,1,-1,-0.5,0.00797
581,2020-01-17 09:42:23,N,AAPL,316.36,4.0,316.4,2.0,3.0,1.0,2020-01-17 09:42:23.311283,316.34,316.36,0,0.03999999999996362,0.02777307348191016,1,1,0.3333333333333333,0.00797
582,2020-01-17 09:42:24,N,AAPL,316.34,1.0,316.36,2.0,0.0,1.0,2020-01-17 09:42:24.135612,316.39,316.41,1,0.020000000000038654,0.028141170055278053,1,-1,-0.3333333333333333,0.00797
583,2020-01-17 09:42:25,N,AAPL,316.39,8.0,316.41,1.0,5.0,-1.0,2020-01-17 09:42:25.023341,316.44,316.45,1,0.020000000000038654,0.025182410342665662,1,1,0.7777777777777778,0.00797
584,2020-01-17 09:42:27,N,AAPL,316.44,4.0,316.45,2.0,-1.0,1.0,2020-01-17 09:42:27.538686,316.48,316.5,1,0.009999999999990905,0.018928316094672937,1,-1,0.3333333333333333,0.00797
585,2020-01-17 09:42:28,N,AAPL,316.48,2.0,316.5,12.0,1.0,11.0,2020-01-17 09:42:28.508340,316.39,316.42,-1,0.01999999999998181,0.02388038020745853,1,1,-0.7142857142857143,0.00797
586,2020-01-17 09:42:30,N,AAPL,316.39,2.0,316.42,4.0,0.0,-1.0,2020-01-17 09:42:30.365833,316.36,316.4,0,0.03000000000002956,0.024742378419261968,1,1,-0.3333333333333333,0.00797
587,2020-01-17 09:42:31,N,AAPL,316.36,2.0,316.4,2.0,-1.0,0.0,2020-01-17 09:42:31.368554,316.37,316.41,0,0.03999999999996362,0.024739318311446823,1,1,0.0,0.00797
588,2020-01-17 09:42:32,N,AAPL,316.37,1.0,316.41,3.0,-1.0,2.0,2020-01-17 09:42:32.412100,316.36,316.4,0,0.040000000000020464,0.025541245950989833,1,1,-0.5,0.00797
589,2020-01-17 09:42:33,N,AAPL,316.36,2.0,316.4,2.0,0.0,1.0,2020-01-17 09:42:33.085308,316.41,316.43,1,0.03999999999996362,0.025756939899395093,1,-1,0.0,0.00797
590,2020-01-17 09:42:34,N,AAPL,316.41,5.0,316.43,1.0,4.0,0.0,2020-01-17 09:42:34.764435,316.42,316.44,0,0.01999999999998181,0.024939288360371847,1,-1,0.6666666666666666,0.00797
