,last_interval,Exchange,Symbol,Best_Bid_Price,FB0,Best_Offer_Price,FA0,FB2,FA2,p_time,Next_Best_Bid,Next_Best_Offer,outcome,Spread,AWS,Anomaly,Spread Change,Quote IMB,VPIN
0,2020-01-22 09:30:01,N,AAPL,318.82,1.0,318.87,1.0,0.0,0.0,2020-01-22 09:30:01.197309,318.72,318.78,-1,0.05000000000001137,0.05000000000001137,0,0,0.0,0.00071
1,2020-01-22 09:30:07,N,AAPL,318.72,1.0,318.78,1.0,0.0,-1.0,2020-01-22 09:30:07.492092,318.55,318.6,-1,0.05999999999994543,0.05500000000000682,0,1,0.0,0.00071
2,2020-01-22 09:30:16,N,AAPL,318.55,2.0,318.6,2.0,1.0,1.0,2020-01-22 09:30:16.481643,318.55,318.6,0,0.05000000000001137,0.052500000000009095,0,-1,0.0,0.00071
3,2020-01-22 09:30:18,N,AAPL,318.55,2.0,318.6,53.0,0.0,5.0,2020-01-22 09:30:18.306415,318.54,318.57,0,0.05000000000001137,-0.015438596491151202,1,1,-0.9272727272727272,0.00071
4,2020-01-22 09:30:26,N,AAPL,318.54,6.0,318.57,4.0,5.0,-49.0,2020-01-22 09:30:26.466764,318.54,318.57,0,0.029999999999972715,0.02374316939892651,0,-1,0.2,0.00071
5,2020-01-22 09:30:27,N,AAPL,318.54,8.0,318.57,2.0,2.0,-1.0,2020-01-22 09:30:27.150396,318.55,318.59,0,0.029999999999972715,0.03928571428571104,0,1,0.6,0.00071
6,2020-01-22 09:30:30,N,AAPL,318.55,2.0,318.59,3.0,-3.0,-1.0,2020-01-22 09:30:30.420932,318.53,318.55,0,0.03999999999996362,0.040000000000020464,0,1,-0.2,0.00071
7,2020-01-22 09:30:32,N,AAPL,318.53,2.0,318.55,5.0,0.0,2.0,2020-01-22 09:30:32.190875,318.54,318.55,0,0.020000000000038654,0.03902582159616941,0,-1,-0.42857142857142855,0.00071
8,2020-01-22 09:30:33,N,AAPL,318.54,3.0,318.55,2.0,-4.0,-2.0,2020-01-22 09:30:33.479691,318.53,318.54,0,0.009999999999990905,0.039974632166320134,0,-1,0.2,0.00071
9,2020-01-22 09:30:34,N,AAPL,318.53,7.0,318.54,4.0,0.0,1.0,2020-01-22 09:30:34.300815,318.54,318.58,0,0.010000000000047748,0.04280748663097711,0,1,0.2727272727272727,0.00071
10,2020-01-22 09:30:35,N,AAPL,318.54,9.0,318.58,4.0,7.0,0.0,2020-01-22 09:30:35.022752,318.54,318.59,0,0.03999999999996362,0.044691358024635974,0,1,0.38461538461538464,0.00071
11,2020-01-22 09:30:36,N,AAPL,318.54,1.0,318.59,2.0,-3.0,0.0,2020-01-22 09:30:36.028797,318.58,318.61,0,0.049999999999954525,0.04480558598021389,0,1,-0.3333333333333333,0.00071
12,2020-01-22 09:30:37,N,AAPL,318.58,2.0,318.61,2.0,1.0,0.0,2020-01-22 09:30:37.066247,318.55,318.61,0,0.03000000000002956,0.043854219948798345,0,-1,0.0,0.00071
13,2020-01-22 09:30:38,N,AAPL,318.55,1.0,318.61,2.0,0.0,0.0,2020-01-22 09:30:38.087064,318.55,318.6,0,0.060000000000002274,0.04422352653460848,0,1,-0.3333333333333333,0.00071
14,2020-01-22 09:30:39,N,AAPL,318.55,1.0,318.6,2.0,0.0,-2.0,2020-01-22 09:30:39.613024,318.52,318.55,0,0.05000000000001137,0.04435159176034631,0,-1,-0.3333333333333333,0.00071
15,2020-01-22 09:30:40,N,AAPL,318.52,2.0,318.55,4.0,1.0,2.0,2020-01-22 09:30:40.479086,318.41,318.47,-1,0.03000000000002956,0.04364086021507774,0,-1,-0.3333333333333333,0.00071
16,2020-01-22 09:30:41,N,AAPL,318.41,1.0,318.47,1.0,-3.0,0.0,2020-01-22 09:30:41.519333,318.41,318.47,0,0.060000000000002274,0.04506883604506129,0,1,0.0,0.00071
17,2020-01-22 09:30:42,N,AAPL,318.41,1.0,318.47,2.0,-1.0,0.0,2020-01-22 09:30:42.175488,318.43,318.48,0,0.060000000000002274,0.04516025641021315,0,1,-0.3333333333333333,0.00071
18,2020-01-22 09:30:43,N,AAPL,318.43,1.0,318.48,2.0,0.0,0.0,2020-01-22 09:30:43.082747,318.52,318.59,1,0.05000000000001137,0.045082787832086524,0,-1,-0.3333333333333333,0.00071
19,2020-01-22 09:30:44,N,AAPL,318.52,4.0,318.59,1.0,2.0,-1.0,2020-01-22 09:30:44.134248,318.44,318.52,0,0.06999999999999318,0.04667198298778885,0,1,0.6,0.00071
20,2020-01-22 09:30:45,N,AAPL,318.44,3.0,318.52,1.0,1.0,-2.0,2020-01-22 09:30:45.918317,318.5,318.53,0,0.07999999999998408,0.05103333333335058,1,1,0.5,0.00071
21,2020-01-22 09:30:46,N,AAPL,318.5,2.0,318.53,1.0,1.0,0.0,2020-01-22 09:30:46.330047,318.43,318.49,-1,0.029999999999972715,0.0516224848291813,1,-1,0.3333333333333333,0.00071
22,2020-01-22 09:30:47,N,AAPL,318.43,2.0,318.49,4.0,1.0,3.0,2020-01-22 09:30:47.535432,318.47,318.52,0,0.060000000000002274,0.05122619047619992,1,1,-0.3333333333333333,0.00071
23,2020-01-22 09:30:49,N,AAPL,318.47,1.0,318.52,2.0,0.0,0.0,2020-01-22 09:30:49.080113,318.48,318.57,0,0.049999999999954525,0.05100071890728941,1,-1,-0.3333333333333333,0.00071
24,2020-01-22 09:30:50,N,AAPL,318.48,2.0,318.57,2.0,1.0,-1.0,2020-01-22 09:30:50.198654,318.51,318.56,0,0.08999999999997499,0.0522949472819505,1,1,0.0,0.00071
25,2020-01-22 09:30:51,N,AAPL,318.51,1.0,318.56,1.0,-1.0,-1.0,2020-01-22 09:30:51.191484,318.51,318.56,0,0.05000000000001137,0.052379679144451075,1,-1,0.0,0.00071
26,2020-01-22 09:30:54,N,AAPL,318.51,1.0,318.56,2.0,0.0,1.0,2020-01-22 09:30:54.054630,318.5,318.56,0,0.05000000000001137,0.05227484472055721,1,1,-0.3333333333333333,0.00071
27,2020-01-22 09:30:56,N,AAPL,318.5,1.0,318.56,2.0,-2.0,0.0,2020-01-22 09:30:56.586290,318.5,318.55,0,0.060000000000002274,0.05231829573943969,1,1,-0.3333333333333333,0.00071
28,2020-01-22 09:30:57,N,AAPL,318.5,1.0,318.55,4.0,0.0,2.0,2020-01-22 09:30:57.484787,318.35,318.38,-1,0.05000000000001137,0.05168775364057865,1,-1,-0.6,0.00071
29,2020-01-22 09:30:58,N,AAPL,318.35,2.0,318.38,2.0,-1.0,-1.0,2020-01-22 09:30:58.304931,318.3,318.34,-1,0.029999999999972715,0.05323059360739535,1,-1,0.0,0.00071
30,2020-01-22 09:30:59,N,AAPL,318.3,6.0,318.34,4.0,4.0,3.0,2020-01-22 09:30:59.108744,318.25,318.3,0,0.03999999999996362,0.0625296039200407,1,1,0.2,0.00071
31,2020-01-22 09:31:00,N,AAPL,318.25,3.0,318.3,2.0,2.0,0.0,2020-01-22 09:31:00.292413,318.28,318.31,0,0.05000000000001137,0.06762679055367471,1,1,0.2,0.00073
32,2020-01-22 09:31:01,N,AAPL,318.28,2.0,318.31,2.0,0.0,0.0,2020-01-22 09:31:01.405851,318.27,318.32,0,0.03000000000002956,0.06880952380953431,1,-1,0.0,0.00073
33,2020-01-22 09:31:02,N,AAPL,318.27,2.0,318.32,2.0,0.0,1.0,2020-01-22 09:31:02.061748,318.24,318.27,0,0.05000000000001137,0.07026118067983589,1,1,0.0,0.00073
34,2020-01-22 09:31:03,N,AAPL,318.24,2.0,318.27,2.0,-2.0,0.0,2020-01-22 09:31:03.653338,318.18,318.22,-1,0.029999999999972715,0.07151515151520016,1,-1,0.0,0.00073
35,2020-01-22 09:31:04,N,AAPL,318.18,2.0,318.22,1.0,1.0,-3.0,2020-01-22 09:31:04.470657,318.16,318.19,0,0.040000000000020464,0.0756959064327134,1,1,0.3333333333333333,0.00073
36,2020-01-22 09:31:05,N,AAPL,318.16,2.0,318.19,2.0,1.0,1.0,2020-01-22 09:31:05.063808,318.11,318.14,-1,0.029999999999972715,0.07719162640904642,1,-1,0.0,0.00073
37,2020-01-22 09:31:06,N,AAPL,318.11,2.0,318.14,2.0,1.0,0.0,2020-01-22 09:31:06.076055,318.11,318.12,0,0.029999999999972715,0.07888647305480845,1,1,0.0,0.00073
38,2020-01-22 09:31:07,N,AAPL,318.11,4.0,318.12,1.0,0.0,-1.0,2020-01-22 09:31:07.031001,318.05,318.09,-1,0.009999999999990905,0.09011535048801989,1,-1,0.6,0.00073
39,2020-01-22 09:31:08,N,AAPL,318.05,1.0,318.09,2.0,-1.0,1.0,2020-01-22 09:31:08.005356,318.05,318.08,0,0.03999999999996362,0.08774603174606455,1,1,-0.3333333333333333,0.00073
40,2020-01-22 09:31:09,N,AAPL,318.05,4.0,318.08,1.0,1.0,-1.0,2020-01-22 09:31:09.951703,318.05,318.09,0,0.029999999999972715,0.09975142876822929,1,-1,0.6,0.00073
41,2020-01-22 09:31:10,N,AAPL,318.05,2.0,318.09,1.0,-2.0,0.0,2020-01-22 09:31:10.153614,318.11,318.15,1,0.03999999999996362,0.10384372904098882,1,1,0.3333333333333333,0.00073
42,2020-01-22 09:31:11,N,AAPL,318.11,4.0,318.15,2.0,2.0,-5.0,2020-01-22 09:31:11.114653,318.11,318.15,0,0.03999999999996362,0.10999936289505285,1,1,0.3333333333333333,0.00073
43,2020-01-22 09:31:12,N,AAPL,318.11,5.0,318.15,4.0,4.0,0.0,2020-01-22 09:31:12.145469,318.08,318.14,0,0.03999999999996362,0.1131140350877331,1,1,0.1111111111111111,0.00073
44,2020-01-22 09:31:13,N,AAPL,318.08,1.0,318.14,2.0,-1.0,-2.0,2020-01-22 09:31:13.273131,318.04,318.07,-1,0.060000000000002274,0.11094782608694231,1,1,-0.3333333333333333,0.00073
45,2020-01-22 09:31:15,N,AAPL,318.04,4.0,318.07,3.0,2.0,-1.0,2020-01-22 09:31:15.065339,318.02,318.05,0,0.029999999999972715,0.11428571428569967,1,-1,0.14285714285714285,0.00073
46,2020-01-22 09:31:16,N,AAPL,318.02,2.0,318.05,2.0,-62.0,1.0,2020-01-22 09:31:16.080152,318.04,318.06,0,0.03000000000002956,0.11450279925344375,1,1,0.0,0.00073
47,2020-01-22 09:31:17,N,AAPL,318.04,2.0,318.06,1.0,-2.0,-1.0,2020-01-22 09:31:17.334451,318.06,318.08,0,0.01999999999998181,0.11718574108817847,1,-1,0.3333333333333333,0.00073
48,2020-01-22 09:31:18,N,AAPL,318.06,4.0,318.08,2.0,2.0,-4.0,2020-01-22 09:31:18.982886,318.06,318.1,0,0.01999999999998181,0.12176617163368064,1,1,0.3333333333333333,0.00073
49,2020-01-22 09:31:19,N,AAPL,318.06,4.0,318.1,1.0,0.0,-1.0,2020-01-22 09:31:19.013157,318.04,318.06,0,0.040000000000020464,0.12849488693655076,1,1,0.6,0.00073
50,2020-01-22 09:31:21,N,AAPL,318.04,2.0,318.06,2.0,0.0,1.0,2020-01-22 09:31:21.182198,318.04,318.07,0,0.01999999999998181,0.12795684864340728,1,-1,0.0,0.00073
51,2020-01-22 09:31:22,N,AAPL,318.04,1.0,318.07,1.0,-12.0,0.0,2020-01-22 09:31:22.475996,318.01,318.05,0,0.029999999999972715,0.12774553160130608,1,1,0.0,0.00073
52,2020-01-22 09:31:23,N,AAPL,318.01,4.0,318.05,2.0,3.0,0.0,2020-01-22 09:31:23.322136,318.01,318.06,0,0.040000000000020464,0.13226139978792162,1,1,0.3333333333333333,0.00073
53,2020-01-22 09:31:24,N,AAPL,318.01,4.0,318.06,2.0,2.0,0.0,2020-01-22 09:31:24.446185,317.98,318.02,0,0.05000000000001137,0.1364780247752151,1,1,0.3333333333333333,0.00073
54,2020-01-22 09:31:25,N,AAPL,317.98,2.0,318.02,4.0,1.0,2.0,2020-01-22 09:31:25.161925,317.99,318.0,0,0.03999999999996362,0.13089215686278521,1,-1,-0.3333333333333333,0.00073
55,2020-01-22 09:31:26,N,AAPL,317.99,2.0,318.0,1.0,1.0,-1.0,2020-01-22 09:31:26.086067,317.97,318.02,0,0.009999999999990905,0.13276936633826608,1,-1,0.3333333333333333,0.00073
56,2020-01-22 09:31:27,N,AAPL,317.97,1.0,318.02,2.0,0.0,-1.0,2020-01-22 09:31:27.108442,318.11,318.15,1,0.049999999999954525,0.13017262396289198,1,1,-0.3333333333333333,0.00073
57,2020-01-22 09:31:28,N,AAPL,318.11,1.0,318.15,4.0,0.0,3.0,2020-01-22 09:31:28.359048,318.02,318.07,-1,0.03999999999996362,0.12492976026879887,1,-1,-0.6,0.00073
58,2020-01-22 09:31:29,N,AAPL,318.02,2.0,318.07,1.0,0.0,-1.0,2020-01-22 09:31:29.147789,318.03,318.08,0,0.05000000000001137,0.126753558052485,1,1,0.3333333333333333,0.00073
59,2020-01-22 09:31:30,N,AAPL,318.03,3.0,318.08,1.0,1.0,0.0,2020-01-22 09:31:30.209512,318.15,318.18,1,0.05000000000001137,0.13020958849097042,1,1,0.5,0.00073
60,2020-01-22 09:31:32,N,AAPL,318.15,1.0,318.18,1.0,0.0,-1.0,2020-01-22 09:31:32.149073,318.18,318.24,0,0.03000000000002956,0.12979509379511,1,-1,0.0,0.00073
61,2020-01-22 09:31:33,N,AAPL,318.18,2.0,318.24,4.0,-1.0,2.0,2020-01-22 09:31:33.006273,318.19,318.23,0,0.060000000000002274,0.1272017837235353,1,1,-0.3333333333333333,0.00073
62,2020-01-22 09:31:34,N,AAPL,318.19,2.0,318.23,2.0,0.0,1.0,2020-01-22 09:31:34.071113,318.14,318.18,-1,0.040000000000020464,0.12647202939979252,1,-1,0.0,0.00073
63,2020-01-22 09:31:35,N,AAPL,318.14,1.0,318.18,2.0,-4.0,-2.0,2020-01-22 09:31:35.034455,318.12,318.2,0,0.040000000000020464,0.12486618493250035,1,1,-0.3333333333333333,0.00073
64,2020-01-22 09:31:37,N,AAPL,318.12,3.0,318.2,2.0,2.0,-2.0,2020-01-22 09:31:37.127146,318.16,318.22,0,0.07999999999998408,0.12580636777136078,1,1,0.2,0.00073
65,2020-01-22 09:31:38,N,AAPL,318.16,2.0,318.22,2.0,0.0,1.0,2020-01-22 09:31:38.393056,318.18,318.24,0,0.060000000000002274,0.12535823170736649,1,-1,0.0,0.00073
66,2020-01-22 09:31:39,N,AAPL,318.18,1.0,318.24,4.0,-1.0,3.0,2020-01-22 09:31:39.008634,318.16,318.22,0,0.060000000000002274,0.12241991342000347,1,1,-0.6,0.00073
67,2020-01-22 09:31:40,N,AAPL,318.16,1.0,318.22,4.0,-1.0,0.0,2020-01-22 09:31:40.711034,318.21,318.24,0,0.060000000000002274,0.11933855421688122,1,1,-0.6,0.00073
68,2020-01-22 09:31:41,N,AAPL,318.21,2.0,318.24,4.0,0.0,2.0,2020-01-22 09:31:41.100865,318.17,318.21,0,0.03000000000002956,0.11696778711490197,1,-1,-0.3333333333333333,0.00073
69,2020-01-22 09:31:43,N,AAPL,318.17,1.0,318.21,4.0,-4.0,2.0,2020-01-22 09:31:43.879004,318.13,318.16,-1,0.03999999999996362,0.11389792899410622,1,1,-0.6,0.00073
70,2020-01-22 09:31:44,N,AAPL,318.13,1.0,318.16,4.0,-1.0,2.0,2020-01-22 09:31:44.887536,318.11,318.14,0,0.03000000000002956,0.11025416204228122,1,-1,-0.6,0.00073
71,2020-01-22 09:31:46,N,AAPL,318.11,1.0,318.14,4.0,0.0,0.0,2020-01-22 09:31:46.894308,318.12,318.18,0,0.029999999999972715,0.10651559454197468,1,-1,-0.6,0.00073
72,2020-01-22 09:31:48,N,AAPL,318.12,2.0,318.18,4.0,0.0,3.0,2020-01-22 09:31:48.070533,318.13,318.17,0,0.060000000000002274,0.10456594850245438,1,1,-0.3333333333333333,0.00073
73,2020-01-22 09:31:49,N,AAPL,318.13,2.0,318.17,1.0,-3.0,-3.0,2020-01-22 09:31:49.010501,318.13,318.19,0,0.040000000000020464,0.10534246929546498,1,-1,0.3333333333333333,0.00073
74,2020-01-22 09:31:50,N,AAPL,318.13,2.0,318.19,2.0,0.0,1.0,2020-01-22 09:31:50.208412,318.13,318.2,0,0.060000000000002274,0.10529249322297574,1,1,0.0,0.00073
75,2020-01-22 09:31:51,N,AAPL,318.13,9.0,318.2,3.0,6.0,0.0,2020-01-22 09:31:51.129668,318.17,318.21,0,0.06999999999999318,0.11013654962420105,1,1,0.5,0.00073
76,2020-01-22 09:31:55,N,AAPL,318.17,1.0,318.21,2.0,-2.0,1.0,2020-01-22 09:31:55.463642,318.09,318.13,-1,0.03999999999996362,0.10916525940530164,1,-1,-0.3333333333333333,0.00088
77,2020-01-22 09:31:56,N,AAPL,318.09,2.0,318.13,2.0,-2.0,0.0,2020-01-22 09:31:56.065861,318.1,318.13,0,0.040000000000020464,0.10890982286639428,1,1,0.0,0.00088
78,2020-01-22 09:31:57,N,AAPL,318.1,4.0,318.13,2.0,2.0,-1.0,2020-01-22 09:31:57.683239,318.11,318.15,0,0.029999999999972715,0.11030529748086337,1,-1,0.3333333333333333,0.00088
79,2020-01-22 09:31:58,N,AAPL,318.11,2.0,318.15,1.0,0.0,-1.0,2020-01-22 09:31:58.249737,318.06,318.1,-1,0.03999999999996362,0.11094552657647228,1,1,0.3333333333333333,0.00088
80,2020-01-22 09:31:59,N,AAPL,318.06,2.0,318.1,1.0,0.0,-3.0,2020-01-22 09:31:59.003969,318.06,318.1,0,0.040000000000020464,0.1118551780988355,1,1,0.3333333333333333,0.00088
81,2020-01-22 09:32:00,N,AAPL,318.06,1.0,318.1,2.0,-1.0,1.0,2020-01-22 09:32:00.149925,318.05,318.07,0,0.040000000000020464,0.11054699537754686,1,1,-0.3333333333333333,0.00088
82,2020-01-22 09:32:01,N,AAPL,318.05,1.0,318.07,1.0,-4.0,0.0,2020-01-22 09:32:01.129368,318.1,318.14,1,0.01999999999998181,0.11033670462023792,1,-1,0.0,0.00088
83,2020-01-22 09:32:02,N,AAPL,318.1,2.0,318.14,2.0,0.0,1.0,2020-01-22 09:32:02.212313,318.16,318.2,1,0.03999999999996362,0.11000457961245047,1,1,0.0,0.00088
84,2020-01-22 09:32:03,N,AAPL,318.16,1.0,318.2,2.0,-1.0,1.0,2020-01-22 09:32:03.228108,318.2,318.23,0,0.03999999999996362,0.10908713692947458,1,1,-0.3333333333333333,0.00088
85,2020-01-22 09:32:04,N,AAPL,318.2,1.0,318.23,4.0,0.0,2.0,2020-01-22 09:32:04.073544,318.25,318.27,1,0.03000000000002956,0.10711189303310675,1,-1,-0.6,0.00088
86,2020-01-22 09:32:05,N,AAPL,318.25,2.0,318.27,2.0,1.0,-12.0,2020-01-22 09:32:05.205381,318.29,318.31,1,0.01999999999998181,0.10642263256642082,1,-1,0.0,0.00088
87,2020-01-22 09:32:06,N,AAPL,318.29,2.0,318.31,2.0,1.0,-1.0,2020-01-22 09:32:06.472055,318.32,318.38,1,0.01999999999998181,0.10567894767473263,1,1,0.0,0.00088
88,2020-01-22 09:32:08,N,AAPL,318.32,1.0,318.38,2.0,-1.0,0.0,2020-01-22 09:32:08.622560,318.34,318.42,0,0.060000000000002274,0.10550490346298602,1,1,-0.3333333333333333,0.00088
89,2020-01-22 09:32:09,N,AAPL,318.34,2.0,318.42,2.0,1.0,0.0,2020-01-22 09:32:09.247094,318.34,318.39,0,0.08000000000004093,0.10517410126101367,1,1,0.0,0.00088
90,2020-01-22 09:32:12,N,AAPL,318.34,1.0,318.39,1.0,-1.0,-1.0,2020-01-22 09:32:12.282692,318.37,318.43,0,0.05000000000001137,0.10489345822287532,1,-1,0.0,0.00088
91,2020-01-22 09:32:13,N,AAPL,318.37,2.0,318.43,4.0,1.0,2.0,2020-01-22 09:32:13.639856,318.37,318.42,0,0.060000000000002274,0.10486188448516032,1,1,-0.3333333333333333,0.00088
92,2020-01-22 09:32:14,N,AAPL,318.37,1.0,318.42,1.0,-1.0,-3.0,2020-01-22 09:32:14.065380,318.34,318.39,0,0.05000000000001137,0.1045626601234062,1,-1,0.0,0.00088
93,2020-01-22 09:32:15,N,AAPL,318.34,2.0,318.39,2.0,1.0,1.0,2020-01-22 09:32:15.238511,318.36,318.42,0,0.05000000000001137,0.10402139208173367,1,1,0.0,0.00088
94,2020-01-22 09:32:16,N,AAPL,318.36,2.0,318.42,2.0,0.0,0.0,2020-01-22 09:32:16.112734,318.34,318.39,0,0.060000000000002274,0.10353524959009519,1,1,0.0,0.00088
95,2020-01-22 09:32:18,N,AAPL,318.34,2.0,318.39,1.0,0.0,-1.0,2020-01-22 09:32:18.180681,318.25,318.3,-1,0.05000000000001137,0.10293181818184394,1,-1,0.3333333333333333,0.00088
96,2020-01-22 09:32:19,N,AAPL,318.25,1.0,318.3,4.0,0.0,2.0,2020-01-22 09:32:19.015598,318.25,318.3,0,0.05000000000001137,0.10198436550285805,1,1,-0.6,0.00088
97,2020-01-22 09:32:20,N,AAPL,318.25,1.0,318.3,2.0,0.0,0.0,2020-01-22 09:32:20.111989,318.2,318.24,-1,0.05000000000001137,0.10155555555564888,1,1,-0.3333333333333333,0.00088
98,2020-01-22 09:32:22,N,AAPL,318.2,3.0,318.24,4.0,2.0,2.0,2020-01-22 09:32:22.036897,318.17,318.22,0,0.040000000000020464,0.10057469586382695,1,-1,-0.14285714285714285,0.00088
99,2020-01-22 09:32:23,N,AAPL,318.17,1.0,318.22,2.0,-2.0,-2.0,2020-01-22 09:32:23.119444,318.15,318.18,0,0.05000000000001137,0.09994260613063943,1,1,-0.3333333333333333,0.00088
100,2020-01-22 09:32:24,N,AAPL,318.15,1.0,318.18,2.0,-2.0,-2.0,2020-01-22 09:32:24.010740,318.07,318.12,-1,0.03000000000002956,0.09912227046567068,1,-1,-0.3333333333333333,0.00088
101,2020-01-22 09:32:26,N,AAPL,318.07,2.0,318.12,2.0,1.0,0.0,2020-01-22 09:32:26.453036,318.05,318.07,0,0.05000000000001137,0.09907875857777526,1,1,0.0,0.00088
102,2020-01-22 09:32:27,N,AAPL,318.05,1.0,318.07,2.0,-1.0,0.0,2020-01-22 09:32:27.908908,318.02,318.06,0,0.01999999999998181,0.09793740363869574,1,-1,-0.3333333333333333,0.00088
103,2020-01-22 09:32:28,N,AAPL,318.02,2.0,318.06,2.0,1.0,0.0,2020-01-22 09:32:28.447028,318.05,318.08,0,0.040000000000020464,0.09790917921333175,1,1,0.0,0.00088
104,2020-01-22 09:32:30,N,AAPL,318.05,4.0,318.08,2.0,3.0,1.0,2020-01-22 09:32:30.627284,318.03,318.09,0,0.029999999999972715,0.09951048951063513,1,-1,0.3333333333333333,0.00088
105,2020-01-22 09:32:31,N,AAPL,318.03,2.0,318.09,2.0,0.0,1.0,2020-01-22 09:32:31.362468,318.01,318.09,0,0.060000000000002274,0.09956436741373409,1,1,0.0,0.00088
106,2020-01-22 09:32:32,N,AAPL,318.01,4.0,318.09,1.0,2.0,-1.0,2020-01-22 09:32:32.304905,318.02,318.09,0,0.07999999999998408,0.10267379679157784,1,1,0.6,0.00088
107,2020-01-22 09:32:33,N,AAPL,318.02,1.0,318.09,1.0,-3.0,0.0,2020-01-22 09:32:33.470281,317.9,317.93,-1,0.06999999999999318,0.10271392081745034,1,-1,0.0,0.00088
108,2020-01-22 09:32:35,N,AAPL,317.9,1.0,317.93,4.0,-26.0,0.0,2020-01-22 09:32:35.060199,317.87,317.91,0,0.03000000000002956,0.09841474294654518,1,-1,-0.6,0.00088
109,2020-01-22 09:32:36,N,AAPL,317.87,2.0,317.91,1.0,1.0,-3.0,2020-01-22 09:32:36.499097,317.82,317.89,0,0.040000000000020464,0.10000248036391213,1,1,0.3333333333333333,0.00088
110,2020-01-22 09:32:39,N,AAPL,317.82,1.0,317.89,2.0,-1.0,1.0,2020-01-22 09:32:39.154324,317.9,317.92,1,0.06999999999999318,0.09866274076813397,1,1,-0.3333333333333333,0.00088
111,2020-01-22 09:32:41,N,AAPL,317.9,3.0,317.92,2.0,1.0,-1.0,2020-01-22 09:32:41.298998,317.94,317.98,1,0.020000000000038654,0.09995264214052213,1,-1,0.2,0.00088
112,2020-01-22 09:32:43,N,AAPL,317.94,2.0,317.98,2.0,0.0,1.0,2020-01-22 09:32:43.474629,318.06,318.09,1,0.040000000000020464,0.09993909191587136,1,1,0.0,0.00088
113,2020-01-22 09:32:44,N,AAPL,318.06,2.0,318.09,2.0,0.0,0.0,2020-01-22 09:32:44.329794,318.0,318.03,-1,0.029999999999972715,0.09970089134901627,1,-1,0.0,0.00088
114,2020-01-22 09:32:45,N,AAPL,318.0,1.0,318.03,2.0,0.0,0.0,2020-01-22 09:32:45.072039,317.95,317.99,-1,0.029999999999972715,0.09862680810027769,1,1,-0.3333333333333333,0.00088
115,2020-01-22 09:32:46,N,AAPL,317.95,1.0,317.99,2.0,0.0,-2.0,2020-01-22 09:32:46.515491,317.94,317.97,0,0.040000000000020464,0.09750623473127007,1,1,-0.3333333333333333,0.00088
116,2020-01-22 09:32:47,N,AAPL,317.94,1.0,317.97,2.0,0.0,0.0,2020-01-22 09:32:47.160007,317.9,317.94,0,0.03000000000002956,0.09631533879843346,0,-1,-0.3333333333333333,0.00088
117,2020-01-22 09:32:48,N,AAPL,317.9,1.0,317.94,4.0,-1.0,2.0,2020-01-22 09:32:48.117753,317.93,317.97,0,0.040000000000020464,0.092649156698144,0,1,-0.6,0.00088
118,2020-01-22 09:32:49,N,AAPL,317.93,2.0,317.97,2.0,1.0,0.0,2020-01-22 09:32:49.009158,317.92,317.97,0,0.040000000000020464,0.09271733821736916,0,1,0.0,0.00088
119,2020-01-22 09:32:50,N,AAPL,317.92,2.0,317.97,4.0,1.0,2.0,2020-01-22 09:32:50.056686,317.94,317.97,0,0.05000000000001137,0.09067398119128711,0,1,-0.3333333333333333,0.00088
120,2020-01-22 09:32:51,N,AAPL,317.94,2.0,317.97,2.0,-2.0,0.0,2020-01-22 09:32:51.490058,317.96,317.99,0,0.03000000000002956,0.09067934013035028,0,-1,0.0,0.00088
121,2020-01-22 09:32:52,N,AAPL,317.96,3.0,317.99,2.0,1.0,0.0,2020-01-22 09:32:52.001357,317.99,318.01,0,0.03000000000002956,0.09162938741434346,0,1,0.2,0.00088
122,2020-01-22 09:32:53,N,AAPL,317.99,2.0,318.01,1.0,0.0,-4.0,2020-01-22 09:32:53.308319,318.0,318.04,0,0.01999999999998181,0.09240798109141224,0,-1,0.3333333333333333,0.00088
123,2020-01-22 09:32:54,N,AAPL,318.0,4.0,318.04,2.0,0.0,1.0,2020-01-22 09:32:54.247832,317.92,317.96,-1,0.040000000000020464,0.09394469538642625,0,1,0.3333333333333333,0.00088
124,2020-01-22 09:32:55,N,AAPL,317.92,1.0,317.96,2.0,0.0,-3.0,2020-01-22 09:32:55.684554,317.93,317.97,0,0.03999999999996362,0.09289367099876245,0,-1,-0.3333333333333333,0.00088
125,2020-01-22 09:32:56,N,AAPL,317.93,2.0,317.97,2.0,1.0,0.0,2020-01-22 09:32:56.574358,317.94,317.99,0,0.040000000000020464,0.09290974967063903,0,1,0.0,0.00088
126,2020-01-22 09:32:57,N,AAPL,317.94,1.0,317.99,1.0,-1.0,-1.0,2020-01-22 09:32:57.205337,317.92,317.97,0,0.05000000000001137,0.09294022053296658,0,1,0.0,0.00088
127,2020-01-22 09:32:58,N,AAPL,317.92,1.0,317.97,5.0,0.0,3.0,2020-01-22 09:32:58.321308,317.92,317.93,0,0.05000000000001137,0.08901914182945347,0,1,-0.6666666666666666,0.00088
128,2020-01-22 09:32:59,N,AAPL,317.92,1.0,317.93,2.0,0.0,-4.0,2020-01-22 09:32:59.132925,317.9,317.93,0,0.009999999999990905,0.08787544272661307,0,-1,-0.3333333333333333,0.00103
129,2020-01-22 09:33:00,N,AAPL,317.9,2.0,317.93,2.0,0.0,0.0,2020-01-22 09:33:00.007276,317.93,317.96,0,0.03000000000002956,0.08791637010682507,0,1,0.0,0.00103
130,2020-01-22 09:33:01,N,AAPL,317.93,4.0,317.96,1.0,2.0,0.0,2020-01-22 09:33:01.055421,317.96,317.99,0,0.029999999999972715,0.09081730719765346,0,-1,0.6,0.00103
131,2020-01-22 09:33:02,N,AAPL,317.96,2.0,317.99,4.0,0.0,2.0,2020-01-22 09:33:02.402266,317.97,317.99,0,0.03000000000002956,0.08898954703846584,0,1,-0.3333333333333333,0.00103
132,2020-01-22 09:33:03,N,AAPL,317.97,1.0,317.99,2.0,-1.0,-18.0,2020-01-22 09:33:03.830132,317.95,317.99,0,0.01999999999998181,0.08806256003850876,0,-1,-0.3333333333333333,0.00103
133,2020-01-22 09:33:04,N,AAPL,317.95,1.0,317.99,2.0,0.0,-5.0,2020-01-22 09:33:04.042109,317.96,317.99,0,0.040000000000020464,0.08721904403097369,0,1,-0.3333333333333333,0.00103
134,2020-01-22 09:33:05,N,AAPL,317.96,1.0,317.99,2.0,-2.0,-2.0,2020-01-22 09:33:05.613431,317.97,318.0,0,0.03000000000002956,0.08635455349252652,0,-1,-0.3333333333333333,0.00103
135,2020-01-22 09:33:06,N,AAPL,317.97,4.0,318.0,15.0,3.0,13.0,2020-01-22 09:33:06.162379,317.91,317.95,-1,0.029999999999972715,0.07778855804616569,1,-1,-0.5789473684210527,0.00103
136,2020-01-22 09:33:07,N,AAPL,317.91,2.0,317.95,8.0,1.0,7.0,2020-01-22 09:33:07.513788,317.89,317.93,0,0.03999999999996362,0.07280369273019005,1,1,-0.6,0.00103
137,2020-01-22 09:33:08,N,AAPL,317.89,2.0,317.93,3.0,-4.0,1.0,2020-01-22 09:33:08.396987,317.9,317.93,0,0.040000000000020464,0.07216447403556003,1,1,-0.2,0.00103
138,2020-01-22 09:33:09,N,AAPL,317.9,1.0,317.93,2.0,-1.0,0.0,2020-01-22 09:33:09.396436,317.88,317.91,0,0.03000000000002956,0.07137873827451813,1,-1,-0.3333333333333333,0.00103
139,2020-01-22 09:33:10,N,AAPL,317.88,1.0,317.91,3.0,-11.0,0.0,2020-01-22 09:33:10.305469,317.9,317.92,0,0.03000000000002956,0.06965043630015089,1,1,-0.5,0.00103
140,2020-01-22 09:33:12,N,AAPL,317.9,2.0,317.92,2.0,-3.0,0.0,2020-01-22 09:33:12.885586,317.95,317.99,1,0.020000000000038654,0.06980115204191861,1,-1,0.0,0.00103
141,2020-01-22 09:33:13,N,AAPL,317.95,2.0,317.99,2.0,0.0,1.0,2020-01-22 09:33:13.131423,317.95,318.0,0,0.040000000000020464,0.06997869511860699,1,1,0.0,0.00103
142,2020-01-22 09:33:14,N,AAPL,317.95,2.0,318.0,2.0,0.0,0.0,2020-01-22 09:33:14.054511,317.95,317.99,0,0.05000000000001137,0.07020163735597862,1,1,0.0,0.00103
143,2020-01-22 09:33:18,N,AAPL,317.95,2.0,317.99,4.0,1.0,2.0,2020-01-22 09:33:18.368922,317.97,317.99,0,0.040000000000020464,0.06902365491657747,1,-1,-0.3333333333333333,0.00103
144,2020-01-22 09:33:19,N,AAPL,317.97,1.0,317.99,1.0,0.0,0.0,2020-01-22 09:33:19.595493,317.94,317.98,0,0.01999999999998181,0.0690461720893154,1,-1,0.0,0.00103
145,2020-01-22 09:33:20,N,AAPL,317.94,3.0,317.98,4.0,2.0,-4.0,2020-01-22 09:33:20.233399,317.98,318.01,0,0.040000000000020464,0.06864205903252696,1,1,-0.14285714285714285,0.00103
146,2020-01-22 09:33:22,N,AAPL,317.98,3.0,318.01,1.0,2.0,-1.0,2020-01-22 09:33:22.326237,317.96,318.0,0,0.029999999999972715,0.06994631889608627,1,-1,0.5,0.00103
147,2020-01-22 09:33:23,N,AAPL,317.96,1.0,318.0,2.0,-1.0,1.0,2020-01-22 09:33:23.406343,318.02,318.04,1,0.040000000000020464,0.06939651898733246,1,1,-0.3333333333333333,0.00103
148,2020-01-22 09:33:24,N,AAPL,318.02,4.0,318.04,1.0,1.0,-1.0,2020-01-22 09:33:24.351930,318.0,318.05,0,0.020000000000038654,0.07084710099746871,1,-1,0.6,0.00103
149,2020-01-22 09:33:25,N,AAPL,318.0,2.0,318.05,2.0,0.0,0.0,2020-01-22 09:33:25.072686,317.99,318.04,0,0.05000000000001137,0.07096250173384533,1,1,0.0,0.00103
150,2020-01-22 09:33:26,N,AAPL,317.99,1.0,318.04,2.0,-2.0,-1.0,2020-01-22 09:33:26.135380,318.03,318.07,0,0.05000000000001137,0.0705195887321679,1,1,-0.3333333333333333,0.00103
151,2020-01-22 09:33:27,N,AAPL,318.03,1.0,318.07,5.0,0.0,4.0,2020-01-22 09:33:27.469905,318.02,318.05,0,0.040000000000020464,0.06883890394459513,1,-1,-0.6666666666666666,0.00103
152,2020-01-22 09:33:28,N,AAPL,318.02,4.0,318.05,1.0,2.0,-1.0,2020-01-22 09:33:28.887702,318.02,318.05,0,0.03000000000002956,0.07024004510117265,1,-1,0.6,0.00103
153,2020-01-22 09:33:29,N,AAPL,318.02,5.0,318.05,1.0,1.0,0.0,2020-01-22 09:33:29.086583,317.96,317.98,-1,0.03000000000002956,0.07204743578523676,1,1,0.6666666666666666,0.00103
154,2020-01-22 09:33:30,N,AAPL,317.96,1.0,317.98,2.0,0.0,-2.0,2020-01-22 09:33:30.205180,317.94,317.99,0,0.020000000000038654,0.07141195869121475,1,-1,-0.3333333333333333,0.00103
155,2020-01-22 09:33:31,N,AAPL,317.94,14.0,317.99,1.0,9.0,-1.0,2020-01-22 09:33:31.191411,317.9,317.93,-1,0.05000000000001137,0.08000013848487697,1,1,0.8666666666666667,0.00103
156,2020-01-22 09:33:32,N,AAPL,317.9,1.0,317.93,2.0,-4.0,0.0,2020-01-22 09:33:32.640491,317.89,317.95,0,0.03000000000002956,0.07925975551921738,1,-1,-0.3333333333333333,0.00103
157,2020-01-22 09:33:33,N,AAPL,317.89,3.0,317.95,2.0,-2.0,0.0,2020-01-22 09:33:33.379872,317.92,317.97,0,0.060000000000002274,0.08017459047499642,1,1,0.2,0.00103
158,2020-01-22 09:33:34,N,AAPL,317.92,2.0,317.97,2.0,1.0,0.0,2020-01-22 09:33:34.306456,317.93,317.97,0,0.05000000000001137,0.08024363568034687,1,-1,0.0,0.00103
159,2020-01-22 09:33:35,N,AAPL,317.93,2.0,317.97,1.0,0.0,-1.0,2020-01-22 09:33:35.302025,317.99,318.03,1,0.040000000000020464,0.08087877416261335,1,-1,0.3333333333333333,0.00103
160,2020-01-22 09:33:36,N,AAPL,317.99,5.0,318.03,2.0,0.0,-5.0,2020-01-22 09:33:36.032385,318.02,318.05,0,0.03999999999996362,0.08218039512883024,1,-1,0.42857142857142855,0.00103
161,2020-01-22 09:33:37,N,AAPL,318.02,1.0,318.05,2.0,-4.0,1.0,2020-01-22 09:33:37.317857,317.99,318.02,0,0.03000000000002956,0.08168158119985947,1,-1,-0.3333333333333333,0.00103
162,2020-01-22 09:33:38,N,AAPL,317.99,2.0,318.02,1.0,1.0,0.0,2020-01-22 09:33:38.438982,317.95,317.99,0,0.029999999999972715,0.08206809583856511,1,-1,0.3333333333333333,0.00103
163,2020-01-22 09:33:39,N,AAPL,317.95,2.0,317.99,1.0,0.0,0.0,2020-01-22 09:33:39.059972,317.93,317.96,0,0.040000000000020464,0.08259575609008607,1,1,0.3333333333333333,0.00103
164,2020-01-22 09:33:40,N,AAPL,317.93,2.0,317.96,1.0,1.0,0.0,2020-01-22 09:33:40.554786,317.94,317.98,0,0.029999999999972715,0.08315293402245061,1,-1,0.3333333333333333,0.00103
165,2020-01-22 09:33:41,N,AAPL,317.94,1.0,317.98,2.0,-3.0,1.0,2020-01-22 09:33:41.120271,317.97,318.0,0,0.040000000000020464,0.08255151252194537,1,1,-0.3333333333333333,0.00103
166,2020-01-22 09:33:42,N,AAPL,317.97,2.0,318.0,2.0,0.0,1.0,2020-01-22 09:33:42.283282,318.02,318.04,1,0.029999999999972715,0.0824456092079231,1,-1,0.0,0.00103
167,2020-01-22 09:33:43,N,AAPL,318.02,2.0,318.04,1.0,0.0,-1.0,2020-01-22 09:33:43.332303,317.98,318.01,-1,0.020000000000038654,0.08268794554055603,1,-1,0.3333333333333333,0.00103
168,2020-01-22 09:33:44,N,AAPL,317.98,2.0,318.01,2.0,0.0,1.0,2020-01-22 09:33:44.124111,317.92,317.96,-1,0.029999999999972715,0.08256984709470316,1,1,0.0,0.00103
169,2020-01-22 09:33:45,N,AAPL,317.92,2.0,317.96,1.0,0.0,-2.0,2020-01-22 09:33:45.096323,317.89,317.92,0,0.03999999999996362,0.08315042883407386,1,1,0.3333333333333333,0.00103
170,2020-01-22 09:33:46,N,AAPL,317.89,1.0,317.92,2.0,-1.0,0.0,2020-01-22 09:33:46.793781,317.89,317.91,0,0.03000000000002956,0.0824239192005507,1,-1,-0.3333333333333333,0.00103
171,2020-01-22 09:33:47,N,AAPL,317.89,1.0,317.91,2.0,0.0,0.0,2020-01-22 09:33:47.402232,317.89,317.93,0,0.020000000000038654,0.08166119218122958,1,-1,-0.3333333333333333,0.00121
172,2020-01-22 09:33:48,N,AAPL,317.89,1.0,317.93,7.0,0.0,5.0,2020-01-22 09:33:48.393015,317.87,317.91,0,0.040000000000020464,0.07773308270668622,1,1,-0.75,0.00121
173,2020-01-22 09:33:49,N,AAPL,317.87,4.0,317.91,2.0,3.0,-5.0,2020-01-22 09:33:49.299575,317.9,317.92,0,0.040000000000020464,0.079187152777763,1,1,0.3333333333333333,0.00121
174,2020-01-22 09:33:51,N,AAPL,317.9,1.0,317.92,1.0,-1.0,0.0,2020-01-22 09:33:51.056032,317.95,318.01,1,0.020000000000038654,0.0791466582198268,1,-1,0.0,0.00121
175,2020-01-22 09:33:52,N,AAPL,317.95,4.0,318.01,2.0,2.0,0.0,2020-01-22 09:33:52.168431,317.95,317.97,0,0.060000000000002274,0.08016587502908123,1,1,0.3333333333333333,0.00121
176,2020-01-22 09:33:53,N,AAPL,317.95,2.0,317.97,1.0,0.0,0.0,2020-01-22 09:33:53.367176,317.87,317.88,-1,0.020000000000038654,0.08057556023754842,1,-1,0.3333333333333333,0.00121
177,2020-01-22 09:33:55,N,AAPL,317.87,4.0,317.88,8.0,3.0,6.0,2020-01-22 09:33:55.433051,317.88,317.94,0,0.009999999999990905,0.0774467094087754,1,-1,-0.3333333333333333,0.00121
178,2020-01-22 09:33:56,N,AAPL,317.88,3.0,317.94,3.0,1.0,2.0,2020-01-22 09:33:56.025952,317.95,317.98,1,0.060000000000002274,0.07760841843634125,1,1,0.0,0.00121
179,2020-01-22 09:33:57,N,AAPL,317.95,1.0,317.98,2.0,0.0,0.0,2020-01-22 09:33:57.184511,317.96,317.99,0,0.03000000000002956,0.07708366204599315,1,-1,-0.3333333333333333,0.00121
180,2020-01-22 09:33:58,N,AAPL,317.96,1.0,317.99,2.0,-1.0,0.0,2020-01-22 09:33:58.247266,318.05,318.1,1,0.03000000000002956,0.07658262260133597,1,1,-0.3333333333333333,0.00121
181,2020-01-22 09:33:59,N,AAPL,318.05,2.0,318.1,2.0,0.0,0.0,2020-01-22 09:33:59.009520,318.09,318.13,0,0.05000000000001137,0.07652787020322194,1,1,0.0,0.00121
182,2020-01-22 09:34:00,N,AAPL,318.09,2.0,318.13,2.0,0.0,-1.0,2020-01-22 09:34:00.011777,318.06,318.11,0,0.040000000000020464,0.07640183785832733,1,-1,0.0,0.00121
183,2020-01-22 09:34:01,N,AAPL,318.06,2.0,318.11,2.0,0.0,1.0,2020-01-22 09:34:01.076548,318.04,318.09,0,0.05000000000001137,0.07634016074683814,1,1,0.0,0.00121
184,2020-01-22 09:34:02,N,AAPL,318.04,2.0,318.09,2.0,1.0,0.0,2020-01-22 09:34:02.082806,318.03,318.08,0,0.049999999999954525,0.07629269946977502,1,-1,0.0,0.00121
185,2020-01-22 09:34:03,N,AAPL,318.03,1.0,318.08,2.0,-1.0,0.0,2020-01-22 09:34:03.174566,318.05,318.1,0,0.05000000000001137,0.07601267922689203,1,1,-0.3333333333333333,0.00121
186,2020-01-22 09:34:05,N,AAPL,318.05,2.0,318.1,5.0,0.0,3.0,2020-01-22 09:34:05.017762,318.0,318.04,-1,0.05000000000001137,0.07531695521913662,1,1,-0.42857142857142855,0.00121
187,2020-01-22 09:34:06,N,AAPL,318.0,2.0,318.04,2.0,0.0,0.0,2020-01-22 09:34:06.218224,318.0,318.04,0,0.040000000000020464,0.07526455026459189,1,-1,0.0,0.00121
188,2020-01-22 09:34:07,N,AAPL,318.0,2.0,318.04,2.0,1.0,0.0,2020-01-22 09:34:07.043238,317.93,317.98,-1,0.040000000000020464,0.07521168279674839,1,1,0.0,0.00121
189,2020-01-22 09:34:08,N,AAPL,317.93,1.0,317.98,3.0,0.0,1.0,2020-01-22 09:34:08.259863,317.93,317.97,0,0.05000000000001137,0.07432927306911097,1,1,-0.5,0.00121
190,2020-01-22 09:34:09,N,AAPL,317.93,1.0,317.97,2.0,0.0,0.0,2020-01-22 09:34:09.249899,317.93,317.99,0,0.040000000000020464,0.07386480268121431,1,-1,-0.3333333333333333,0.00121
191,2020-01-22 09:34:10,N,AAPL,317.93,2.0,317.99,2.0,0.0,0.0,2020-01-22 09:34:10.059503,317.99,318.02,0,0.060000000000002274,0.07395212265856799,1,1,0.0,0.00121
192,2020-01-22 09:34:11,N,AAPL,317.99,2.0,318.02,2.0,-1.0,-3.0,2020-01-22 09:34:11.145976,317.96,318.01,0,0.029999999999972715,0.07387307216225736,1,-1,0.0,0.00121
193,2020-01-22 09:34:12,N,AAPL,317.96,4.0,318.01,2.0,2.0,1.0,2020-01-22 09:34:12.248876,317.97,318.02,0,0.05000000000001137,0.07466368030179638,1,1,0.3333333333333333,0.00121
194,2020-01-22 09:34:13,N,AAPL,317.97,3.0,318.02,3.0,1.0,1.0,2020-01-22 09:34:13.095557,318.01,318.05,0,0.049999999999954525,0.07467382805225498,1,-1,0.0,0.00121
195,2020-01-22 09:34:14,N,AAPL,318.01,2.0,318.05,2.0,1.0,-2.0,2020-01-22 09:34:14.144513,317.97,318.03,0,0.040000000000020464,0.07461231081583719,1,-1,0.0,0.00121
196,2020-01-22 09:34:16,N,AAPL,317.97,6.0,318.03,2.0,5.0,0.0,2020-01-22 09:34:16.604465,318.01,318.04,0,0.05999999999994543,0.07603455778365742,1,1,0.5,0.00121
197,2020-01-22 09:34:17,N,AAPL,318.01,2.0,318.04,2.0,1.0,0.0,2020-01-22 09:34:17.613852,318.04,318.07,0,0.03000000000002956,0.07592178118147785,1,-1,0.0,0.00121
198,2020-01-22 09:34:19,N,AAPL,318.04,5.0,318.07,2.0,-1.0,0.0,2020-01-22 09:34:19.471117,318.04,318.06,0,0.029999999999972715,0.07631846147035048,1,-1,0.42857142857142855,0.00121
199,2020-01-22 09:34:20,N,AAPL,318.04,4.0,318.06,4.0,-1.0,2.0,2020-01-22 09:34:20.122983,318.0,318.06,0,0.01999999999998181,0.07597049939499811,1,-1,0.0,0.00121
200,2020-01-22 09:34:21,N,AAPL,318.0,1.0,318.06,2.0,0.0,1.0,2020-01-22 09:34:21.233137,318.1,318.11,1,0.060000000000002274,0.07571670819487508,1,1,-0.3333333333333333,0.00121
201,2020-01-22 09:34:23,N,AAPL,318.1,1.0,318.11,1.0,-1.0,-1.0,2020-01-22 09:34:23.715089,318.11,318.12,0,0.009999999999990905,0.07559442216307843,1,-1,0.0,0.00121
202,2020-01-22 09:34:24,N,AAPL,318.11,2.0,318.12,2.0,1.0,1.0,2020-01-22 09:34:24.143257,318.08,318.14,0,0.009999999999990905,0.07534538960726422,1,1,0.0,0.00121
203,2020-01-22 09:34:25,N,AAPL,318.08,2.0,318.14,4.0,0.0,3.0,2020-01-22 09:34:25.043546,318.11,318.15,0,0.060000000000002274,0.0751103119630443,1,1,-0.3333333333333333,0.00121
204,2020-01-22 09:34:26,N,AAPL,318.11,2.0,318.15,2.0,0.0,-2.0,2020-01-22 09:34:26.017720,318.11,318.14,0,0.03999999999996362,0.07498021978011593,1,-1,0.0,0.00121
205,2020-01-22 09:34:27,N,AAPL,318.11,1.0,318.14,4.0,-1.0,2.0,2020-01-22 09:34:27.647990,318.14,318.17,0,0.029999999999972715,0.07460671409137376,1,-1,-0.6,0.00121
206,2020-01-22 09:34:28,N,AAPL,318.14,1.0,318.17,2.0,-3.0,0.0,2020-01-22 09:34:28.476332,318.08,318.14,0,0.03000000000002956,0.0744762575874347,1,1,-0.3333333333333333,0.00121
207,2020-01-22 09:34:29,N,AAPL,318.08,3.0,318.14,2.0,2.0,1.0,2020-01-22 09:34:29.183400,318.07,318.12,0,0.060000000000002274,0.07452235092586079,1,1,0.2,0.00121
208,2020-01-22 09:34:30,N,AAPL,318.07,2.0,318.12,2.0,1.0,-2.0,2020-01-22 09:34:30.030098,318.07,318.13,0,0.05000000000001137,0.07445786300922919,1,-1,0.0,0.00121
209,2020-01-22 09:34:31,N,AAPL,318.07,2.0,318.13,1.0,1.0,-1.0,2020-01-22 09:34:31.011330,318.07,318.11,0,0.060000000000002274,0.07454291044774664,1,1,0.3333333333333333,0.00121
210,2020-01-22 09:34:33,N,AAPL,318.07,1.0,318.11,2.0,-2.0,1.0,2020-01-22 09:34:33.742193,318.07,318.1,0,0.040000000000020464,0.07434300675532768,1,-1,-0.3333333333333333,0.00121
211,2020-01-22 09:34:34,N,AAPL,318.07,1.0,318.1,2.0,0.0,0.0,2020-01-22 09:34:34.780599,318.03,318.07,0,0.03000000000002956,0.07410785248760021,1,-1,-0.3333333333333333,0.00121
212,2020-01-22 09:34:35,N,AAPL,318.03,2.0,318.07,2.0,1.0,0.0,2020-01-22 09:34:35.056422,318.09,318.13,1,0.040000000000020464,0.07403183839522853,1,1,0.0,0.00121
213,2020-01-22 09:34:37,N,AAPL,318.09,3.0,318.13,2.0,2.0,0.0,2020-01-22 09:34:37.411761,318.19,318.23,1,0.040000000000020464,0.07397421787186431,1,1,0.2,0.00121
214,2020-01-22 09:34:38,N,AAPL,318.19,6.0,318.23,2.0,4.0,-2.0,2020-01-22 09:34:38.374671,318.16,318.22,0,0.040000000000020464,0.07318024742551188,1,1,0.5,0.00121
215,2020-01-22 09:34:39,N,AAPL,318.16,2.0,318.22,2.0,0.0,-1.0,2020-01-22 09:34:39.268638,318.04,318.1,-1,0.060000000000002274,0.07310893284363829,1,1,0.0,0.00136
216,2020-01-22 09:34:40,N,AAPL,318.04,2.0,318.1,1.0,0.0,0.0,2020-01-22 09:34:40.303402,318.1,318.17,0,0.060000000000002274,0.0732627078529049,1,1,0.3333333333333333,0.00136
217,2020-01-22 09:34:41,N,AAPL,318.1,5.0,318.17,4.0,3.0,3.0,2020-01-22 09:34:41.942525,318.11,318.15,0,0.06999999999999318,0.07328712075548083,1,1,0.1111111111111111,0.00136
218,2020-01-22 09:34:42,N,AAPL,318.11,2.0,318.15,2.0,-3.0,-2.0,2020-01-22 09:34:42.144853,318.14,318.19,0,0.03999999999996362,0.0731699158174024,1,-1,0.0,0.00136
219,2020-01-22 09:34:43,N,AAPL,318.14,1.0,318.19,3.0,0.0,2.0,2020-01-22 09:34:43.114704,318.12,318.17,0,0.05000000000001137,0.07312685533344165,1,1,-0.5,0.00136
220,2020-01-22 09:34:44,N,AAPL,318.12,2.0,318.17,3.0,0.0,1.0,2020-01-22 09:34:44.100536,318.09,318.12,0,0.05000000000001137,0.07300881100445622,1,1,-0.2,0.00136
221,2020-01-22 09:34:45,N,AAPL,318.09,1.0,318.12,1.0,0.0,-1.0,2020-01-22 09:34:45.684228,318.13,318.19,1,0.03000000000002956,0.07293876399614874,1,-1,0.0,0.00136
222,2020-01-22 09:34:46,N,AAPL,318.13,1.0,318.19,2.0,-1.0,1.0,2020-01-22 09:34:46.837838,318.12,318.17,0,0.060000000000002274,0.07291481449505,1,1,-0.3333333333333333,0.00136
223,2020-01-22 09:34:47,N,AAPL,318.12,1.0,318.17,2.0,0.0,0.0,2020-01-22 09:34:47.221678,318.14,318.18,0,0.05000000000001137,0.07284051730306373,1,-1,-0.3333333333333333,0.00136
224,2020-01-22 09:34:48,N,AAPL,318.14,1.0,318.18,4.0,0.0,2.0,2020-01-22 09:34:48.574431,318.08,318.13,-1,0.040000000000020464,0.07273205741631728,1,-1,-0.6,0.00136
225,2020-01-22 09:34:49,N,AAPL,318.08,3.0,318.13,2.0,1.0,-1.0,2020-01-22 09:34:49.569648,318.12,318.18,0,0.05000000000001137,0.07274264891736948,1,1,0.2,0.00136
226,2020-01-22 09:34:51,N,AAPL,318.12,2.0,318.18,2.0,-1.0,0.0,2020-01-22 09:34:51.027913,318.11,318.15,0,0.060000000000002274,0.07269588850181208,1,1,0.0,0.00136
227,2020-01-22 09:34:52,N,AAPL,318.11,2.0,318.15,1.0,0.0,-1.0,2020-01-22 09:34:52.503658,318.12,318.19,0,0.03999999999996362,0.07265123852420174,1,-1,0.3333333333333333,0.00136
228,2020-01-22 09:34:53,N,AAPL,318.12,2.0,318.19,2.0,-1.0,0.0,2020-01-22 09:34:53.092886,318.17,318.2,0,0.06999999999999318,0.0726397485627217,1,1,0.0,0.00136
229,2020-01-22 09:34:55,N,AAPL,318.17,1.0,318.2,2.0,-1.0,-1.0,2020-01-22 09:34:55.163577,318.1,318.14,-1,0.029999999999972715,0.07257288941326578,1,-1,-0.3333333333333333,0.00136
230,2020-01-22 09:34:56,N,AAPL,318.1,1.0,318.14,2.0,0.0,-1.0,2020-01-22 09:34:56.495779,318.07,318.12,0,0.03999999999996362,0.07243797323684475,1,1,-0.3333333333333333,0.00136
231,2020-01-22 09:34:57,N,AAPL,318.07,1.0,318.12,2.0,0.0,0.0,2020-01-22 09:34:57.174527,318.11,318.15,0,0.05000000000001137,0.07229463328155816,1,1,-0.3333333333333333,0.00136
232,2020-01-22 09:34:58,N,AAPL,318.11,1.0,318.15,4.0,0.0,2.0,2020-01-22 09:34:58.851830,318.1,318.15,0,0.03999999999996362,0.07204828367918026,1,-1,-0.6,0.00136
233,2020-01-22 09:34:59,N,AAPL,318.1,1.0,318.15,2.0,0.0,1.0,2020-01-22 09:34:59.281954,317.96,317.98,-1,0.049999999999954525,0.0719513610694662,1,1,-0.3333333333333333,0.00136
234,2020-01-22 09:35:06,N,AAPL,317.96,1.0,317.98,3.0,-1.0,-1.0,2020-01-22 09:35:06.175351,317.95,317.96,0,0.020000000000038654,0.07120535241119796,1,-1,-0.5,0.00136
235,2020-01-22 09:35:07,N,AAPL,317.95,1.0,317.96,4.0,0.0,2.0,2020-01-22 09:35:07.122692,317.92,317.94,-1,0.009999999999990905,0.07000971906643372,1,-1,-0.6,0.00136
236,2020-01-22 09:35:08,N,AAPL,317.92,2.0,317.94,2.0,1.0,-2.0,2020-01-22 09:35:08.118852,317.9,317.93,0,0.01999999999998181,0.06995038692980415,1,1,0.0,0.00136
237,2020-01-22 09:35:10,N,AAPL,317.9,4.0,317.93,4.0,2.0,2.0,2020-01-22 09:35:10.478048,317.85,317.87,-1,0.03000000000002956,0.06991871068066757,1,1,0.0,0.00136
238,2020-01-22 09:35:16,N,AAPL,317.85,21.0,317.87,4.0,17.0,2.0,2020-01-22 09:35:16.402391,317.8,317.81,-1,0.01999999999998181,0.07809764805472241,1,-1,0.68,0.00136
239,2020-01-22 09:35:17,N,AAPL,317.8,1.0,317.81,1.0,-20.0,-3.0,2020-01-22 09:35:17.043005,317.71,317.75,-1,0.009999999999990905,0.07804824970276059,1,-1,0.0,0.00136
240,2020-01-22 09:35:18,N,AAPL,317.71,6.0,317.75,4.0,4.0,1.0,2020-01-22 09:35:18.015647,317.64,317.69,-1,0.040000000000020464,0.07954641961589459,1,1,0.2,0.00136
241,2020-01-22 09:35:19,N,AAPL,317.64,4.0,317.69,2.0,3.0,1.0,2020-01-22 09:35:19.132091,317.64,317.65,0,0.05000000000001137,0.0812896056006025,0,1,0.3333333333333333,0.00136
242,2020-01-22 09:35:20,N,AAPL,317.64,1.0,317.65,2.0,-3.0,1.0,2020-01-22 09:35:20.205523,317.63,317.65,0,0.009999999999990905,0.08040694752395439,1,-1,-0.3333333333333333,0.00136
243,2020-01-22 09:35:21,N,AAPL,317.63,1.0,317.65,4.0,-9.0,0.0,2020-01-22 09:35:21.820235,317.64,317.65,0,0.01999999999998181,0.07786462563285568,1,1,-0.6,0.00136
244,2020-01-22 09:35:22,N,AAPL,317.64,4.0,317.65,2.0,-6.0,-2.0,2020-01-22 09:35:22.073510,317.64,317.66,0,0.009999999999990905,0.07944892718802521,1,-1,0.3333333333333333,0.00136
245,2020-01-22 09:35:23,N,AAPL,317.64,1.0,317.66,2.0,0.0,-1.0,2020-01-22 09:35:23.018566,317.64,317.66,0,0.020000000000038654,0.07862425950082752,1,1,-0.3333333333333333,0.00136
246,2020-01-22 09:35:24,N,AAPL,317.64,1.0,317.66,1.0,-3.0,-3.0,2020-01-22 09:35:24.275544,317.65,317.67,0,0.020000000000038654,0.07861670234308349,1,1,0.0,0.00136
247,2020-01-22 09:35:25,N,AAPL,317.65,1.0,317.67,2.0,-1.0,-1.0,2020-01-22 09:35:25.271656,317.63,317.66,0,0.020000000000038654,0.07781591031397284,1,1,-0.3333333333333333,0.00136
248,2020-01-22 09:35:26,N,AAPL,317.63,2.0,317.66,5.0,-1.0,3.0,2020-01-22 09:35:26.435365,317.62,317.63,0,0.03000000000002956,0.07544976794196145,1,1,-0.42857142857142855,0.00136
249,2020-01-22 09:35:27,N,AAPL,317.62,9.0,317.63,4.0,7.0,0.0,2020-01-22 09:35:27.793795,317.59,317.6,-1,0.009999999999990905,0.07946285097483496,1,-1,0.38461538461538464,0.00136
250,2020-01-22 09:35:28,N,AAPL,317.59,5.0,317.6,4.0,-1.0,1.0,2020-01-22 09:35:28.733639,317.68,317.69,1,0.010000000000047748,0.08022312738199844,1,1,0.1111111111111111,0.00136
251,2020-01-22 09:35:32,N,AAPL,317.68,1.0,317.69,2.0,-7.0,0.0,2020-01-22 09:35:32.974059,317.69,317.72,0,0.009999999999990905,0.07946081530207039,1,-1,-0.3333333333333333,0.00136
252,2020-01-22 09:35:33,N,AAPL,317.69,3.0,317.72,2.0,1.0,-2.0,2020-01-22 09:35:33.188376,317.74,317.78,1,0.03000000000002956,0.0801028644921189,1,1,0.2,0.00136
253,2020-01-22 09:35:34,N,AAPL,317.74,1.0,317.78,1.0,-1.0,0.0,2020-01-22 09:35:34.808187,317.71,317.75,0,0.03999999999996362,0.08009823641094727,1,1,0.0,0.00136
254,2020-01-22 09:35:35,N,AAPL,317.71,2.0,317.75,5.0,1.0,4.0,2020-01-22 09:35:35.006161,317.69,317.73,0,0.040000000000020464,0.07825461652896593,1,1,-0.42857142857142855,0.00136
255,2020-01-22 09:35:36,N,AAPL,317.69,1.0,317.73,4.0,0.0,2.0,2020-01-22 09:35:36.029607,317.71,317.73,0,0.040000000000020464,0.0763504944137594,1,1,-0.6,0.00171
256,2020-01-22 09:35:37,N,AAPL,317.71,3.0,317.73,2.0,0.0,0.0,2020-01-22 09:35:37.009736,317.66,317.7,-1,0.020000000000038654,0.07692164154752845,1,-1,0.2,0.00171
257,2020-01-22 09:35:39,N,AAPL,317.66,2.0,317.7,3.0,-1.0,0.0,2020-01-22 09:35:39.320358,317.63,317.68,0,0.03999999999996362,0.07628511363213875,1,1,-0.2,0.00171
258,2020-01-22 09:35:40,N,AAPL,317.63,1.0,317.68,3.0,-1.0,1.0,2020-01-22 09:35:40.325895,317.6,317.64,0,0.05000000000001137,0.0749313552954618,1,1,-0.5,0.00171
259,2020-01-22 09:35:41,N,AAPL,317.6,5.0,317.64,4.0,0.0,0.0,2020-01-22 09:35:41.321186,317.62,317.65,0,0.03999999999996362,0.07584318299956294,1,-1,0.1111111111111111,0.00171
260,2020-01-22 09:35:42,N,AAPL,317.62,4.0,317.65,4.0,0.0,3.0,2020-01-22 09:35:42.845809,317.62,317.65,0,0.029999999999972715,0.07588660792742985,1,-1,0.0,0.00171
261,2020-01-22 09:35:43,N,AAPL,317.62,4.0,317.65,2.0,0.0,1.0,2020-01-22 09:35:43.122173,317.64,317.65,0,0.029999999999972715,0.07735721140363694,1,1,0.3333333333333333,0.00171
262,2020-01-22 09:35:44,N,AAPL,317.64,3.0,317.65,1.0,-1.0,-1.0,2020-01-22 09:35:44.946768,317.66,317.7,1,0.009999999999990905,0.07869885288533851,1,-1,0.5,0.00171
263,2020-01-22 09:35:45,N,AAPL,317.66,2.0,317.7,2.0,0.0,0.0,2020-01-22 09:35:45.129942,317.73,317.75,1,0.03999999999996362,0.07871468304085738,1,1,0.0,0.00171
264,2020-01-22 09:35:46,N,AAPL,317.73,1.0,317.75,1.0,0.0,0.0,2020-01-22 09:35:46.050083,317.78,317.79,1,0.01999999999998181,0.07868099334899625,1,-1,0.0,0.00171
265,2020-01-22 09:35:47,N,AAPL,317.78,2.0,317.79,1.0,0.0,0.0,2020-01-22 09:35:47.278180,317.86,317.9,1,0.010000000000047748,0.07906775585138348,1,-1,0.3333333333333333,0.00171
266,2020-01-22 09:35:51,N,AAPL,317.86,1.0,317.9,4.0,0.0,3.0,2020-01-22 09:35:51.181073,317.79,317.82,-1,0.03999999999996362,0.078033027965148,1,1,-0.6,0.00171
267,2020-01-22 09:35:52,N,AAPL,317.79,2.0,317.82,1.0,1.0,-1.0,2020-01-22 09:35:52.587089,317.82,317.85,0,0.029999999999972715,0.07842928507659508,1,-1,0.3333333333333333,0.00171
268,2020-01-22 09:35:55,N,AAPL,317.82,3.0,317.85,1.0,1.0,0.0,2020-01-22 09:35:55.331102,317.89,317.92,1,0.03000000000002956,0.07913802064695119,1,1,0.5,0.00171
269,2020-01-22 09:35:56,N,AAPL,317.89,2.0,317.92,1.0,0.0,-1.0,2020-01-22 09:35:56.334804,317.88,317.93,0,0.03000000000002956,0.07934588798099185,1,1,0.3333333333333333,0.00171
270,2020-01-22 09:35:57,N,AAPL,317.88,2.0,317.93,1.0,0.0,0.0,2020-01-22 09:35:57.331848,317.9,317.94,0,0.05000000000001137,0.07959827206673253,1,1,0.3333333333333333,0.00171
271,2020-01-22 09:35:58,N,AAPL,317.9,1.0,317.94,3.0,0.0,1.0,2020-01-22 09:35:58.899815,317.95,317.99,1,0.040000000000020464,0.07902223317836388,1,-1,-0.5,0.00171
272,2020-01-22 09:36:00,N,AAPL,317.95,2.0,317.99,2.0,1.0,-1.0,2020-01-22 09:36:00.366068,317.99,318.01,0,0.040000000000020464,0.0789390234227767,1,1,0.0,0.00171
273,2020-01-22 09:36:01,N,AAPL,317.99,2.0,318.01,2.0,-2.0,-6.0,2020-01-22 09:36:01.183904,318.05,318.06,1,0.01999999999998181,0.07878578518682389,1,-1,0.0,0.00171
274,2020-01-22 09:36:04,N,AAPL,318.05,1.0,318.06,2.0,0.0,0.0,2020-01-22 09:36:04.479510,318.0,318.05,0,0.009999999999990905,0.07859285425683993,1,-1,-0.3333333333333333,0.00171
275,2020-01-22 09:36:05,N,AAPL,318.0,1.0,318.05,1.0,-1.0,0.0,2020-01-22 09:36:05.004165,318.02,318.04,0,0.05000000000001137,0.07855880159462458,1,1,0.0,0.00171
276,2020-01-22 09:36:06,N,AAPL,318.02,1.0,318.04,1.0,-1.0,-1.0,2020-01-22 09:36:06.807322,318.0,318.03,0,0.020000000000038654,0.07847853774399027,1,-1,0.0,0.00171
277,2020-01-22 09:36:07,N,AAPL,318.0,3.0,318.03,2.0,2.0,-1.0,2020-01-22 09:36:07.034462,318.04,318.07,1,0.029999999999972715,0.07842563366807553,1,1,0.2,0.00171
278,2020-01-22 09:36:08,N,AAPL,318.04,2.0,318.07,1.0,1.0,0.0,2020-01-22 09:36:08.038135,318.07,318.11,0,0.029999999999972715,0.07836549272792581,1,1,0.3333333333333333,0.00171
279,2020-01-22 09:36:09,N,AAPL,318.07,2.0,318.11,1.0,0.0,0.0,2020-01-22 09:36:09.132699,318.06,318.08,0,0.040000000000020464,0.07826805305461448,1,1,0.3333333333333333,0.00171
280,2020-01-22 09:36:12,N,AAPL,318.06,2.0,318.08,2.0,0.0,1.0,2020-01-22 09:36:12.810606,318.05,318.09,0,0.01999999999998181,0.07809755156608844,1,-1,0.0,0.00171
281,2020-01-22 09:36:13,N,AAPL,318.05,2.0,318.09,2.0,0.0,-3.0,2020-01-22 09:36:13.097829,318.04,318.07,0,0.03999999999996362,0.07798784430360683,1,1,0.0,0.00171
282,2020-01-22 09:36:14,N,AAPL,318.04,3.0,318.07,1.0,1.0,-2.0,2020-01-22 09:36:14.203446,318.05,318.1,0,0.029999999999972715,0.07793746011202529,1,-1,0.5,0.00171
283,2020-01-22 09:36:15,N,AAPL,318.05,1.0,318.1,2.0,-2.0,1.0,2020-01-22 09:36:15.098270,318.06,318.09,0,0.05000000000001137,0.07786414621449467,1,1,-0.3333333333333333,0.00171
284,2020-01-22 09:36:18,N,AAPL,318.06,2.0,318.09,1.0,1.0,0.0,2020-01-22 09:36:18.620456,318.09,318.12,0,0.029999999999972715,0.07777181600152971,1,-1,0.3333333333333333,0.00171
285,2020-01-22 09:36:20,N,AAPL,318.09,4.0,318.12,1.0,2.0,0.0,2020-01-22 09:36:20.274812,318.09,318.14,0,0.03000000000002956,0.07749241473118218,1,1,0.6,0.00171
286,2020-01-22 09:36:21,N,AAPL,318.09,2.0,318.14,4.0,1.0,0.0,2020-01-22 09:36:21.511504,318.06,318.09,0,0.05000000000001137,0.0774503889369953,1,1,-0.3333333333333333,0.00171
287,2020-01-22 09:36:22,N,AAPL,318.06,1.0,318.09,1.0,0.0,-1.0,2020-01-22 09:36:22.054186,318.12,318.16,1,0.029999999999972715,0.07738195418420446,1,-1,0.0,0.00171
288,2020-01-22 09:36:23,N,AAPL,318.12,1.0,318.16,2.0,-1.0,1.0,2020-01-22 09:36:23.199799,318.12,318.16,0,0.040000000000020464,0.0773709940366416,1,1,-0.3333333333333333,0.00171
289,2020-01-22 09:36:24,N,AAPL,318.12,2.0,318.16,2.0,1.0,0.0,2020-01-22 09:36:24.735376,318.12,318.15,0,0.040000000000020464,0.07724687472011738,1,1,0.0,0.00171
290,2020-01-22 09:36:25,N,AAPL,318.12,2.0,318.15,1.0,1.0,-1.0,2020-01-22 09:36:25.416949,318.13,318.16,0,0.029999999999972715,0.07705894592032791,1,-1,0.3333333333333333,0.00171
291,2020-01-22 09:36:26,N,AAPL,318.13,2.0,318.16,1.0,0.0,0.0,2020-01-22 09:36:26.412554,318.15,318.17,0,0.03000000000002956,0.0768557943107453,1,1,0.3333333333333333,0.00171
292,2020-01-22 09:36:28,N,AAPL,318.15,4.0,318.17,4.0,2.0,3.0,2020-01-22 09:36:28.011955,318.14,318.18,0,0.020000000000038654,0.07648859443492029,1,-1,0.0,0.00171
293,2020-01-22 09:36:35,N,AAPL,318.14,10.0,318.18,1.0,6.0,-1.0,2020-01-22 09:36:35.315802,318.16,318.19,0,0.040000000000020464,0.07518753288604785,1,1,0.8181818181818182,0.00171
294,2020-01-22 09:36:37,N,AAPL,318.16,2.0,318.19,1.0,0.0,-1.0,2020-01-22 09:36:37.291055,318.14,318.16,0,0.029999999999972715,0.07494851120435442,1,-1,0.3333333333333333,0.00171
295,2020-01-22 09:36:38,N,AAPL,318.14,10.0,318.16,3.0,9.0,2.0,2020-01-22 09:36:38.644089,318.12,318.13,-1,0.020000000000038654,0.07376735106998922,1,-1,0.5384615384615384,0.00171
296,2020-01-22 09:36:39,N,AAPL,318.12,1.0,318.13,4.0,-9.0,1.0,2020-01-22 09:36:39.279734,318.13,318.18,0,0.009999999999990905,0.07369763870605084,1,-1,-0.6,0.00171
297,2020-01-22 09:36:40,N,AAPL,318.13,2.0,318.18,3.0,1.0,2.0,2020-01-22 09:36:40.017968,318.1,318.13,0,0.05000000000001137,0.07369396666967987,1,1,-0.2,0.00171
298,2020-01-22 09:36:41,N,AAPL,318.1,1.0,318.13,2.0,-1.0,1.0,2020-01-22 09:36:41.496664,318.1,318.14,0,0.029999999999972715,0.07363748777254386,1,-1,-0.3333333333333333,0.00171
299,2020-01-22 09:36:42,N,AAPL,318.1,2.0,318.14,3.0,1.0,1.0,2020-01-22 09:36:42.061963,318.14,318.17,0,0.03999999999996362,0.0735579710145089,1,1,-0.2,0.00171
300,2020-01-22 09:36:43,N,AAPL,318.14,2.0,318.17,2.0,-2.0,1.0,2020-01-22 09:36:43.400131,318.18,318.19,1,0.03000000000002956,0.07342321954416775,1,-1,0.0,0.00171
301,2020-01-22 09:36:46,N,AAPL,318.18,1.0,318.19,4.0,-1.0,3.0,2020-01-22 09:36:46.043310,318.18,318.2,0,0.009999999999990905,0.07369858788842976,1,-1,-0.6,0.00285
302,2020-01-22 09:36:47,N,AAPL,318.18,2.0,318.2,27.0,1.0,24.0,2020-01-22 09:36:47.431407,318.18,318.2,0,0.01999999999998181,0.07610215551852662,1,1,-0.8620689655172413,0.00285
303,2020-01-22 09:36:48,N,AAPL,318.18,4.0,318.2,27.0,3.0,26.0,2020-01-22 09:36:48.605710,318.18,318.2,0,0.01999999999998181,0.07811774700843443,1,1,-0.7419354838709677,0.00285
304,2020-01-22 09:36:49,N,AAPL,318.18,6.0,318.2,11.0,4.0,10.0,2020-01-22 09:36:49.217087,318.18,318.19,0,0.01999999999998181,0.04624985295407669,1,1,-0.29411764705882354,0.00285
305,2020-01-22 09:36:50,N,AAPL,318.18,4.0,318.19,2.0,0.0,-9.0,2020-01-22 09:36:50.053397,318.19,318.2,0,0.009999999999990905,0.04745154003484231,1,-1,0.3333333333333333,0.00285
306,2020-01-22 09:36:52,N,AAPL,318.19,4.0,318.2,4.0,1.0,2.0,2020-01-22 09:36:52.513091,318.14,318.18,-1,0.009999999999990905,0.051630974389638595,1,1,0.0,0.00285
307,2020-01-22 09:36:53,N,AAPL,318.14,2.0,318.18,3.0,-2.0,-1.0,2020-01-22 09:36:53.173063,318.15,318.17,0,0.040000000000020464,0.05118293583819877,1,1,-0.2,0.00285
308,2020-01-22 09:36:54,N,AAPL,318.15,1.0,318.17,4.0,-1.0,2.0,2020-01-22 09:36:54.627709,318.08,318.12,-1,0.020000000000038654,0.049812349830062885,1,-1,-0.6,0.00285
309,2020-01-22 09:36:56,N,AAPL,318.08,4.0,318.12,2.0,3.0,0.0,2020-01-22 09:36:56.257113,318.1,318.1,0,0.040000000000020464,0.05060082900723728,1,1,0.3333333333333333,0.00285
310,2020-01-22 09:36:58,N,AAPL,318.1,1.0,318.1,4.0,0.0,2.0,2020-01-22 09:36:58.686025,318.11,318.13,1,0.0,0.05320418471671928,1,-1,-0.6,0.00285
311,2020-01-22 09:37:00,N,AAPL,318.11,2.0,318.13,2.0,1.0,0.0,2020-01-22 09:37:00.346432,318.15,318.18,1,0.01999999999998181,0.05718968825880211,1,1,0.0,0.00285
312,2020-01-22 09:37:01,N,AAPL,318.15,2.0,318.18,2.0,0.0,0.0,2020-01-22 09:37:01.121234,318.14,318.16,0,0.03000000000002956,0.05648623176938372,1,1,0.0,0.00285
313,2020-01-22 09:37:02,N,AAPL,318.14,4.0,318.16,2.0,2.0,0.0,2020-01-22 09:37:02.320516,318.11,318.13,-1,0.020000000000038654,0.05623695492391789,1,-1,0.3333333333333333,0.00285
314,2020-01-22 09:37:03,N,AAPL,318.11,1.0,318.13,1.0,-1.0,0.0,2020-01-22 09:37:03.239285,318.13,318.17,0,0.01999999999998181,0.05553372376766674,1,-1,0.0,0.00285
315,2020-01-22 09:37:04,N,AAPL,318.13,4.0,318.17,1.0,3.0,0.0,2020-01-22 09:37:04.587218,318.17,318.2,0,0.040000000000020464,0.05440505708293131,1,1,0.6,0.00285
316,2020-01-22 09:37:05,N,AAPL,318.17,4.0,318.2,7.0,3.0,6.0,2020-01-22 09:37:05.798331,318.16,318.19,0,0.029999999999972715,0.05362320633355466,1,-1,-0.2727272727272727,0.00285
317,2020-01-22 09:37:06,N,AAPL,318.16,1.0,318.19,2.0,-3.0,-5.0,2020-01-22 09:37:06.219627,318.19,318.2,0,0.029999999999972715,0.053766889805160645,1,1,-0.3333333333333333,0.00285
318,2020-01-22 09:37:08,N,AAPL,318.19,1.0,318.2,7.0,-1.0,1.0,2020-01-22 09:37:08.179388,318.17,318.18,-1,0.009999999999990905,0.054197436644813024,1,-1,-0.75,0.00285
319,2020-01-22 09:37:09,N,AAPL,318.17,1.0,318.18,5.0,-1.0,-1.0,2020-01-22 09:37:09.937351,318.17,318.18,0,0.009999999999990905,0.05419958821016735,1,1,-0.6666666666666666,0.00285
320,2020-01-22 09:37:10,N,AAPL,318.17,5.0,318.18,1.0,4.0,0.0,2020-01-22 09:37:10.010106,318.14,318.17,0,0.009999999999990905,0.05547612281606007,1,1,0.6666666666666666,0.00285
321,2020-01-22 09:37:11,N,AAPL,318.14,2.0,318.17,1.0,0.0,-1.0,2020-01-22 09:37:11.569662,318.16,318.19,0,0.03000000000002956,0.05650032087527279,1,1,0.3333333333333333,0.00285
322,2020-01-22 09:37:12,N,AAPL,318.16,4.0,318.19,2.0,3.0,1.0,2020-01-22 09:37:12.939424,318.15,318.19,0,0.029999999999972715,0.056778728745882745,1,-1,0.3333333333333333,0.00285
323,2020-01-22 09:37:13,N,AAPL,318.15,1.0,318.19,1.0,-1.0,-5.0,2020-01-22 09:37:13.308054,318.07,318.09,-1,0.040000000000020464,0.055743807737258066,1,1,0.0,0.00285
324,2020-01-22 09:37:14,N,AAPL,318.07,1.0,318.09,2.0,-2.0,0.0,2020-01-22 09:37:14.164361,318.09,318.13,0,0.01999999999998181,0.05519128943257101,1,-1,-0.3333333333333333,0.00285
325,2020-01-22 09:37:15,N,AAPL,318.09,2.0,318.13,2.0,1.0,0.0,2020-01-22 09:37:15.666145,318.09,318.13,0,0.040000000000020464,0.055163944614378124,1,1,0.0,0.00285
326,2020-01-22 09:37:16,N,AAPL,318.09,4.0,318.13,2.0,2.0,1.0,2020-01-22 09:37:16.174271,318.09,318.13,0,0.040000000000020464,0.05495611499856068,1,1,0.3333333333333333,0.00285
327,2020-01-22 09:37:17,N,AAPL,318.09,1.0,318.13,2.0,-2.0,-2.0,2020-01-22 09:37:17.478418,318.11,318.15,0,0.040000000000020464,0.054431472467399544,1,1,-0.3333333333333333,0.00285
328,2020-01-22 09:37:18,N,AAPL,318.11,1.0,318.15,2.0,0.0,0.0,2020-01-22 09:37:18.337480,318.16,318.17,1,0.03999999999996362,0.05391610891393839,1,-1,-0.3333333333333333,0.00285
329,2020-01-22 09:37:19,N,AAPL,318.16,1.0,318.17,1.0,-1.0,0.0,2020-01-22 09:37:19.672816,318.17,318.19,0,0.009999999999990905,0.05198980994344993,1,-1,0.0,0.0033
330,2020-01-22 09:37:20,N,AAPL,318.17,2.0,318.19,2.0,1.0,1.0,2020-01-22 09:37:20.592498,318.17,318.19,0,0.01999999999998181,0.052008059651370786,1,1,0.0,0.0033
331,2020-01-22 09:37:21,N,AAPL,318.17,4.0,318.19,2.0,2.0,0.0,2020-01-22 09:37:21.609276,318.15,318.18,0,0.01999999999998181,0.05246808714855433,1,1,0.3333333333333333,0.0033
332,2020-01-22 09:37:23,N,AAPL,318.15,1.0,318.18,2.0,-3.0,1.0,2020-01-22 09:37:23.579633,318.16,318.19,0,0.03000000000002956,0.05299293469903432,1,1,-0.3333333333333333,0.0033
333,2020-01-22 09:37:24,N,AAPL,318.16,1.0,318.19,1.0,0.0,-1.0,2020-01-22 09:37:24.725820,318.17,318.19,0,0.029999999999972715,0.05307396939770115,1,-1,0.0,0.0033
334,2020-01-22 09:37:26,N,AAPL,318.17,4.0,318.19,2.0,3.0,1.0,2020-01-22 09:37:26.234594,318.18,318.2,0,0.01999999999998181,0.0525511736150861,1,-1,0.3333333333333333,0.0033
335,2020-01-22 09:37:27,N,AAPL,318.18,1.0,318.2,6.0,0.0,5.0,2020-01-22 09:37:27.064927,318.12,318.15,-1,0.01999999999998181,0.05352093176679773,1,1,-0.7142857142857143,0.0033
336,2020-01-22 09:37:29,N,AAPL,318.12,1.0,318.15,3.0,0.0,2.0,2020-01-22 09:37:29.940847,318.12,318.16,0,0.029999999999972715,0.053997548456493405,1,1,-0.5,0.0033
337,2020-01-22 09:37:30,N,AAPL,318.12,4.0,318.16,1.0,3.0,0.0,2020-01-22 09:37:30.119522,318.11,318.13,0,0.040000000000020464,0.05358083262120772,1,1,0.6,0.0033
338,2020-01-22 09:37:31,N,AAPL,318.11,3.0,318.13,4.0,1.0,1.0,2020-01-22 09:37:31.749486,318.11,318.12,0,0.01999999999998181,0.05358616618121914,1,-1,-0.14285714285714285,0.0033
339,2020-01-22 09:37:33,N,AAPL,318.11,1.0,318.12,2.0,0.0,0.0,2020-01-22 09:37:33.074429,318.12,318.15,0,0.009999999999990905,0.05410560579508683,1,-1,-0.3333333333333333,0.0033
340,2020-01-22 09:37:34,N,AAPL,318.12,2.0,318.15,1.0,0.0,-2.0,2020-01-22 09:37:34.007993,318.12,318.15,0,0.029999999999972715,0.05388331601642449,1,1,0.3333333333333333,0.0033
341,2020-01-22 09:37:35,N,AAPL,318.12,1.0,318.15,1.0,0.0,0.0,2020-01-22 09:37:35.356183,318.15,318.19,0,0.029999999999972715,0.05405580440651647,1,1,0.0,0.0033
342,2020-01-22 09:37:36,N,AAPL,318.15,2.0,318.19,1.0,1.0,0.0,2020-01-22 09:37:36.105287,318.15,318.19,0,0.040000000000020464,0.05389523964828413,1,1,0.3333333333333333,0.0033
343,2020-01-22 09:37:37,N,AAPL,318.15,4.0,318.19,1.0,3.0,-1.0,2020-01-22 09:37:37.594455,318.16,318.19,0,0.040000000000020464,0.05359902036121866,1,1,0.6,0.0033
344,2020-01-22 09:37:38,N,AAPL,318.16,2.0,318.19,1.0,0.0,0.0,2020-01-22 09:37:38.825840,318.14,318.17,0,0.029999999999972715,0.05360326105915192,1,-1,0.3333333333333333,0.0033
345,2020-01-22 09:37:40,N,AAPL,318.14,1.0,318.17,2.0,0.0,0.0,2020-01-22 09:37:40.281581,318.14,318.17,0,0.03000000000002956,0.053594544757345375,1,1,-0.3333333333333333,0.0033
346,2020-01-22 09:37:41,N,AAPL,318.14,1.0,318.17,2.0,0.0,1.0,2020-01-22 09:37:41.576162,318.13,318.15,0,0.03000000000002956,0.053840478917948076,1,1,-0.3333333333333333,0.0033
347,2020-01-22 09:37:42,N,AAPL,318.13,5.0,318.15,2.0,4.0,1.0,2020-01-22 09:37:42.909256,318.13,318.15,0,0.01999999999998181,0.05324811090940784,1,-1,0.42857142857142855,0.0033
348,2020-01-22 09:37:43,N,AAPL,318.13,5.0,318.15,4.0,0.0,2.0,2020-01-22 09:37:43.052259,318.1,318.13,0,0.01999999999998181,0.0529209967014026,1,1,0.1111111111111111,0.0033
349,2020-01-22 09:37:44,N,AAPL,318.1,5.0,318.13,2.0,-3.0,1.0,2020-01-22 09:37:44.180013,318.12,318.17,0,0.029999999999972715,0.052688572888200724,1,1,0.42857142857142855,0.0033
350,2020-01-22 09:37:46,N,AAPL,318.12,2.0,318.17,1.0,0.0,0.0,2020-01-22 09:37:46.267037,318.15,318.17,0,0.05000000000001137,0.052749982664181516,1,1,0.3333333333333333,0.0033
351,2020-01-22 09:37:47,N,AAPL,318.15,1.0,318.17,1.0,0.0,-1.0,2020-01-22 09:37:47.114293,318.11,318.15,0,0.020000000000038654,0.05278151643574347,1,-1,0.0,0.0033
352,2020-01-22 09:37:48,N,AAPL,318.11,2.0,318.15,1.0,0.0,-1.0,2020-01-22 09:37:48.083957,318.11,318.15,0,0.03999999999996362,0.05263952537455907,1,1,0.3333333333333333,0.0033
353,2020-01-22 09:37:49,N,AAPL,318.11,7.0,318.15,4.0,5.0,3.0,2020-01-22 09:37:49.660842,318.11,318.15,0,0.03999999999996362,0.05211528001228771,1,1,0.2727272727272727,0.0033
354,2020-01-22 09:37:50,N,AAPL,318.11,7.0,318.15,1.0,0.0,-1.0,2020-01-22 09:37:50.069200,318.11,318.15,0,0.03999999999996362,0.05123320158111255,1,1,0.75,0.0033
355,2020-01-22 09:37:51,N,AAPL,318.11,8.0,318.15,4.0,6.0,1.0,2020-01-22 09:37:51.014308,318.11,318.14,0,0.03999999999996362,0.05070816864298422,1,1,0.3333333333333333,0.0033
356,2020-01-22 09:37:52,N,AAPL,318.11,1.0,318.14,2.0,0.0,0.0,2020-01-22 09:37:52.186870,318.12,318.15,0,0.029999999999972715,0.05078379401743405,1,-1,-0.3333333333333333,0.0033
357,2020-01-22 09:37:53,N,AAPL,318.12,1.0,318.15,1.0,0.0,-1.0,2020-01-22 09:37:53.109556,318.04,318.07,-1,0.029999999999972715,0.05079874124425032,1,1,0.0,0.0033
358,2020-01-22 09:37:55,N,AAPL,318.04,2.0,318.07,1.0,1.0,-2.0,2020-01-22 09:37:55.216532,318.03,318.07,0,0.029999999999972715,0.0504212278782461,1,1,0.3333333333333333,0.0033
359,2020-01-22 09:37:56,N,AAPL,318.03,2.0,318.07,3.0,0.0,2.0,2020-01-22 09:37:56.069400,318.04,318.07,0,0.040000000000020464,0.050405824462529836,1,1,-0.2,0.0033
360,2020-01-22 09:37:57,N,AAPL,318.04,1.0,318.07,1.0,0.0,-1.0,2020-01-22 09:37:57.748254,318.05,318.08,0,0.029999999999972715,0.05042273387431351,1,-1,0.0,0.0033
361,2020-01-22 09:37:58,N,AAPL,318.05,1.0,318.08,1.0,0.0,-2.0,2020-01-22 09:37:58.242375,318.05,318.08,0,0.029999999999972715,0.050434899971946834,1,1,0.0,0.0033
362,2020-01-22 09:37:59,N,AAPL,318.05,2.0,318.08,1.0,1.0,0.0,2020-01-22 09:37:59.047432,318.12,318.15,1,0.029999999999972715,0.04990152107956192,1,1,0.3333333333333333,0.0033
363,2020-01-22 09:38:00,N,AAPL,318.12,6.0,318.15,1.0,5.0,-1.0,2020-01-22 09:38:00.261568,318.17,318.19,1,0.029999999999972715,0.049168294406968016,1,1,0.7142857142857143,0.0033
364,2020-01-22 09:38:01,N,AAPL,318.17,1.0,318.19,1.0,0.0,-1.0,2020-01-22 09:38:01.263045,318.18,318.2,0,0.01999999999998181,0.04898398764066769,1,-1,0.0,0.0033
365,2020-01-22 09:38:02,N,AAPL,318.18,3.0,318.2,6.0,-5.0,4.0,2020-01-22 09:38:02.321031,318.17,318.18,0,0.01999999999998181,0.04944769543476468,1,1,-0.3333333333333333,0.0033
366,2020-01-22 09:38:03,N,AAPL,318.17,5.0,318.18,1.0,-1.0,-3.0,2020-01-22 09:38:03.282811,318.17,318.18,0,0.009999999999990905,0.048495554347937286,1,-1,0.6666666666666666,0.0033
367,2020-01-22 09:38:04,N,AAPL,318.17,1.0,318.18,1.0,0.0,-3.0,2020-01-22 09:38:04.066319,318.17,318.19,0,0.009999999999990905,0.047728553214597014,1,1,0.0,0.0033
368,2020-01-22 09:38:05,N,AAPL,318.17,1.0,318.19,1.0,0.0,-1.0,2020-01-22 09:38:05.128208,318.2,318.21,1,0.01999999999998181,0.04704677127904233,1,1,0.0,0.0033
369,2020-01-22 09:38:06,N,AAPL,318.2,2.0,318.21,1.0,0.0,-2.0,2020-01-22 09:38:06.106411,318.2,318.22,0,0.009999999999990905,0.04632210248502133,1,-1,0.3333333333333333,0.0033
370,2020-01-22 09:38:07,N,AAPL,318.2,5.0,318.22,8.0,3.0,7.0,2020-01-22 09:38:07.528116,318.22,318.23,0,0.020000000000038654,0.046128452842935985,1,1,-0.23076923076923078,0.0033
371,2020-01-22 09:38:08,N,AAPL,318.22,1.0,318.23,7.0,-1.0,0.0,2020-01-22 09:38:08.876357,318.21,318.22,0,0.009999999999990905,0.047038207573621094,1,-1,-0.75,0.0033
372,2020-01-22 09:38:10,N,AAPL,318.21,2.0,318.22,4.0,0.0,-3.0,2020-01-22 09:38:10.100664,318.21,318.22,0,0.010000000000047748,0.047047023992718096,1,1,-0.3333333333333333,0.00338
373,2020-01-22 09:38:11,N,AAPL,318.21,1.0,318.22,3.0,-4.0,-1.0,2020-01-22 09:38:11.249476,318.2,318.21,0,0.010000000000047748,0.0470708372183708,1,1,-0.5,0.00338
374,2020-01-22 09:38:12,N,AAPL,318.2,1.0,318.21,5.0,-4.0,2.0,2020-01-22 09:38:12.479949,318.15,318.18,-1,0.009999999999990905,0.047955896481141735,1,-1,-0.6666666666666666,0.00338
375,2020-01-22 09:38:13,N,AAPL,318.15,5.0,318.18,4.0,4.0,0.0,2020-01-22 09:38:13.268578,318.16,318.19,0,0.03000000000002956,0.047611649363545894,1,1,0.1111111111111111,0.00338
376,2020-01-22 09:38:14,N,AAPL,318.16,4.0,318.19,2.0,1.0,1.0,2020-01-22 09:38:14.641147,318.2,318.22,1,0.029999999999972715,0.048037345240402374,1,-1,0.3333333333333333,0.00338
377,2020-01-22 09:38:15,N,AAPL,318.2,2.0,318.22,2.0,1.0,1.0,2020-01-22 09:38:15.974435,318.2,318.22,0,0.020000000000038654,0.04776063384576901,1,-1,0.0,0.00338
378,2020-01-22 09:38:16,N,AAPL,318.2,1.0,318.22,2.0,-1.0,0.0,2020-01-22 09:38:16.468079,318.18,318.22,0,0.020000000000038654,0.04794507212704957,1,1,-0.3333333333333333,0.00338
379,2020-01-22 09:38:17,N,AAPL,318.18,2.0,318.22,3.0,-1.0,2.0,2020-01-22 09:38:17.476935,318.16,318.19,0,0.040000000000020464,0.048393920572095794,1,1,-0.2,0.00338
380,2020-01-22 09:38:20,N,AAPL,318.16,4.0,318.19,2.0,-1.0,-1.0,2020-01-22 09:38:20.030717,318.15,318.16,0,0.029999999999972715,0.04806106612676331,1,-1,0.3333333333333333,0.00338
381,2020-01-22 09:38:21,N,AAPL,318.15,5.0,318.16,4.0,3.0,3.0,2020-01-22 09:38:21.483984,318.08,318.1,-1,0.010000000000047748,0.04769197735697617,1,-1,0.1111111111111111,0.00338
382,2020-01-22 09:38:23,N,AAPL,318.08,2.0,318.1,2.0,1.0,-1.0,2020-01-22 09:38:23.264233,318.05,318.07,-1,0.020000000000038654,0.04757673415286945,1,1,0.0,0.00338
383,2020-01-22 09:38:27,N,AAPL,318.05,2.0,318.07,2.0,0.0,0.0,2020-01-22 09:38:27.943212,318.07,318.09,0,0.01999999999998181,0.04753734161738521,1,-1,0.0,0.00338
384,2020-01-22 09:38:28,N,AAPL,318.07,4.0,318.09,2.0,2.0,-2.0,2020-01-22 09:38:28.673985,318.06,318.09,0,0.01999999999998181,0.04734664264242383,1,1,0.3333333333333333,0.00338
385,2020-01-22 09:38:29,N,AAPL,318.06,1.0,318.09,1.0,-1.0,0.0,2020-01-22 09:38:29.050430,318.07,318.09,0,0.029999999999972715,0.04716816367727006,1,1,0.0,0.00338
386,2020-01-22 09:38:30,N,AAPL,318.07,5.0,318.09,2.0,3.0,1.0,2020-01-22 09:38:30.016694,318.1,318.12,1,0.01999999999998181,0.046263534546199025,1,-1,0.42857142857142855,0.00338
387,2020-01-22 09:38:31,N,AAPL,318.1,1.0,318.12,4.0,-1.0,1.0,2020-01-22 09:38:31.237467,318.09,318.12,0,0.01999999999998181,0.04654965614741968,1,1,-0.6,0.00338
388,2020-01-22 09:38:32,N,AAPL,318.09,1.0,318.12,4.0,0.0,2.0,2020-01-22 09:38:32.229198,318.05,318.07,-1,0.03000000000002956,0.04686059402666842,1,1,-0.6,0.00338
389,2020-01-22 09:38:33,N,AAPL,318.05,2.0,318.07,3.0,1.0,2.0,2020-01-22 09:38:33.342801,318.02,318.05,0,0.01999999999998181,0.04639213629832284,1,-1,-0.2,0.00338
390,2020-01-22 09:38:34,N,AAPL,318.02,4.0,318.05,2.0,3.0,0.0,2020-01-22 09:38:34.778888,317.97,318.0,-1,0.03000000000002956,0.046314844475716654,1,1,0.3333333333333333,0.00338
391,2020-01-22 09:38:35,N,AAPL,317.97,4.0,318.0,1.0,3.0,-1.0,2020-01-22 09:38:35.382309,317.93,317.95,-1,0.029999999999972715,0.046515889749571215,1,-1,0.6,0.00338
392,2020-01-22 09:38:36,N,AAPL,317.93,5.0,317.95,2.0,3.0,1.0,2020-01-22 09:38:36.778076,317.9,317.93,0,0.01999999999998181,0.04587579988373136,1,-1,0.42857142857142855,0.00338
393,2020-01-22 09:38:37,N,AAPL,317.9,1.0,317.93,3.0,-1.0,2.0,2020-01-22 09:38:37.044093,317.87,317.9,0,0.03000000000002956,0.04554949956485643,1,1,-0.5,0.00338
394,2020-01-22 09:38:38,N,AAPL,317.87,3.0,317.9,2.0,1.0,1.0,2020-01-22 09:38:38.432816,317.88,317.9,0,0.029999999999972715,0.04577284233170076,1,-1,0.2,0.00338
395,2020-01-22 09:38:39,N,AAPL,317.88,1.0,317.9,1.0,-1.0,-2.0,2020-01-22 09:38:39.035595,317.89,317.92,0,0.01999999999998181,0.04576960784311268,1,-1,0.0,0.00338
396,2020-01-22 09:38:40,N,AAPL,317.89,3.0,317.92,2.0,2.0,1.0,2020-01-22 09:38:40.397502,317.83,317.86,-1,0.03000000000002956,0.04639355334012407,1,1,0.2,0.00338
397,2020-01-22 09:38:41,N,AAPL,317.83,2.0,317.86,1.0,-1.0,-3.0,2020-01-22 09:38:41.017802,317.87,317.91,1,0.03000000000002956,0.045686839019253966,1,1,0.3333333333333333,0.00338
398,2020-01-22 09:38:42,N,AAPL,317.87,1.0,317.91,4.0,0.0,1.0,2020-01-22 09:38:42.909960,317.88,317.91,0,0.040000000000020464,0.0448164322053799,1,1,-0.6,0.00338
399,2020-01-22 09:38:43,N,AAPL,317.88,2.0,317.91,1.0,1.0,0.0,2020-01-22 09:38:43.007411,317.93,317.94,1,0.03000000000002956,0.04480045576821112,1,-1,0.3333333333333333,0.00338
400,2020-01-22 09:38:44,N,AAPL,317.93,3.0,317.94,4.0,0.0,2.0,2020-01-22 09:38:44.366346,317.89,317.92,-1,0.009999999999990905,0.04431973380258114,1,-1,-0.14285714285714285,0.00338
401,2020-01-22 09:38:45,N,AAPL,317.89,2.0,317.92,5.0,0.0,1.0,2020-01-22 09:38:45.554273,317.89,317.92,0,0.03000000000002956,0.043650532677304454,1,1,-0.42857142857142855,0.00338
402,2020-01-22 09:38:46,N,AAPL,317.89,2.0,317.92,2.0,1.0,1.0,2020-01-22 09:38:46.319436,317.94,317.96,1,0.03000000000002956,0.04362625786046692,1,1,0.0,0.00338
403,2020-01-22 09:38:47,N,AAPL,317.94,1.0,317.96,1.0,0.0,-1.0,2020-01-22 09:38:47.376553,317.94,317.96,0,0.01999999999998181,0.043607100096608065,1,-1,0.0,0.00338
404,2020-01-22 09:38:48,N,AAPL,317.94,2.0,317.96,1.0,0.0,0.0,2020-01-22 09:38:48.013801,317.94,317.96,0,0.01999999999998181,0.043682699599060015,1,1,0.3333333333333333,0.00338
405,2020-01-22 09:38:49,N,AAPL,317.94,4.0,317.96,1.0,1.0,0.0,2020-01-22 09:38:49.095107,318.01,318.04,1,0.01999999999998181,0.044092302797025695,1,1,0.6,0.00338
406,2020-01-22 09:38:50,N,AAPL,318.01,2.0,318.04,3.0,0.0,2.0,2020-01-22 09:38:50.683897,317.98,318.01,0,0.03000000000002956,0.04400581374346757,1,1,-0.2,0.00338
407,2020-01-22 09:38:51,N,AAPL,317.98,2.0,318.01,2.0,0.0,1.0,2020-01-22 09:38:51.929178,317.97,318.0,0,0.029999999999972715,0.043950333784096074,1,-1,0.0,0.00338
408,2020-01-22 09:38:52,N,AAPL,317.97,1.0,318.0,1.0,0.0,-2.0,2020-01-22 09:38:52.056918,317.94,317.97,0,0.029999999999972715,0.04390209238903253,1,1,0.0,0.00338
409,2020-01-22 09:38:53,N,AAPL,317.94,1.0,317.97,2.0,0.0,1.0,2020-01-22 09:38:53.579430,317.94,317.98,0,0.03000000000002956,0.04426034430235859,1,1,-0.3333333333333333,0.00338
410,2020-01-22 09:38:54,N,AAPL,317.94,5.0,317.98,1.0,3.0,-1.0,2020-01-22 09:38:54.798256,317.98,318.01,0,0.040000000000020464,0.044424390684241644,1,1,0.6666666666666666,0.00338
411,2020-01-22 09:38:55,N,AAPL,317.98,1.0,318.01,2.0,0.0,0.0,2020-01-22 09:38:55.589779,317.99,318.02,0,0.029999999999972715,0.04451783715461488,1,-1,-0.3333333333333333,0.00338
412,2020-01-22 09:38:56,N,AAPL,317.99,4.0,318.02,2.0,3.0,1.0,2020-01-22 09:38:56.651286,317.99,318.02,0,0.029999999999972715,0.04442743715105735,1,1,0.3333333333333333,0.00338
413,2020-01-22 09:38:57,N,AAPL,317.99,4.0,318.02,1.0,2.0,-1.0,2020-01-22 09:38:57.002139,317.94,317.98,-1,0.029999999999972715,0.044473359209519,1,1,0.6,0.00338
414,2020-01-22 09:38:58,N,AAPL,317.94,2.0,317.98,2.0,1.0,0.0,2020-01-22 09:38:58.119099,317.92,317.93,-1,0.040000000000020464,0.044514694021415835,1,1,0.0,0.0035
415,2020-01-22 09:39:00,N,AAPL,317.92,1.0,317.93,1.0,-1.0,-1.0,2020-01-22 09:39:00.021752,317.89,317.93,0,0.009999999999990905,0.04451822127992955,1,-1,0.0,0.0035
416,2020-01-22 09:39:01,N,AAPL,317.89,2.0,317.93,2.0,1.0,0.0,2020-01-22 09:39:01.689770,317.9,317.94,0,0.040000000000020464,0.044599872546655206,1,1,0.0,0.0035
417,2020-01-22 09:39:02,N,AAPL,317.9,3.0,317.94,2.0,1.0,0.0,2020-01-22 09:39:02.066994,317.95,317.98,1,0.040000000000020464,0.04486063387071226,1,1,0.2,0.0035
418,2020-01-22 09:39:03,N,AAPL,317.95,3.0,317.98,1.0,1.0,-1.0,2020-01-22 09:39:03.322543,317.98,318.01,0,0.03000000000002956,0.04542105915902539,1,-1,0.5,0.0035
419,2020-01-22 09:39:04,N,AAPL,317.98,1.0,318.01,2.0,-1.0,-2.0,2020-01-22 09:39:04.602558,317.99,318.02,0,0.029999999999972715,0.0453575131210755,1,-1,-0.3333333333333333,0.0035
420,2020-01-22 09:39:05,N,AAPL,317.99,4.0,318.02,1.0,3.0,-1.0,2020-01-22 09:39:05.144588,318.02,318.04,0,0.029999999999972715,0.045584893963564355,1,1,0.6,0.0035
421,2020-01-22 09:39:06,N,AAPL,318.02,1.0,318.04,2.0,-1.0,-3.0,2020-01-22 09:39:06.130355,318.04,318.08,0,0.020000000000038654,0.045573637367510855,1,-1,-0.3333333333333333,0.0035
422,2020-01-22 09:39:07,N,AAPL,318.04,1.0,318.08,2.0,-2.0,0.0,2020-01-22 09:39:07.584048,318.08,318.11,0,0.03999999999996362,0.04558139534873362,1,1,-0.3333333333333333,0.0035
423,2020-01-22 09:39:08,N,AAPL,318.08,3.0,318.11,2.0,2.0,1.0,2020-01-22 09:39:08.026555,318.04,318.08,0,0.03000000000002956,0.04544360107115608,1,-1,0.2,0.0035
424,2020-01-22 09:39:09,N,AAPL,318.04,2.0,318.08,2.0,1.0,-1.0,2020-01-22 09:39:09.043892,318.07,318.1,0,0.03999999999996362,0.04542662999216418,1,1,0.0,0.0035
425,2020-01-22 09:39:10,N,AAPL,318.07,1.0,318.1,1.0,-1.0,-1.0,2020-01-22 09:39:10.054064,318.06,318.09,0,0.03000000000002956,0.04552580271064244,1,-1,0.0,0.0035
426,2020-01-22 09:39:11,N,AAPL,318.06,1.0,318.09,3.0,0.0,-1.0,2020-01-22 09:39:11.141493,318.06,318.08,0,0.029999999999972715,0.045613523891233854,1,-1,-0.5,0.0035
427,2020-01-22 09:39:14,N,AAPL,318.06,6.0,318.08,4.0,5.0,1.0,2020-01-22 09:39:14.159308,318.04,318.06,0,0.01999999999998181,0.04531087767094277,1,-1,0.2,0.0035
428,2020-01-22 09:39:15,N,AAPL,318.04,4.0,318.06,2.0,1.0,0.0,2020-01-22 09:39:15.602015,318.04,318.08,0,0.01999999999998181,0.04556897271777416,1,1,0.3333333333333333,0.0035
429,2020-01-22 09:39:16,N,AAPL,318.04,4.0,318.08,2.0,-1.0,0.0,2020-01-22 09:39:16.071223,318.04,318.06,0,0.03999999999996362,0.045666143025414385,1,1,0.3333333333333333,0.0035
430,2020-01-22 09:39:17,N,AAPL,318.04,3.0,318.06,1.0,2.0,-3.0,2020-01-22 09:39:17.047464,318.04,318.06,0,0.01999999999998181,0.04557665531353905,1,-1,0.5,0.0035
431,2020-01-22 09:39:18,N,AAPL,318.04,3.0,318.06,2.0,-1.0,0.0,2020-01-22 09:39:18.299348,318.01,318.05,0,0.01999999999998181,0.045168731479122926,1,1,0.2,0.0035
432,2020-01-22 09:39:19,N,AAPL,318.01,3.0,318.05,2.0,1.0,0.0,2020-01-22 09:39:19.088259,318.01,318.06,0,0.040000000000020464,0.04535530114122821,1,1,0.2,0.0035
433,2020-01-22 09:39:20,N,AAPL,318.01,2.0,318.06,4.0,0.0,2.0,2020-01-22 09:39:20.003891,318.06,318.08,0,0.05000000000001137,0.045501678850087046,1,1,-0.3333333333333333,0.0035
434,2020-01-22 09:39:22,N,AAPL,318.06,2.0,318.08,2.0,1.0,-1.0,2020-01-22 09:39:22.738229,318.04,318.08,0,0.01999999999998181,0.04552099649572483,1,-1,0.0,0.0035
435,2020-01-22 09:39:23,N,AAPL,318.04,2.0,318.08,2.0,0.0,0.0,2020-01-22 09:39:23.131257,318.05,318.07,0,0.03999999999996362,0.04560810570882268,1,1,0.0,0.0035
436,2020-01-22 09:39:25,N,AAPL,318.05,2.0,318.07,5.0,1.0,3.0,2020-01-22 09:39:25.155897,318.05,318.07,0,0.01999999999998181,0.046476778633063986,1,-1,-0.42857142857142855,0.0035
437,2020-01-22 09:39:26,N,AAPL,318.05,2.0,318.07,5.0,1.0,0.0,2020-01-22 09:39:26.125478,318.06,318.07,0,0.01999999999998181,0.0473286380895388,1,1,-0.42857142857142855,0.0035
438,2020-01-22 09:39:27,N,AAPL,318.06,2.0,318.07,5.0,0.0,0.0,2020-01-22 09:39:27.168973,318.05,318.07,0,0.009999999999990905,0.04747075146519819,1,-1,-0.42857142857142855,0.0035
439,2020-01-22 09:39:28,N,AAPL,318.05,1.0,318.07,4.0,-3.0,0.0,2020-01-22 09:39:28.020076,318.05,318.07,0,0.01999999999998181,0.047678553411117264,1,1,-0.6,0.0035
440,2020-01-22 09:39:29,N,AAPL,318.05,4.0,318.07,3.0,1.0,-1.0,2020-01-22 09:39:29.594600,318.05,318.07,0,0.01999999999998181,0.04792861500919798,1,1,0.14285714285714285,0.0035
441,2020-01-22 09:39:30,N,AAPL,318.05,1.0,318.07,4.0,-2.0,0.0,2020-01-22 09:39:30.048143,318.09,318.1,1,0.01999999999998181,0.04801215053765873,1,1,-0.6,0.0035
442,2020-01-22 09:39:31,N,AAPL,318.09,2.0,318.1,2.0,1.0,1.0,2020-01-22 09:39:31.130779,318.13,318.14,1,0.010000000000047748,0.047929139784969266,1,-1,0.0,0.0035
443,2020-01-22 09:39:34,N,AAPL,318.13,1.0,318.14,5.0,-1.0,3.0,2020-01-22 09:39:34.125006,318.14,318.17,0,0.009999999999990905,0.048302152538383325,1,-1,-0.6666666666666666,0.0035
444,2020-01-22 09:39:37,N,AAPL,318.14,1.0,318.17,4.0,-2.0,3.0,2020-01-22 09:39:37.453529,318.15,318.16,0,0.03000000000002956,0.04892025787245302,1,1,-0.6,0.0035
445,2020-01-22 09:39:39,N,AAPL,318.15,1.0,318.16,2.0,0.0,-2.0,2020-01-22 09:39:39.434375,318.11,318.14,-1,0.010000000000047748,0.049035619552853404,1,-1,-0.3333333333333333,0.0035
446,2020-01-22 09:39:40,N,AAPL,318.11,2.0,318.14,3.0,1.0,0.0,2020-01-22 09:39:40.046965,318.1,318.14,0,0.029999999999972715,0.049224693668122654,1,1,-0.2,0.0035
447,2020-01-22 09:39:41,N,AAPL,318.1,2.0,318.14,2.0,0.0,1.0,2020-01-22 09:39:41.397919,318.13,318.14,0,0.03999999999996362,0.04913405978930996,1,1,0.0,0.0035
448,2020-01-22 09:39:42,N,AAPL,318.13,1.0,318.14,2.0,-1.0,0.0,2020-01-22 09:39:42.164302,318.13,318.14,0,0.009999999999990905,0.04927568284460904,1,-1,-0.3333333333333333,0.0035
449,2020-01-22 09:39:43,N,AAPL,318.13,2.0,318.14,3.0,0.0,1.0,2020-01-22 09:39:43.152446,318.13,318.15,0,0.009999999999990905,0.04933668860502394,1,1,-0.2,0.0035
450,2020-01-22 09:39:44,N,AAPL,318.13,5.0,318.15,2.0,3.0,-1.0,2020-01-22 09:39:44.349110,318.13,318.14,0,0.01999999999998181,0.04877610693404222,1,1,0.42857142857142855,0.0035
451,2020-01-22 09:39:45,N,AAPL,318.13,3.0,318.14,4.0,-1.0,2.0,2020-01-22 09:39:45.511241,318.1,318.13,0,0.009999999999990905,0.04874302638165773,1,-1,-0.14285714285714285,0.0035
452,2020-01-22 09:39:46,N,AAPL,318.1,3.0,318.13,4.0,0.0,-1.0,2020-01-22 09:39:46.329314,318.11,318.13,0,0.029999999999972715,0.04872639259525613,1,1,-0.14285714285714285,0.0035
453,2020-01-22 09:39:47,N,AAPL,318.11,5.0,318.13,1.0,2.0,0.0,2020-01-22 09:39:47.153029,318.1,318.14,0,0.01999999999998181,0.04822149659480601,1,-1,0.6666666666666666,0.0035
454,2020-01-22 09:39:48,N,AAPL,318.1,3.0,318.14,2.0,1.0,1.0,2020-01-22 09:39:48.229937,318.11,318.13,0,0.03999999999996362,0.04813189775018145,1,1,0.2,0.0035
455,2020-01-22 09:39:50,N,AAPL,318.11,3.0,318.13,1.0,0.0,-1.0,2020-01-22 09:39:50.120868,318.12,318.15,0,0.01999999999998181,0.04798582311298105,1,-1,0.5,0.00358
456,2020-01-22 09:39:51,N,AAPL,318.12,1.0,318.15,7.0,-3.0,5.0,2020-01-22 09:39:51.752705,318.15,318.17,0,0.029999999999972715,0.047281410530331414,1,1,-0.75,0.00358
457,2020-01-22 09:39:52,N,AAPL,318.15,2.0,318.17,1.0,0.0,0.0,2020-01-22 09:39:52.225394,318.17,318.18,0,0.020000000000038654,0.04725206862769937,1,-1,0.3333333333333333,0.00358
458,2020-01-22 09:39:55,N,AAPL,318.17,4.0,318.18,1.0,2.0,0.0,2020-01-22 09:39:55.268567,318.17,318.19,0,0.009999999999990905,0.046356083563466655,1,-1,0.6,0.00358
459,2020-01-22 09:39:56,N,AAPL,318.17,1.0,318.19,4.0,0.0,3.0,2020-01-22 09:39:56.690131,318.16,318.18,0,0.01999999999998181,0.04678261630374436,1,1,-0.6,0.00358
460,2020-01-22 09:39:57,N,AAPL,318.16,2.0,318.18,4.0,1.0,0.0,2020-01-22 09:39:57.036969,318.15,318.18,0,0.01999999999998181,0.04687416851049875,1,1,-0.3333333333333333,0.00358
461,2020-01-22 09:39:58,N,AAPL,318.15,1.0,318.18,1.0,0.0,-4.0,2020-01-22 09:39:58.013241,318.18,318.19,0,0.03000000000002956,0.04673301101263405,1,1,0.0,0.00358
462,2020-01-22 09:39:59,N,AAPL,318.18,2.0,318.19,4.0,0.0,0.0,2020-01-22 09:39:59.376323,318.16,318.19,0,0.009999999999990905,0.04698070368510798,1,-1,-0.3333333333333333,0.00358
463,2020-01-22 09:40:00,N,AAPL,318.16,2.0,318.19,4.0,0.0,0.0,2020-01-22 09:40:00.015122,318.2,318.22,1,0.029999999999972715,0.04721070584685094,1,1,-0.3333333333333333,0.00358
464,2020-01-22 09:40:01,N,AAPL,318.2,1.0,318.22,4.0,0.0,-3.0,2020-01-22 09:40:01.286721,318.17,318.19,-1,0.020000000000038654,0.047653741870362865,1,-1,-0.6,0.00358
465,2020-01-22 09:40:02,N,AAPL,318.17,2.0,318.19,4.0,0.0,0.0,2020-01-22 09:40:02.884694,318.15,318.17,0,0.01999999999998181,0.047757167066890815,1,-1,-0.3333333333333333,0.00358
466,2020-01-22 09:40:03,N,AAPL,318.15,2.0,318.17,1.0,1.0,-3.0,2020-01-22 09:40:03.100125,318.07,318.1,-1,0.020000000000038654,0.04765798508458374,1,1,0.3333333333333333,0.00358
467,2020-01-22 09:40:04,N,AAPL,318.07,1.0,318.1,4.0,-1.0,1.0,2020-01-22 09:40:04.070810,317.99,318.01,-1,0.03000000000002956,0.047780151972006024,1,1,-0.6,0.00358
468,2020-01-22 09:40:05,N,AAPL,317.99,2.0,318.01,2.0,1.0,-2.0,2020-01-22 09:40:05.702988,318.0,318.02,0,0.01999999999998181,0.047745008275512646,1,-1,0.0,0.00358
469,2020-01-22 09:40:07,N,AAPL,318.0,2.0,318.02,1.0,-2.0,-1.0,2020-01-22 09:40:07.072989,317.99,318.01,0,0.01999999999998181,0.04778180920646946,1,1,0.3333333333333333,0.00358
470,2020-01-22 09:40:08,N,AAPL,317.99,1.0,318.01,1.0,0.0,-1.0,2020-01-22 09:40:08.211623,317.99,318.01,0,0.01999999999998181,0.047608190200776335,1,1,0.0,0.00358
471,2020-01-22 09:40:09,N,AAPL,317.99,4.0,318.01,1.0,3.0,0.0,2020-01-22 09:40:09.215155,317.99,318.02,0,0.01999999999998181,0.04792075094366055,1,1,0.6,0.00358
472,2020-01-22 09:40:10,N,AAPL,317.99,2.0,318.02,1.0,-2.0,-1.0,2020-01-22 09:40:10.180344,318.02,318.03,0,0.029999999999972715,0.0481808211943644,1,1,0.3333333333333333,0.00358
473,2020-01-22 09:40:11,N,AAPL,318.02,4.0,318.03,1.0,3.0,0.0,2020-01-22 09:40:11.077408,318.03,318.05,0,0.009999999999990905,0.04925757618593707,1,-1,0.6,0.00358
474,2020-01-22 09:40:12,N,AAPL,318.03,3.0,318.05,1.0,2.0,-1.0,2020-01-22 09:40:12.693615,318.04,318.06,0,0.020000000000038654,0.0487898596938976,1,1,0.5,0.00358
475,2020-01-22 09:40:13,N,AAPL,318.04,4.0,318.06,1.0,1.0,0.0,2020-01-22 09:40:13.279113,318.0,318.02,-1,0.01999999999998181,0.04872078252026313,1,-1,0.6,0.00358
476,2020-01-22 09:40:14,N,AAPL,318.0,2.0,318.02,1.0,1.0,-1.0,2020-01-22 09:40:14.991037,318.0,318.02,0,0.01999999999998181,0.04847710943255379,1,1,0.3333333333333333,0.00358
477,2020-01-22 09:40:15,N,AAPL,318.0,3.0,318.02,1.0,1.0,0.0,2020-01-22 09:40:15.325666,318.01,318.04,0,0.01999999999998181,0.048441106073198625,1,1,0.5,0.00358
478,2020-01-22 09:40:16,N,AAPL,318.01,1.0,318.04,1.0,-2.0,0.0,2020-01-22 09:40:16.066610,318.01,318.02,0,0.03000000000002956,0.04961175247376559,1,1,0.0,0.00358
479,2020-01-22 09:40:17,N,AAPL,318.01,1.0,318.02,1.0,0.0,-1.0,2020-01-22 09:40:17.052855,317.91,317.93,-1,0.009999999999990905,0.049498572602544755,1,-1,0.0,0.00358
480,2020-01-22 09:40:20,N,AAPL,317.91,1.0,317.93,4.0,-2.0,3.0,2020-01-22 09:40:20.012760,317.93,317.94,0,0.01999999999998181,0.049036310037308795,1,1,-0.6,0.00358
481,2020-01-22 09:40:21,N,AAPL,317.93,2.0,317.94,1.0,-2.0,0.0,2020-01-22 09:40:21.147221,317.94,317.96,0,0.009999999999990905,0.04925670489819822,1,-1,0.3333333333333333,0.00358
482,2020-01-22 09:40:22,N,AAPL,317.94,1.0,317.96,1.0,0.0,-1.0,2020-01-22 09:40:22.135523,317.97,318.01,1,0.01999999999998181,0.049222392837009465,1,1,0.0,0.00358
483,2020-01-22 09:40:23,N,AAPL,317.97,2.0,318.01,1.0,0.0,0.0,2020-01-22 09:40:23.494982,317.97,318.02,0,0.03999999999996362,0.04932006193553207,1,1,0.3333333333333333,0.00358
484,2020-01-22 09:40:24,N,AAPL,317.97,2.0,318.02,6.0,0.0,5.0,2020-01-22 09:40:24.007247,318.01,318.03,0,0.049999999999954525,0.049037666142396574,1,1,-0.5,0.00358
485,2020-01-22 09:40:25,N,AAPL,318.01,2.0,318.03,1.0,0.0,0.0,2020-01-22 09:40:25.684037,318.0,318.03,0,0.01999999999998181,0.04902092320963902,1,-1,0.3333333333333333,0.00358
486,2020-01-22 09:40:26,N,AAPL,318.0,5.0,318.03,1.0,3.0,0.0,2020-01-22 09:40:26.574100,318.0,318.02,0,0.029999999999972715,0.04912961133061344,1,1,0.6666666666666666,0.00358
487,2020-01-22 09:40:27,N,AAPL,318.0,5.0,318.02,4.0,0.0,3.0,2020-01-22 09:40:27.333460,317.99,318.03,0,0.01999999999998181,0.04891377851402012,1,-1,0.1111111111111111,0.00358
488,2020-01-22 09:40:28,N,AAPL,317.99,2.0,318.03,3.0,0.0,2.0,2020-01-22 09:40:28.001300,317.99,318.04,0,0.03999999999996362,0.048856054811778904,1,1,-0.2,0.00358
489,2020-01-22 09:40:29,N,AAPL,317.99,2.0,318.04,5.0,-1.0,3.0,2020-01-22 09:40:29.212673,318.07,318.09,1,0.05000000000001137,0.04874820197534291,1,1,-0.42857142857142855,0.00358
490,2020-01-22 09:40:30,N,AAPL,318.07,4.0,318.09,1.0,2.0,0.0,2020-01-22 09:40:30.798656,318.09,318.12,0,0.01999999999998181,0.04877159880823001,1,-1,0.6,0.00358
491,2020-01-22 09:40:31,N,AAPL,318.09,2.0,318.12,1.0,-3.0,0.0,2020-01-22 09:40:31.204433,318.12,318.15,0,0.03000000000002956,0.04880513248809848,1,1,0.3333333333333333,0.00358
492,2020-01-22 09:40:32,N,AAPL,318.12,4.0,318.15,2.0,2.0,1.0,2020-01-22 09:40:32.061493,318.14,318.16,0,0.029999999999972715,0.048464475510854754,1,-1,0.3333333333333333,0.00358
493,2020-01-22 09:40:35,N,AAPL,318.14,2.0,318.16,2.0,0.0,0.0,2020-01-22 09:40:35.199535,318.1,318.13,-1,0.020000000000038654,0.04843069740292094,1,-1,0.0,0.00358
494,2020-01-22 09:40:36,N,AAPL,318.1,2.0,318.13,2.0,0.0,0.0,2020-01-22 09:40:36.036474,318.04,318.09,-1,0.029999999999972715,0.04818910622987005,1,1,0.0,0.00358
495,2020-01-22 09:40:37,N,AAPL,318.04,3.0,318.09,2.0,2.0,0.0,2020-01-22 09:40:37.134449,318.1,318.15,1,0.049999999999954525,0.04816500175780902,1,1,0.2,0.00358
496,2020-01-22 09:40:38,N,AAPL,318.1,3.0,318.15,2.0,2.0,0.0,2020-01-22 09:40:38.141930,318.12,318.15,0,0.049999999999954525,0.048090227537045394,1,1,0.2,0.00358
497,2020-01-22 09:40:39,N,AAPL,318.12,2.0,318.15,2.0,0.0,0.0,2020-01-22 09:40:39.188044,318.13,318.15,0,0.029999999999972715,0.047685766241158944,1,-1,0.0,0.00358
498,2020-01-22 09:40:40,N,AAPL,318.13,1.0,318.15,2.0,0.0,0.0,2020-01-22 09:40:40.612478,318.11,318.13,0,0.01999999999998181,0.047787747115933144,1,-1,-0.3333333333333333,0.00358
499,2020-01-22 09:40:41,N,AAPL,318.11,2.0,318.13,2.0,1.0,-1.0,2020-01-22 09:40:41.004101,318.14,318.17,1,0.01999999999998181,0.047799414936264384,1,1,0.0,0.00358
500,2020-01-22 09:40:42,N,AAPL,318.14,2.0,318.17,4.0,1.0,3.0,2020-01-22 09:40:42.251905,318.14,318.18,0,0.03000000000002956,0.04813613912989467,1,1,-0.3333333333333333,0.00358
501,2020-01-22 09:40:43,N,AAPL,318.14,2.0,318.18,2.0,0.0,0.0,2020-01-22 09:40:43.035504,318.16,318.18,0,0.040000000000020464,0.04811221797416465,1,1,0.0,0.00363
502,2020-01-22 09:40:44,N,AAPL,318.16,1.0,318.18,1.0,-1.0,-1.0,2020-01-22 09:40:44.248684,318.18,318.2,0,0.01999999999998181,0.04812293360600961,1,-1,0.0,0.00363
503,2020-01-22 09:40:45,N,AAPL,318.18,5.0,318.2,1.0,3.0,0.0,2020-01-22 09:40:45.333487,318.17,318.2,0,0.01999999999998181,0.047374495673579986,1,1,0.6666666666666666,0.00363
504,2020-01-22 09:40:46,N,AAPL,318.17,2.0,318.2,3.0,-1.0,2.0,2020-01-22 09:40:46.050833,318.19,318.21,0,0.029999999999972715,0.047287069299216,1,1,-0.2,0.00363
505,2020-01-22 09:40:47,N,AAPL,318.19,3.0,318.21,3.0,2.0,2.0,2020-01-22 09:40:47.451480,318.19,318.23,0,0.01999999999998181,0.04718792398597316,1,-1,0.0,0.00363
506,2020-01-22 09:40:48,N,AAPL,318.19,2.0,318.23,2.0,-2.0,-2.0,2020-01-22 09:40:48.655078,318.2,318.24,0,0.040000000000020464,0.04694200823337269,1,1,0.0,0.00363
507,2020-01-22 09:40:49,N,AAPL,318.2,5.0,318.24,1.0,3.0,-1.0,2020-01-22 09:40:49.136621,318.2,318.23,0,0.040000000000020464,0.045929665440212375,1,1,0.6666666666666666,0.00363
508,2020-01-22 09:40:50,N,AAPL,318.2,2.0,318.23,4.0,0.0,3.0,2020-01-22 09:40:50.196033,318.21,318.24,0,0.03000000000002956,0.046308046173464845,1,-1,-0.3333333333333333,0.00363
509,2020-01-22 09:40:51,N,AAPL,318.21,1.0,318.24,2.0,-1.0,0.0,2020-01-22 09:40:51.145066,318.22,318.23,0,0.03000000000002956,0.04648647299592312,1,1,-0.3333333333333333,0.00363
510,2020-01-22 09:40:52,N,AAPL,318.22,3.0,318.23,1.0,2.0,-1.0,2020-01-22 09:40:52.902322,318.21,318.23,0,0.009999999999990905,0.04596370356131274,1,-1,0.5,0.00363
511,2020-01-22 09:40:53,N,AAPL,318.21,2.0,318.23,1.0,1.0,-8.0,2020-01-22 09:40:53.276006,318.23,318.24,0,0.020000000000038654,0.04565801466924313,1,1,0.3333333333333333,0.00363
512,2020-01-22 09:40:55,N,AAPL,318.23,2.0,318.24,1.0,0.0,-1.0,2020-01-22 09:40:55.978347,318.2,318.24,0,0.009999999999990905,0.04533987858940236,1,-1,0.3333333333333333,0.00363
513,2020-01-22 09:40:56,N,AAPL,318.2,1.0,318.24,3.0,-1.0,2.0,2020-01-22 09:40:56.843530,318.21,318.24,0,0.040000000000020464,0.04576684113084184,1,1,-0.5,0.00363
514,2020-01-22 09:40:57,N,AAPL,318.21,2.0,318.24,1.0,0.0,0.0,2020-01-22 09:40:57.666489,318.25,318.26,1,0.03000000000002956,0.04559844133217439,1,-1,0.3333333333333333,0.00363
515,2020-01-22 09:40:58,N,AAPL,318.25,3.0,318.26,2.0,1.0,1.0,2020-01-22 09:40:58.472389,318.24,318.28,0,0.009999999999990905,0.04606176069972889,1,-1,0.2,0.00363
516,2020-01-22 09:40:59,N,AAPL,318.24,2.0,318.28,1.0,0.0,0.0,2020-01-22 09:40:59.082157,318.27,318.29,0,0.03999999999996362,0.045740658985664595,1,1,0.3333333333333333,0.00363
517,2020-01-22 09:41:00,N,AAPL,318.27,4.0,318.29,1.0,0.0,0.0,2020-01-22 09:41:00.239397,318.28,318.3,0,0.020000000000038654,0.044740087269985906,1,-1,0.6,0.00363
518,2020-01-22 09:41:01,N,AAPL,318.28,1.0,318.3,5.0,0.0,4.0,2020-01-22 09:41:01.221462,318.27,318.3,0,0.020000000000038654,0.04582062783492802,1,1,-0.6666666666666666,0.00363
519,2020-01-22 09:41:02,N,AAPL,318.27,5.0,318.3,5.0,3.0,3.0,2020-01-22 09:41:02.002179,318.29,318.3,0,0.03000000000002956,0.04570238725557374,1,1,0.0,0.00363
520,2020-01-22 09:41:03,N,AAPL,318.29,4.0,318.3,1.0,3.0,-4.0,2020-01-22 09:41:03.125645,318.28,318.31,0,0.009999999999990905,0.044346791996019874,1,-1,0.6,0.00363
521,2020-01-22 09:41:04,N,AAPL,318.28,2.0,318.31,20.0,1.0,1.0,2020-01-22 09:41:04.058219,318.28,318.3,0,0.03000000000002956,0.0494534514457996,1,1,-0.8181818181818182,0.00363
522,2020-01-22 09:41:05,N,AAPL,318.28,1.0,318.3,2.0,0.0,0.0,2020-01-22 09:41:05.640507,318.26,318.28,0,0.020000000000038654,0.04970414458398409,1,-1,-0.3333333333333333,0.00363
523,2020-01-22 09:41:06,N,AAPL,318.26,1.0,318.28,5.0,-1.0,4.0,2020-01-22 09:41:06.938775,318.24,318.26,0,0.01999999999998181,0.05049855891803645,1,-1,-0.6666666666666666,0.00363
524,2020-01-22 09:41:07,N,AAPL,318.24,1.0,318.26,4.0,0.0,3.0,2020-01-22 09:41:07.331808,318.24,318.26,0,0.01999999999998181,0.051004920253149066,1,1,-0.6,0.00363
525,2020-01-22 09:41:08,N,AAPL,318.24,1.0,318.26,2.0,0.0,-1.0,2020-01-22 09:41:08.322896,318.23,318.26,0,0.01999999999998181,0.0508471898902485,1,1,-0.3333333333333333,0.00363
526,2020-01-22 09:41:09,N,AAPL,318.23,4.0,318.26,1.0,2.0,-3.0,2020-01-22 09:41:09.579919,318.23,318.26,0,0.029999999999972715,0.050105563974852885,1,1,0.6,0.00363
527,2020-01-22 09:41:10,N,AAPL,318.23,2.0,318.26,1.0,0.0,-1.0,2020-01-22 09:41:10.867348,318.19,318.21,-1,0.029999999999972715,0.049798692402418965,1,1,0.3333333333333333,0.00363
528,2020-01-22 09:41:11,N,AAPL,318.19,2.0,318.21,2.0,0.0,1.0,2020-01-22 09:41:11.879815,318.15,318.18,-1,0.01999999999998181,0.04981485169952293,1,-1,0.0,0.00363
529,2020-01-22 09:41:12,N,AAPL,318.15,4.0,318.18,1.0,0.0,-1.0,2020-01-22 09:41:12.039206,318.16,318.18,0,0.03000000000002956,0.04930341521128412,1,1,0.6,0.00363
530,2020-01-22 09:41:13,N,AAPL,318.16,2.0,318.18,1.0,-2.0,0.0,2020-01-22 09:41:13.291840,318.14,318.16,0,0.01999999999998181,0.04899206854327076,1,-1,0.3333333333333333,0.00363
531,2020-01-22 09:41:14,N,AAPL,318.14,3.0,318.16,1.0,1.0,0.0,2020-01-22 09:41:14.375655,318.14,318.17,0,0.020000000000038654,0.048639689119227114,1,1,0.5,0.00363
532,2020-01-22 09:41:15,N,AAPL,318.14,3.0,318.17,1.0,1.0,0.0,2020-01-22 09:41:15.097960,318.14,318.15,0,0.03000000000002956,0.04831384358527657,1,1,0.5,0.00363
533,2020-01-22 09:41:16,N,AAPL,318.14,2.0,318.15,1.0,-1.0,0.0,2020-01-22 09:41:16.178801,318.16,318.17,1,0.009999999999990905,0.047914020999314744,1,-1,0.3333333333333333,0.00363
534,2020-01-22 09:41:18,N,AAPL,318.16,1.0,318.17,1.0,-1.0,-2.0,2020-01-22 09:41:18.192062,318.19,318.2,1,0.009999999999990905,0.04778312218314795,1,1,0.0,0.00363
535,2020-01-22 09:41:19,N,AAPL,318.19,6.0,318.2,2.0,4.0,0.0,2020-01-22 09:41:19.004241,318.19,318.21,0,0.009999999999990905,0.04722813918715474,1,1,0.5,0.00363
536,2020-01-22 09:41:21,N,AAPL,318.19,2.0,318.21,1.0,-1.0,0.0,2020-01-22 09:41:21.985568,318.18,318.21,0,0.01999999999998181,0.04756401556159062,1,1,0.3333333333333333,0.00363
537,2020-01-22 09:41:22,N,AAPL,318.18,1.0,318.21,4.0,-1.0,3.0,2020-01-22 09:41:22.004963,318.19,318.22,0,0.029999999999972715,0.048070326107449546,1,1,-0.6,0.00363
538,2020-01-22 09:41:23,N,AAPL,318.19,3.0,318.22,1.0,1.0,0.0,2020-01-22 09:41:23.004742,318.23,318.25,1,0.03000000000002956,0.04775254232578163,1,1,0.5,0.00363
539,2020-01-22 09:41:26,N,AAPL,318.23,1.0,318.25,2.0,-2.0,1.0,2020-01-22 09:41:26.545812,318.23,318.25,0,0.01999999999998181,0.04349434049839829,1,-1,-0.3333333333333333,0.00363
540,2020-01-22 09:41:27,N,AAPL,318.23,1.0,318.25,1.0,-1.0,-1.0,2020-01-22 09:41:27.150386,318.23,318.26,0,0.01999999999998181,0.04348984146241719,1,1,0.0,0.00363
541,2020-01-22 09:41:29,N,AAPL,318.23,1.0,318.26,1.0,0.0,0.0,2020-01-22 09:41:29.056044,318.27,318.28,1,0.029999999999972715,0.042483577682787654,1,1,0.0,0.00363
542,2020-01-22 09:41:31,N,AAPL,318.27,2.0,318.28,1.0,0.0,0.0,2020-01-22 09:41:31.959420,318.29,318.3,1,0.009999999999990905,0.04093857360282982,1,-1,0.3333333333333333,0.00363
543,2020-01-22 09:41:32,N,AAPL,318.29,2.0,318.3,9.0,0.0,8.0,2020-01-22 09:41:32.509335,318.27,318.3,0,0.009999999999990905,0.04327367132037807,1,1,-0.6363636363636364,0.00363
544,2020-01-22 09:41:33,N,AAPL,318.27,1.0,318.3,1.0,-3.0,-18.0,2020-01-22 09:41:33.898083,318.26,318.29,0,0.03000000000002956,0.04504292965651757,1,1,0.0,0.00375
545,2020-01-22 09:41:34,N,AAPL,318.26,1.0,318.29,4.0,0.0,3.0,2020-01-22 09:41:34.023670,318.25,318.29,0,0.03000000000002956,0.04461938651888886,1,1,-0.6,0.00375
546,2020-01-22 09:41:35,N,AAPL,318.25,4.0,318.29,3.0,3.0,1.0,2020-01-22 09:41:35.249078,318.26,318.3,0,0.040000000000020464,0.04490935951929487,1,1,0.14285714285714285,0.00375
547,2020-01-22 09:41:36,N,AAPL,318.26,1.0,318.3,2.0,-3.0,-1.0,2020-01-22 09:41:36.011014,318.25,318.27,0,0.040000000000020464,0.04514754227506046,1,1,-0.3333333333333333,0.00375
548,2020-01-22 09:41:37,N,AAPL,318.25,3.0,318.27,1.0,2.0,0.0,2020-01-22 09:41:37.258466,318.25,318.27,0,0.01999999999998181,0.04519139821081808,1,-1,0.5,0.00375
549,2020-01-22 09:41:38,N,AAPL,318.25,1.0,318.27,1.0,-2.0,0.0,2020-01-22 09:41:38.183864,318.21,318.23,-1,0.01999999999998181,0.04693535497517587,1,1,0.0,0.00375
550,2020-01-22 09:41:39,N,AAPL,318.21,2.0,318.23,2.0,-1.0,-2.0,2020-01-22 09:41:39.091563,318.21,318.24,0,0.020000000000038654,0.04384344736467938,1,1,0.0,0.00375
551,2020-01-22 09:41:40,N,AAPL,318.21,1.0,318.24,1.0,-3.0,0.0,2020-01-22 09:41:40.296728,318.22,318.25,0,0.03000000000002956,0.04320645875708351,1,1,0.0,0.00375
552,2020-01-22 09:41:41,N,AAPL,318.22,1.0,318.25,1.0,0.0,-1.0,2020-01-22 09:41:41.042484,318.23,318.26,0,0.029999999999972715,0.043774177446380236,1,-1,0.0,0.00375
553,2020-01-22 09:41:42,N,AAPL,318.23,1.0,318.26,2.0,-1.0,1.0,2020-01-22 09:41:42.134011,318.22,318.25,0,0.029999999999972715,0.04337533500665813,1,1,-0.3333333333333333,0.00375
554,2020-01-22 09:41:44,N,AAPL,318.22,1.0,318.25,1.0,-2.0,-3.0,2020-01-22 09:41:44.337534,318.24,318.26,0,0.029999999999972715,0.04333191111300039,1,1,0.0,0.00375
555,2020-01-22 09:41:45,N,AAPL,318.24,5.0,318.26,1.0,3.0,0.0,2020-01-22 09:41:45.165153,318.23,318.25,0,0.01999999999998181,0.04388788005422839,1,-1,0.6666666666666666,0.00375
556,2020-01-22 09:41:46,N,AAPL,318.23,1.0,318.25,3.0,0.0,2.0,2020-01-22 09:41:46.290532,318.2,318.22,-1,0.01999999999998181,0.04575695853753814,1,1,-0.5,0.00375
557,2020-01-22 09:41:47,N,AAPL,318.2,4.0,318.22,4.0,1.0,3.0,2020-01-22 09:41:47.113869,318.25,318.27,1,0.020000000000038654,0.04511015214376357,1,1,0.0,0.00375
558,2020-01-22 09:41:50,N,AAPL,318.25,1.0,318.27,5.0,-3.0,2.0,2020-01-22 09:41:50.057583,318.25,318.27,0,0.01999999999998181,0.04634396917532513,1,-1,-0.6666666666666666,0.00375
559,2020-01-22 09:41:52,N,AAPL,318.25,1.0,318.27,2.0,0.0,-2.0,2020-01-22 09:41:52.523771,318.24,318.26,0,0.01999999999998181,0.047661437566091536,1,1,-0.3333333333333333,0.00375
560,2020-01-22 09:41:53,N,AAPL,318.24,2.0,318.26,5.0,1.0,3.0,2020-01-22 09:41:53.589238,318.2,318.22,-1,0.01999999999998181,0.04730363906713819,1,1,-0.42857142857142855,0.00375
561,2020-01-22 09:41:54,N,AAPL,318.2,1.0,318.22,2.0,-2.0,0.0,2020-01-22 09:41:54.784357,318.17,318.19,-1,0.020000000000038654,0.04733973929222657,1,1,-0.3333333333333333,0.00375
562,2020-01-22 09:41:55,N,AAPL,318.17,1.0,318.19,1.0,0.0,0.0,2020-01-22 09:41:55.297505,318.15,318.18,0,0.01999999999998181,0.04594676024311184,1,-1,0.0,0.00375
563,2020-01-22 09:41:56,N,AAPL,318.15,2.0,318.18,2.0,0.0,1.0,2020-01-22 09:41:56.866932,318.11,318.13,-1,0.03000000000002956,0.044625056179711464,1,1,0.0,0.00375
564,2020-01-22 09:41:57,N,AAPL,318.11,9.0,318.13,4.0,7.0,3.0,2020-01-22 09:41:57.382826,318.09,318.11,0,0.01999999999998181,0.04438276788090434,1,-1,0.38461538461538464,0.00375
565,2020-01-22 09:41:58,N,AAPL,318.09,2.0,318.11,5.0,-2.0,3.0,2020-01-22 09:41:58.701616,318.08,318.1,0,0.020000000000038654,0.04418452380940607,1,1,-0.42857142857142855,0.00375
566,2020-01-22 09:41:59,N,AAPL,318.08,1.0,318.1,1.0,-15.0,-4.0,2020-01-22 09:41:59.930881,318.07,318.1,0,0.020000000000038654,0.043729312463597125,1,1,0.0,0.00375
567,2020-01-22 09:42:00,N,AAPL,318.07,1.0,318.1,2.0,0.0,1.0,2020-01-22 09:42:00.026790,318.1,318.13,0,0.03000000000002956,0.04462217270520341,1,1,-0.3333333333333333,0.00375
568,2020-01-22 09:42:01,N,AAPL,318.1,4.0,318.13,2.0,0.0,1.0,2020-01-22 09:42:01.407017,318.12,318.13,0,0.029999999999972715,0.044158242323476316,1,-1,0.3333333333333333,0.00375
569,2020-01-22 09:42:02,N,AAPL,318.12,3.0,318.13,1.0,1.0,-1.0,2020-01-22 09:42:02.112122,318.11,318.14,0,0.009999999999990905,0.04328083695384066,1,-1,0.5,0.00375
570,2020-01-22 09:42:03,N,AAPL,318.11,1.0,318.14,1.0,-3.0,0.0,2020-01-22 09:42:03.068014,318.05,318.08,-1,0.029999999999972715,0.042967531273120585,1,1,0.0,0.00375
571,2020-01-22 09:42:04,N,AAPL,318.05,5.0,318.08,1.0,3.0,-3.0,2020-01-22 09:42:04.050638,318.05,318.07,0,0.029999999999972715,0.04292825149076407,1,1,0.6666666666666666,0.00375
572,2020-01-22 09:42:05,N,AAPL,318.05,1.0,318.07,2.0,-2.0,1.0,2020-01-22 09:42:05.539844,318.06,318.08,0,0.01999999999998181,0.04334300053938023,1,-1,-0.3333333333333333,0.00375
573,2020-01-22 09:42:06,N,AAPL,318.06,2.0,318.08,1.0,1.0,0.0,2020-01-22 09:42:06.178947,318.14,318.17,1,0.01999999999998181,0.043370418740096284,1,1,0.3333333333333333,0.00375
574,2020-01-22 09:42:07,N,AAPL,318.14,3.0,318.17,2.0,2.0,1.0,2020-01-22 09:42:07.256759,318.17,318.19,0,0.03000000000002956,0.04333507590274621,1,1,0.2,0.00375
575,2020-01-22 09:42:08,N,AAPL,318.17,5.0,318.19,1.0,4.0,0.0,2020-01-22 09:42:08.757600,318.16,318.18,0,0.01999999999998181,0.043118424129204413,1,-1,0.6666666666666666,0.00375
576,2020-01-22 09:42:09,N,AAPL,318.16,1.0,318.18,1.0,0.0,0.0,2020-01-22 09:42:09.138968,318.19,318.21,1,0.01999999999998181,0.043071516249824526,1,1,0.0,0.00375
577,2020-01-22 09:42:10,N,AAPL,318.19,4.0,318.21,1.0,2.0,-2.0,2020-01-22 09:42:10.032057,318.21,318.24,0,0.01999999999998181,0.04272819221711188,1,1,0.6,0.00375
578,2020-01-22 09:42:11,N,AAPL,318.21,4.0,318.24,1.0,0.0,0.0,2020-01-22 09:42:11.301961,318.22,318.24,0,0.03000000000002956,0.04216991188434349,1,1,0.6,0.00375
579,2020-01-22 09:42:12,N,AAPL,318.22,1.0,318.24,3.0,0.0,2.0,2020-01-22 09:42:12.291100,318.23,318.26,0,0.01999999999998181,0.04228899268417763,1,-1,-0.5,0.00375
580,2020-01-22 09:42:13,N,AAPL,318.23,1.0,318.26,1.0,0.0,-2.0,2020-01-22 09:42:13.023597,318.18,318.21,-1,0.029999999999972715,0.04221444814351116,1,1,0.0,0.00375
581,2020-01-22 09:42:14,N,AAPL,318.18,2.0,318.21,2.0,1.0,0.0,2020-01-22 09:42:14.325841,318.15,318.16,-1,0.029999999999972715,0.04223096654482106,1,1,0.0,0.00375
582,2020-01-22 09:42:16,N,AAPL,318.15,2.0,318.16,1.0,0.0,-3.0,2020-01-22 09:42:16.745145,318.15,318.16,0,0.010000000000047748,0.04213341591378139,1,-1,0.3333333333333333,0.00375
583,2020-01-22 09:42:17,N,AAPL,318.15,3.0,318.16,1.0,1.0,0.0,2020-01-22 09:42:17.409928,318.15,318.17,0,0.010000000000047748,0.04180104197030232,1,1,0.5,0.00375
584,2020-01-22 09:42:18,N,AAPL,318.15,1.0,318.17,4.0,-1.0,3.0,2020-01-22 09:42:18.130720,318.15,318.18,0,0.020000000000038654,0.041894916609180655,1,1,-0.6,0.00375
585,2020-01-22 09:42:19,N,AAPL,318.15,4.0,318.18,1.0,3.0,-2.0,2020-01-22 09:42:19.209791,318.17,318.21,0,0.03000000000002956,0.04166264440289069,1,1,0.6,0.00375
586,2020-01-22 09:42:20,N,AAPL,318.17,2.0,318.21,3.0,0.0,1.0,2020-01-22 09:42:20.475613,318.17,318.21,0,0.03999999999996362,0.041653149235344245,1,1,-0.2,0.00375
587,2020-01-22 09:42:21,N,AAPL,318.17,2.0,318.21,3.0,1.0,2.0,2020-01-22 09:42:21.750970,318.2,318.21,0,0.03999999999996362,0.041730109770469426,1,1,-0.2,0.00375
588,2020-01-22 09:42:23,N,AAPL,318.2,1.0,318.21,2.0,0.0,-1.0,2020-01-22 09:42:23.286269,318.15,318.17,-1,0.009999999999990905,0.04177129086031073,1,-1,-0.3333333333333333,0.00375
589,2020-01-22 09:42:24,N,AAPL,318.15,1.0,318.17,2.0,-3.0,1.0,2020-01-22 09:42:24.829875,318.16,318.18,0,0.020000000000038654,0.04175664999638684,1,1,-0.3333333333333333,0.00375
590,2020-01-22 09:42:26,N,AAPL,318.16,5.0,318.18,4.0,3.0,2.0,2020-01-22 09:42:26.577153,318.1,318.12,-1,0.01999999999998181,0.041573628454386835,1,-1,0.1111111111111111,0.00375
591,2020-01-22 09:42:27,N,AAPL,318.1,1.0,318.12,3.0,0.0,1.0,2020-01-22 09:42:27.768652,318.12,318.14,0,0.01999999999998181,0.041481305723380046,1,1,-0.5,0.00387
