,last_interval,Exchange,Symbol,Best_Bid_Price,FB0,Best_Offer_Price,FA0,FB2,FA2,p_time,Next_Best_Bid,Next_Best_Offer,outcome,Spread,AWS,Anomaly,Spread Change,Quote IMB,VPIN
0,2020-01-23 09:30:25,N,AAPL,318.11,1.0,318.19,1.0,0.0,0.0,2020-01-23 09:30:25.861538,318.22,318.25,1,0.07999999999998408,0.07999999999998408,0,0,0.0,2e-05
1,2020-01-23 09:30:28,N,AAPL,318.22,4.0,318.25,3.0,3.0,2.0,2020-01-23 09:30:28.573258,318.28,318.31,1,0.029999999999972715,0.03699999999997772,0,-1,0.14285714285714285,2e-05
2,2020-01-23 09:30:29,N,AAPL,318.28,4.0,318.31,1.0,1.0,-1.0,2020-01-23 09:30:29.888120,318.27,318.3,0,0.03000000000002956,0.01555555555552246,0,1,0.6,2e-05
3,2020-01-23 09:30:31,N,AAPL,318.27,1.0,318.3,2.0,-1.0,1.0,2020-01-23 09:30:31.214840,318.31,318.35,1,0.03000000000002956,0.026285714285677386,0,1,-0.3333333333333333,2e-05
4,2020-01-23 09:30:32,N,AAPL,318.31,4.0,318.35,32.0,1.0,31.0,2020-01-23 09:30:32.050292,318.45,318.48,1,0.040000000000020464,0.07604395604397496,1,1,-0.7777777777777778,2e-05
5,2020-01-23 09:30:33,N,AAPL,318.45,2.0,318.48,2.0,0.0,1.0,2020-01-23 09:30:33.016895,318.43,318.45,0,0.03000000000002956,0.05920731707323057,0,-1,0.0,2e-05
6,2020-01-23 09:30:35,N,AAPL,318.43,1.0,318.45,1.0,-2.0,-1.0,2020-01-23 09:30:35.763900,318.43,318.48,0,0.01999999999998181,0.05310924369757686,0,-1,0.0,2e-05
7,2020-01-23 09:30:36,N,AAPL,318.43,1.0,318.48,2.0,0.0,0.0,2020-01-23 09:30:36.007805,318.37,318.42,-1,0.05000000000001137,0.05156565656568546,0,1,-0.3333333333333333,2e-05
8,2020-01-23 09:30:37,N,AAPL,318.37,1.0,318.42,4.0,-1.0,3.0,2020-01-23 09:30:37.860536,318.32,318.4,0,0.05000000000001137,0.05361842105270398,0,1,-0.6,2e-05
9,2020-01-23 09:30:38,N,AAPL,318.32,2.0,318.4,3.0,1.0,1.0,2020-01-23 09:30:38.190059,318.35,318.39,0,0.07999999999998408,0.05453781512608202,0,1,-0.2,2e-05
10,2020-01-23 09:30:39,N,AAPL,318.35,1.0,318.39,1.0,-1.0,0.0,2020-01-23 09:30:39.459668,318.26,318.3,-1,0.03999999999996362,0.053059440559479754,0,-1,0.0,2e-05
11,2020-01-23 09:30:40,N,AAPL,318.26,2.0,318.3,2.0,-28.0,1.0,2020-01-23 09:30:40.862105,318.22,318.24,-1,0.040000000000020464,0.05472222222221035,0,1,0.0,2e-05
12,2020-01-23 09:30:41,N,AAPL,318.22,2.0,318.24,3.0,0.0,1.0,2020-01-23 09:30:41.240763,318.25,318.3,1,0.01999999999998181,0.05489878542510951,0,-1,-0.2,2e-05
13,2020-01-23 09:30:42,N,AAPL,318.25,3.0,318.3,2.0,1.0,1.0,2020-01-23 09:30:42.530848,318.25,318.3,0,0.05000000000001137,0.057942723553480846,0,1,0.2,2e-05
14,2020-01-23 09:30:43,N,AAPL,318.25,3.0,318.3,2.0,0.0,0.0,2020-01-23 09:30:43.524010,318.24,318.3,0,0.05000000000001137,0.06020491803275263,0,1,0.2,2e-05
15,2020-01-23 09:30:44,N,AAPL,318.24,7.0,318.3,5.0,4.0,3.0,2020-01-23 09:30:44.708112,318.13,318.19,-1,0.060000000000002274,0.06511655011655648,1,1,0.16666666666666666,2e-05
16,2020-01-23 09:30:45,N,AAPL,318.13,3.0,318.19,1.0,1.0,0.0,2020-01-23 09:30:45.021498,318.03,318.09,-1,0.060000000000002274,0.07345771144275659,1,1,0.5,2e-05
17,2020-01-23 09:30:46,N,AAPL,318.03,3.0,318.09,2.0,2.0,1.0,2020-01-23 09:30:46.004390,318.02,318.06,0,0.060000000000002274,0.0820483091787878,1,1,0.2,2e-05
18,2020-01-23 09:30:47,N,AAPL,318.02,16.0,318.06,4.0,15.0,3.0,2020-01-23 09:30:47.725125,318.04,318.13,0,0.040000000000020464,0.1279766449584372,1,-1,0.6,2e-05
19,2020-01-23 09:30:48,N,AAPL,318.04,2.0,318.13,2.0,-2.0,1.0,2020-01-23 09:30:48.028484,318.03,318.12,0,0.08999999999997499,0.12773333333325354,1,1,0.0,2e-05
20,2020-01-23 09:30:49,N,AAPL,318.03,2.0,318.12,2.0,0.0,0.0,2020-01-23 09:30:49.155801,318.09,318.17,0,0.09000000000003183,0.1275044955044109,1,1,0.0,2e-05
21,2020-01-23 09:30:50,N,AAPL,318.09,3.0,318.17,1.0,1.0,-1.0,2020-01-23 09:30:50.112303,318.12,318.17,0,0.08000000000004093,0.12976998491694758,1,-1,0.5,2e-05
22,2020-01-23 09:30:52,N,AAPL,318.12,2.0,318.17,2.0,-1.0,1.0,2020-01-23 09:30:52.577792,318.08,318.13,0,0.05000000000001137,0.12798214285709264,1,-1,0.0,2e-05
23,2020-01-23 09:30:53,N,AAPL,318.08,2.0,318.13,2.0,0.0,0.0,2020-01-23 09:30:53.601686,318.07,318.15,0,0.05000000000001137,0.12640582655814114,1,1,0.0,2e-05
24,2020-01-23 09:30:54,N,AAPL,318.07,3.0,318.15,3.0,1.0,1.0,2020-01-23 09:30:54.103315,318.11,318.12,0,0.07999999999998408,0.12525490196071587,1,1,0.0,2e-05
25,2020-01-23 09:30:55,N,AAPL,318.11,3.0,318.12,1.0,1.0,-1.0,2020-01-23 09:30:55.670466,318.13,318.18,1,0.009999999999990905,0.12550685748345813,1,-1,0.5,2e-05
26,2020-01-23 09:30:56,N,AAPL,318.13,1.0,318.18,2.0,-3.0,1.0,2020-01-23 09:30:56.031444,318.05,318.13,0,0.05000000000001137,0.12341772151887653,1,1,-0.3333333333333333,2e-05
27,2020-01-23 09:30:57,N,AAPL,318.05,2.0,318.13,1.0,1.0,-3.0,2020-01-23 09:30:57.221482,318.1,318.18,0,0.07999999999998408,0.12449854348722056,1,1,0.3333333333333333,2e-05
28,2020-01-23 09:30:58,N,AAPL,318.1,2.0,318.18,1.0,-1.0,0.0,2020-01-23 09:30:58.062760,318.3,318.36,1,0.07999999999998408,0.12483132530110197,1,1,0.3333333333333333,2e-05
29,2020-01-23 09:30:59,N,AAPL,318.3,3.0,318.36,2.0,2.0,0.0,2020-01-23 09:30:59.143805,318.26,318.33,0,0.060000000000002274,0.12161021233561087,1,-1,0.2,2e-05
30,2020-01-23 09:31:00,N,AAPL,318.26,2.0,318.33,4.0,1.0,2.0,2020-01-23 09:31:00.705000,318.33,318.37,0,0.06999999999999318,0.12122159090898776,1,1,-0.3333333333333333,2e-05
31,2020-01-23 09:31:01,N,AAPL,318.33,2.0,318.37,2.0,-1.0,1.0,2020-01-23 09:31:01.384115,318.28,318.33,0,0.040000000000020464,0.11927210884357464,1,-1,0.0,2e-05
32,2020-01-23 09:31:02,N,AAPL,318.28,2.0,318.33,2.0,0.0,1.0,2020-01-23 09:31:02.699341,318.31,318.37,0,0.05000000000001137,0.11770000000001346,1,1,0.0,2e-05
33,2020-01-23 09:31:03,N,AAPL,318.31,1.0,318.37,2.0,-1.0,1.0,2020-01-23 09:31:03.332990,318.25,318.33,0,0.060000000000002274,0.11776407337129058,1,1,-0.3333333333333333,2e-05
34,2020-01-23 09:31:04,N,AAPL,318.25,4.0,318.33,2.0,2.0,0.0,2020-01-23 09:31:04.060226,318.24,318.3,0,0.07999999999998408,0.11541931007138828,1,1,0.3333333333333333,2e-05
35,2020-01-23 09:31:05,N,AAPL,318.24,2.0,318.3,2.0,0.0,0.0,2020-01-23 09:31:05.147600,318.27,318.33,0,0.060000000000002274,0.11429292929290114,1,-1,0.0,2e-05
36,2020-01-23 09:31:06,N,AAPL,318.27,1.0,318.33,1.0,-1.0,-3.0,2020-01-23 09:31:06.274323,318.24,318.3,0,0.060000000000002274,0.11372710280375031,1,1,0.0,2e-05
37,2020-01-23 09:31:07,N,AAPL,318.24,2.0,318.3,1.0,1.0,0.0,2020-01-23 09:31:07.323577,318.19,318.23,-1,0.060000000000002274,0.1126252723312291,1,1,0.3333333333333333,2e-05
38,2020-01-23 09:31:08,N,AAPL,318.19,8.0,318.23,2.0,7.0,0.0,2020-01-23 09:31:08.004928,318.17,318.25,0,0.040000000000020464,0.11090909090910372,1,-1,0.6,2e-05
39,2020-01-23 09:31:09,N,AAPL,318.17,2.0,318.25,1.0,1.0,-1.0,2020-01-23 09:31:09.146714,318.15,318.2,0,0.07999999999998408,0.1107480694981291,1,1,0.3333333333333333,0.00069
40,2020-01-23 09:31:10,N,AAPL,318.15,2.0,318.2,4.0,0.0,2.0,2020-01-23 09:31:10.881838,318.09,318.12,-1,0.05000000000001137,0.10806559877966038,1,-1,-0.3333333333333333,0.00069
41,2020-01-23 09:31:11,N,AAPL,318.09,2.0,318.12,2.0,0.0,0.0,2020-01-23 09:31:11.129090,318.11,318.17,0,0.03000000000002956,0.10674476864136295,1,-1,0.0,0.00069
42,2020-01-23 09:31:12,N,AAPL,318.11,1.0,318.17,2.0,0.0,0.0,2020-01-23 09:31:12.093047,318.13,318.18,0,0.060000000000002274,0.10537384184442544,1,1,-0.3333333333333333,0.00069
43,2020-01-23 09:31:14,N,AAPL,318.13,1.0,318.18,2.0,0.0,0.0,2020-01-23 09:31:14.274968,318.16,318.23,0,0.05000000000001137,0.10405378904613372,1,-1,-0.3333333333333333,0.00069
44,2020-01-23 09:31:15,N,AAPL,318.16,1.0,318.23,2.0,-2.0,1.0,2020-01-23 09:31:15.564056,318.18,318.24,0,0.06999999999999318,0.1033442645350533,1,1,-0.3333333333333333,0.00069
45,2020-01-23 09:31:16,N,AAPL,318.18,4.0,318.24,1.0,2.0,-2.0,2020-01-23 09:31:16.037012,318.2,318.25,0,0.060000000000002274,0.10298649357457634,0,-1,0.6,0.00069
46,2020-01-23 09:31:17,N,AAPL,318.2,2.0,318.25,1.0,1.0,-1.0,2020-01-23 09:31:17.521133,318.23,318.28,0,0.05000000000001137,0.10239999999993188,0,-1,0.3333333333333333,0.00069
47,2020-01-23 09:31:19,N,AAPL,318.23,4.0,318.28,2.0,3.0,0.0,2020-01-23 09:31:19.052423,318.24,318.28,0,0.049999999999954525,0.10081181712752141,0,-1,0.3333333333333333,0.00069
48,2020-01-23 09:31:20,N,AAPL,318.24,1.0,318.28,2.0,-2.0,-3.0,2020-01-23 09:31:20.002152,318.28,318.31,0,0.03999999999996362,0.1003255813953956,0,-1,-0.3333333333333333,0.00069
49,2020-01-23 09:31:21,N,AAPL,318.28,1.0,318.31,2.0,0.0,-9.0,2020-01-23 09:31:21.410107,318.24,318.29,0,0.03000000000002956,0.10000000000007958,0,-1,-0.3333333333333333,0.00069
50,2020-01-23 09:31:22,N,AAPL,318.24,1.0,318.29,2.0,0.0,0.0,2020-01-23 09:31:22.626028,318.29,318.32,0,0.05000000000001137,0.09967532467538831,0,1,-0.3333333333333333,0.00069
51,2020-01-23 09:31:25,N,AAPL,318.29,13.0,318.32,2.0,12.0,0.0,2020-01-23 09:31:25.927475,318.3,318.34,0,0.029999999999972715,0.09064878671779297,0,-1,0.7333333333333333,0.00069
52,2020-01-23 09:31:26,N,AAPL,318.3,14.0,318.34,16.0,1.0,15.0,2020-01-23 09:31:26.975286,318.23,318.26,-1,0.03999999999996362,0.08720271564840232,0,1,-0.06666666666666667,0.00069
53,2020-01-23 09:31:27,N,AAPL,318.23,3.0,318.26,3.0,-11.0,-13.0,2020-01-23 09:31:27.388376,318.14,318.17,-1,0.029999999999972715,0.08611511944849326,0,-1,0.0,0.00069
54,2020-01-23 09:31:28,N,AAPL,318.14,1.0,318.17,2.0,0.0,0.0,2020-01-23 09:31:28.348386,318.03,318.08,-1,0.03000000000002956,0.08497640396416273,1,1,-0.3333333333333333,0.00069
55,2020-01-23 09:31:29,N,AAPL,318.03,1.0,318.08,2.0,0.0,1.0,2020-01-23 09:31:29.987936,318.04,318.1,0,0.05000000000001137,0.08340305649898028,1,1,-0.3333333333333333,0.00069
56,2020-01-23 09:31:30,N,AAPL,318.04,1.0,318.1,2.0,0.0,0.0,2020-01-23 09:31:30.170661,318.04,318.14,0,0.060000000000002274,0.08207196969698316,1,1,-0.3333333333333333,0.00069
57,2020-01-23 09:31:31,N,AAPL,318.04,11.0,318.14,2.0,10.0,0.0,2020-01-23 09:31:31.119675,318.03,318.09,0,0.0999999999999659,0.09033319304154475,0,1,0.6923076923076923,0.00069
58,2020-01-23 09:31:32,N,AAPL,318.03,2.0,318.09,2.0,-5.0,0.0,2020-01-23 09:31:32.944555,317.99,318.02,-1,0.060000000000002274,0.08980953685943405,0,-1,0.0,0.00069
59,2020-01-23 09:31:33,N,AAPL,317.99,1.0,318.02,4.0,-1.0,2.0,2020-01-23 09:31:33.226390,318.0,318.02,0,0.029999999999972715,0.08476855546689421,1,-1,-0.6,0.00069
60,2020-01-23 09:31:34,N,AAPL,318.0,1.0,318.02,2.0,0.0,0.0,2020-01-23 09:31:34.108491,318.03,318.08,1,0.01999999999998181,0.0828431372549403,1,-1,-0.3333333333333333,0.00069
61,2020-01-23 09:31:35,N,AAPL,318.03,7.0,318.08,2.0,0.0,0.0,2020-01-23 09:31:35.007473,318.04,318.06,0,0.05000000000001137,0.08649546076367187,0,1,0.5555555555555556,0.00069
62,2020-01-23 09:31:36,N,AAPL,318.04,1.0,318.06,2.0,-12.0,0.0,2020-01-23 09:31:36.280093,318.0,318.04,0,0.01999999999998181,0.08486365859630496,1,-1,-0.3333333333333333,0.00069
63,2020-01-23 09:31:37,N,AAPL,318.0,14.0,318.04,2.0,0.0,1.0,2020-01-23 09:31:37.565621,317.96,318.01,0,0.040000000000020464,0.09476822682267994,0,1,0.75,0.00069
64,2020-01-23 09:31:38,N,AAPL,317.96,2.0,318.01,1.0,1.0,-1.0,2020-01-23 09:31:38.344235,317.91,317.96,0,0.05000000000001137,0.09537637088737938,0,1,0.3333333333333333,0.00069
65,2020-01-23 09:31:39,N,AAPL,317.91,1.0,317.96,2.0,-2.0,0.0,2020-01-23 09:31:39.147447,317.9,317.92,0,0.049999999999954525,0.09326256983240455,0,-1,-0.3333333333333333,0.00069
66,2020-01-23 09:31:40,N,AAPL,317.9,4.0,317.92,4.0,3.0,2.0,2020-01-23 09:31:40.057163,317.84,317.9,0,0.020000000000038654,0.09094334196140608,0,-1,0.0,0.00069
67,2020-01-23 09:31:41,N,AAPL,317.84,5.0,317.9,4.0,1.0,2.0,2020-01-23 09:31:41.449442,317.8,317.84,0,0.060000000000002274,0.09091109000945607,0,1,0.1111111111111111,0.00069
68,2020-01-23 09:31:42,N,AAPL,317.8,9.0,317.84,2.0,7.0,1.0,2020-01-23 09:31:42.662659,317.75,317.8,0,0.03999999999996362,0.1008387311077854,1,-1,0.6363636363636364,0.00069
69,2020-01-23 09:31:43,N,AAPL,317.75,1.0,317.8,2.0,-2.0,0.0,2020-01-23 09:31:43.155202,317.72,317.79,0,0.05000000000001137,0.09797985228124162,0,1,-0.3333333333333333,0.00069
70,2020-01-23 09:31:44,N,AAPL,317.72,1.0,317.79,2.0,-53.0,0.0,2020-01-23 09:31:44.409291,317.66,317.73,0,0.06999999999999318,0.09523039723660531,0,1,-0.3333333333333333,0.00069
71,2020-01-23 09:31:45,N,AAPL,317.66,3.0,317.73,1.0,1.0,0.0,2020-01-23 09:31:45.060537,317.59,317.68,0,0.06999999999999318,0.0988917525773445,0,1,0.5,0.00069
72,2020-01-23 09:31:46,N,AAPL,317.59,9.0,317.68,2.0,8.0,0.0,2020-01-23 09:31:46.073060,317.63,317.71,0,0.09000000000003183,0.11372771893570643,1,1,0.6363636363636364,0.00069
73,2020-01-23 09:31:47,N,AAPL,317.63,1.0,317.71,2.0,-1.0,1.0,2020-01-23 09:31:47.008016,317.64,317.72,0,0.07999999999998408,0.11057253204313611,1,-1,-0.3333333333333333,0.00069
74,2020-01-23 09:31:48,N,AAPL,317.64,2.0,317.72,2.0,1.0,0.0,2020-01-23 09:31:48.057804,317.7,317.76,0,0.08000000000004093,0.10949166666665633,1,1,0.0,0.0008
75,2020-01-23 09:31:49,N,AAPL,317.7,2.0,317.76,2.0,1.0,1.0,2020-01-23 09:31:49.027276,317.74,317.86,0,0.060000000000002274,0.10834506177894809,1,-1,0.0,0.0008
76,2020-01-23 09:31:50,N,AAPL,317.74,4.0,317.86,2.0,0.0,1.0,2020-01-23 09:31:50.174195,317.86,317.93,0,0.12000000000000455,0.11076996652320759,1,1,0.3333333333333333,0.0008
77,2020-01-23 09:31:51,N,AAPL,317.86,4.0,317.93,2.0,0.0,1.0,2020-01-23 09:31:51.054453,317.94,317.99,1,0.06999999999999318,0.1118341747572913,1,-1,0.3333333333333333,0.0008
78,2020-01-23 09:31:52,N,AAPL,317.94,1.0,317.99,1.0,-2.0,-1.0,2020-01-23 09:31:52.244277,317.89,317.96,0,0.05000000000001137,0.11140981965854735,1,-1,0.0,0.0008
79,2020-01-23 09:31:53,N,AAPL,317.89,1.0,317.96,2.0,-1.0,1.0,2020-01-23 09:31:53.348189,317.86,317.89,0,0.06999999999999318,0.1099058251689371,1,1,-0.3333333333333333,0.0008
80,2020-01-23 09:31:54,N,AAPL,317.86,2.0,317.89,2.0,1.0,0.0,2020-01-23 09:31:54.676241,317.86,317.9,0,0.029999999999972715,0.1087841922603161,1,-1,0.0,0.0008
81,2020-01-23 09:31:55,N,AAPL,317.86,5.0,317.9,2.0,3.0,0.0,2020-01-23 09:31:55.081677,317.94,317.99,1,0.03999999999996362,0.11037123642756796,1,1,0.42857142857142855,0.0008
82,2020-01-23 09:31:56,N,AAPL,317.94,2.0,317.99,3.0,1.0,1.0,2020-01-23 09:31:56.341924,317.98,318.05,0,0.05000000000001137,0.10865581098335042,1,1,-0.2,0.0008
83,2020-01-23 09:31:57,N,AAPL,317.98,2.0,318.05,2.0,0.0,-2.0,2020-01-23 09:31:57.018528,317.99,318.06,0,0.06999999999999318,0.10814455645862608,1,1,0.0,0.0008
84,2020-01-23 09:31:58,N,AAPL,317.99,1.0,318.06,4.0,0.0,1.0,2020-01-23 09:31:58.024529,317.99,318.03,0,0.06999999999999318,0.10619062244057886,1,1,-0.6,0.0008
85,2020-01-23 09:31:59,N,AAPL,317.99,1.0,318.03,4.0,0.0,3.0,2020-01-23 09:31:59.204041,317.87,317.92,-1,0.03999999999996362,0.10378427116376088,1,-1,-0.6,0.0008
86,2020-01-23 09:32:00,N,AAPL,317.87,3.0,317.92,2.0,2.0,0.0,2020-01-23 09:32:00.032055,317.77,317.85,-1,0.05000000000001137,0.10381709871683142,1,1,0.2,0.0008
87,2020-01-23 09:32:01,N,AAPL,317.77,4.0,317.85,2.0,2.0,0.0,2020-01-23 09:32:01.063964,317.67,317.74,-1,0.08000000000004093,0.1054491687978043,1,1,0.3333333333333333,0.0008
88,2020-01-23 09:32:02,N,AAPL,317.67,1.0,317.74,2.0,0.0,0.0,2020-01-23 09:32:02.473241,317.64,317.69,0,0.06999999999999318,0.10315302513566849,1,-1,-0.3333333333333333,0.0008
89,2020-01-23 09:32:03,N,AAPL,317.64,5.0,317.69,2.0,4.0,1.0,2020-01-23 09:32:03.308752,317.68,317.78,0,0.05000000000001137,0.10675767078640774,1,-1,0.42857142857142855,0.0008
90,2020-01-23 09:32:04,N,AAPL,317.68,1.0,317.78,2.0,-1.0,1.0,2020-01-23 09:32:04.199804,317.7,317.76,0,0.0999999999999659,0.10483081222275814,1,1,-0.3333333333333333,0.0008
91,2020-01-23 09:32:06,N,AAPL,317.7,1.0,317.76,3.0,-1.0,2.0,2020-01-23 09:32:06.522502,317.71,317.78,0,0.060000000000002274,0.10102659892402244,0,-1,-0.5,0.0008
92,2020-01-23 09:32:07,N,AAPL,317.71,1.0,317.78,1.0,-1.0,0.0,2020-01-23 09:32:07.777253,317.75,317.79,0,0.06999999999999318,0.10068475682078315,0,1,0.0,0.0008
93,2020-01-23 09:32:09,N,AAPL,317.75,2.0,317.79,1.0,1.0,0.0,2020-01-23 09:32:09.568097,317.73,317.79,0,0.040000000000020464,0.10133278594770445,1,-1,0.3333333333333333,0.0008
94,2020-01-23 09:32:10,N,AAPL,317.73,2.0,317.79,2.0,1.0,1.0,2020-01-23 09:32:10.723892,317.7,317.73,0,0.060000000000002274,0.10059692440967183,0,1,0.0,0.0008
95,2020-01-23 09:32:11,N,AAPL,317.7,2.0,317.73,1.0,1.0,-1.0,2020-01-23 09:32:11.173430,317.58,317.65,-1,0.03000000000002956,0.10132347061176006,1,-1,0.3333333333333333,0.0008
96,2020-01-23 09:32:12,N,AAPL,317.58,2.0,317.65,1.0,1.0,-2.0,2020-01-23 09:32:12.376158,317.58,317.69,0,0.06999999999999318,0.10253400183592021,1,1,0.3333333333333333,0.0008
97,2020-01-23 09:32:15,N,AAPL,317.58,4.0,317.69,1.0,3.0,-1.0,2020-01-23 09:32:15.116741,317.61,317.68,0,0.11000000000001364,0.10705291489767887,1,1,0.6,0.0008
98,2020-01-23 09:32:16,N,AAPL,317.61,1.0,317.68,2.0,0.0,-2.0,2020-01-23 09:32:16.056866,317.57,317.62,0,0.06999999999999318,0.10474050910681854,1,-1,-0.3333333333333333,0.0008
99,2020-01-23 09:32:18,N,AAPL,317.57,5.0,317.62,4.0,2.0,3.0,2020-01-23 09:32:18.011814,317.6,317.66,0,0.05000000000001137,0.1042711153579603,1,-1,0.1111111111111111,0.0008
100,2020-01-23 09:32:19,N,AAPL,317.6,1.0,317.66,1.0,0.0,-1.0,2020-01-23 09:32:19.010273,317.62,317.66,0,0.060000000000002274,0.1038283267455995,1,1,0.0,0.0008
101,2020-01-23 09:32:20,N,AAPL,317.62,12.0,317.66,4.0,10.0,3.0,2020-01-23 09:32:20.284804,317.6,317.64,0,0.040000000000020464,0.11224645814610312,1,-1,0.5,0.0008
102,2020-01-23 09:32:21,N,AAPL,317.6,1.0,317.64,4.0,-11.0,0.0,2020-01-23 09:32:21.124575,317.6,317.67,0,0.03999999999996362,0.10610223642157735,1,-1,-0.6,0.0008
103,2020-01-23 09:32:22,N,AAPL,317.6,3.0,317.67,2.0,2.0,1.0,2020-01-23 09:32:22.006897,317.57,317.63,0,0.06999999999999318,0.1066095923375201,1,1,0.2,0.0008
104,2020-01-23 09:32:23,N,AAPL,317.57,2.0,317.63,1.0,0.0,-2.0,2020-01-23 09:32:23.012226,317.58,317.64,0,0.060000000000002274,0.10753359062306345,1,-1,0.3333333333333333,0.0008
105,2020-01-23 09:32:25,N,AAPL,317.58,4.0,317.64,2.0,3.0,0.0,2020-01-23 09:32:25.051516,317.58,317.63,0,0.060000000000002274,0.10927100359577935,1,1,0.3333333333333333,0.0008
106,2020-01-23 09:32:27,N,AAPL,317.58,1.0,317.63,1.0,0.0,0.0,2020-01-23 09:32:27.595739,317.63,317.69,0,0.05000000000001137,0.10877506058585595,1,-1,0.0,0.0008
107,2020-01-23 09:32:28,N,AAPL,317.63,1.0,317.69,4.0,0.0,2.0,2020-01-23 09:32:28.068414,317.59,317.68,0,0.060000000000002274,0.10372898728968494,1,1,-0.6,0.0008
108,2020-01-23 09:32:29,N,AAPL,317.59,1.0,317.68,2.0,-1.0,0.0,2020-01-23 09:32:29.156441,317.58,317.6,0,0.09000000000003183,0.10188864468847214,1,1,-0.3333333333333333,0.0008
109,2020-01-23 09:32:30,N,AAPL,317.58,1.0,317.6,2.0,0.0,0.0,2020-01-23 09:32:30.040454,317.61,317.66,1,0.020000000000038654,0.0995345231453939,0,-1,-0.3333333333333333,0.0008
110,2020-01-23 09:32:31,N,AAPL,317.61,2.0,317.66,2.0,1.0,1.0,2020-01-23 09:32:31.800084,317.6,317.68,0,0.05000000000001137,0.09874251562894187,0,1,0.0,0.0008
111,2020-01-23 09:32:32,N,AAPL,317.6,2.0,317.68,2.0,-2.0,0.0,2020-01-23 09:32:32.163356,317.59,317.65,0,0.07999999999998408,0.09817106549360233,0,1,0.0,0.0008
112,2020-01-23 09:32:33,N,AAPL,317.59,1.0,317.65,1.0,-1.0,-2.0,2020-01-23 09:32:33.417771,317.58,317.63,0,0.060000000000002274,0.09781344410868087,0,-1,0.0,0.0008
113,2020-01-23 09:32:34,N,AAPL,317.58,2.0,317.63,2.0,1.0,1.0,2020-01-23 09:32:34.086557,317.45,317.5,-1,0.05000000000001137,0.0970279854321916,0,-1,0.0,0.0008
114,2020-01-23 09:32:35,N,AAPL,317.45,2.0,317.5,2.0,1.0,-1.0,2020-01-23 09:32:35.104526,317.46,317.51,0,0.05000000000001137,0.09611950809329528,0,1,0.0,0.0008
115,2020-01-23 09:32:36,N,AAPL,317.46,2.0,317.51,2.0,-4.0,1.0,2020-01-23 09:32:36.368052,317.5,317.6,0,0.05000000000001137,0.09524112386128536,0,1,0.0,0.0008
116,2020-01-23 09:32:37,N,AAPL,317.5,1.0,317.6,1.0,-1.0,0.0,2020-01-23 09:32:37.220099,317.57,317.63,0,0.10000000000002274,0.09500422654269869,0,1,0.0,0.0008
117,2020-01-23 09:32:38,N,AAPL,317.57,1.0,317.63,2.0,0.0,1.0,2020-01-23 09:32:38.256047,317.68,317.73,1,0.060000000000002274,0.09313123271164159,1,-1,-0.3333333333333333,0.0008
118,2020-01-23 09:32:39,N,AAPL,317.68,2.0,317.73,2.0,0.0,0.0,2020-01-23 09:32:39.198517,317.71,317.76,0,0.05000000000001137,0.09253297860544762,1,-1,0.0,0.0008
119,2020-01-23 09:32:41,N,AAPL,317.71,1.0,317.76,2.0,-2.0,1.0,2020-01-23 09:32:41.407825,317.67,317.75,0,0.05000000000001137,0.09119793225954709,1,1,-0.3333333333333333,0.0008
120,2020-01-23 09:32:42,N,AAPL,317.67,1.0,317.75,2.0,-1.0,-1.0,2020-01-23 09:32:42.342670,317.7,317.76,0,0.07999999999998408,0.08993586005829002,1,1,-0.3333333333333333,0.0008
121,2020-01-23 09:32:43,N,AAPL,317.7,1.0,317.76,2.0,0.0,0.0,2020-01-23 09:32:43.237818,317.58,317.68,-1,0.060000000000002274,0.08867776603239008,1,-1,-0.3333333333333333,0.0008
122,2020-01-23 09:32:44,N,AAPL,317.58,1.0,317.68,1.0,0.0,0.0,2020-01-23 09:32:44.785625,317.57,317.68,0,0.10000000000002274,0.08853506468238947,1,1,0.0,0.0008
123,2020-01-23 09:32:45,N,AAPL,317.57,2.0,317.68,1.0,0.0,0.0,2020-01-23 09:32:45.388976,317.58,317.68,0,0.11000000000001364,0.08958449394231138,1,1,0.3333333333333333,0.0008
124,2020-01-23 09:32:46,N,AAPL,317.58,9.0,317.68,1.0,7.0,0.0,2020-01-23 09:32:46.587357,317.66,317.74,0,0.10000000000002274,0.09821797752800876,0,-1,0.8,0.0008
125,2020-01-23 09:32:47,N,AAPL,317.66,4.0,317.74,2.0,-5.0,1.0,2020-01-23 09:32:47.468995,317.69,317.75,0,0.07999999999998408,0.09945235467245084,0,-1,0.3333333333333333,0.00193
126,2020-01-23 09:32:48,N,AAPL,317.69,4.0,317.75,3.0,3.0,2.0,2020-01-23 09:32:48.106271,317.58,317.64,-1,0.060000000000002274,0.09937389659512519,0,-1,0.14285714285714285,0.00193
127,2020-01-23 09:32:49,N,AAPL,317.58,11.0,317.64,3.0,0.0,1.0,2020-01-23 09:32:49.037002,317.59,317.68,0,0.060000000000002274,0.10634909090902056,1,1,0.5714285714285714,0.00193
128,2020-01-23 09:32:50,N,AAPL,317.59,1.0,317.68,2.0,-8.0,1.0,2020-01-23 09:32:50.333620,317.58,317.68,0,0.09000000000003183,0.10489910775561384,1,1,-0.3333333333333333,0.00193
129,2020-01-23 09:32:51,N,AAPL,317.58,10.0,317.68,2.0,9.0,0.0,2020-01-23 09:32:51.106625,317.47,317.5,-1,0.10000000000002274,0.11195695496206781,1,1,0.6666666666666666,0.00193
130,2020-01-23 09:32:54,N,AAPL,317.47,6.0,317.5,4.0,5.0,2.0,2020-01-23 09:32:54.284843,317.47,317.52,0,0.029999999999972715,0.11214866959437586,1,-1,0.2,0.00193
131,2020-01-23 09:32:55,N,AAPL,317.47,6.0,317.52,3.0,5.0,1.0,2020-01-23 09:32:55.281635,317.46,317.51,0,0.049999999999954525,0.11415636174598376,1,1,0.3333333333333333,0.00193
132,2020-01-23 09:32:56,N,AAPL,317.46,1.0,317.51,1.0,0.0,0.0,2020-01-23 09:32:56.009064,317.39,317.45,-1,0.05000000000001137,0.11367113095229797,1,1,0.0,0.00193
133,2020-01-23 09:32:57,N,AAPL,317.39,1.0,317.45,1.0,0.0,-2.0,2020-01-23 09:32:57.506022,317.36,317.39,0,0.060000000000002274,0.1131784267911371,1,1,0.0,0.00193
134,2020-01-23 09:32:58,N,AAPL,317.36,1.0,317.39,4.0,-1.0,3.0,2020-01-23 09:32:58.815923,317.37,317.43,0,0.029999999999972715,0.10668122002675773,1,-1,-0.6,0.00193
135,2020-01-23 09:32:59,N,AAPL,317.37,4.0,317.43,2.0,0.0,0.0,2020-01-23 09:32:59.039627,317.33,317.37,0,0.060000000000002274,0.10845010759982188,1,1,0.3333333333333333,0.00193
136,2020-01-23 09:33:00,N,AAPL,317.33,1.0,317.37,1.0,0.0,-3.0,2020-01-23 09:33:00.078435,317.31,317.34,0,0.040000000000020464,0.10790114742269452,1,-1,0.0,0.00193
137,2020-01-23 09:33:01,N,AAPL,317.31,1.0,317.34,1.0,-3.0,-3.0,2020-01-23 09:33:01.750187,317.28,317.32,0,0.029999999999972715,0.10731514603844516,1,-1,0.0,0.00193
138,2020-01-23 09:33:02,N,AAPL,317.28,8.0,317.32,2.0,7.0,1.0,2020-01-23 09:33:02.016963,317.29,317.33,0,0.040000000000020464,0.11522032541023464,1,1,0.6,0.00193
139,2020-01-23 09:33:03,N,AAPL,317.29,2.0,317.33,1.0,1.0,-2.0,2020-01-23 09:33:03.118628,317.25,317.3,0,0.03999999999996362,0.11607480280821392,1,-1,0.3333333333333333,0.00193
140,2020-01-23 09:33:04,N,AAPL,317.25,11.0,317.3,1.0,1.0,-2.0,2020-01-23 09:33:04.065880,317.21,317.25,0,0.05000000000001137,0.1304716398640835,1,1,0.8333333333333334,0.00193
141,2020-01-23 09:33:05,N,AAPL,317.21,2.0,317.25,1.0,1.0,0.0,2020-01-23 09:33:05.502942,317.15,317.22,0,0.040000000000020464,0.13130524996506665,1,-1,0.3333333333333333,0.00193
142,2020-01-23 09:33:06,N,AAPL,317.15,2.0,317.22,1.0,0.0,-1.0,2020-01-23 09:33:06.044844,317.15,317.19,0,0.07000000000005002,0.13231191265884945,1,1,0.3333333333333333,0.00193
143,2020-01-23 09:33:07,N,AAPL,317.15,1.0,317.19,3.0,-4.0,2.0,2020-01-23 09:33:07.121206,317.09,317.12,-1,0.040000000000020464,0.1267645571696221,1,-1,-0.5,0.00193
144,2020-01-23 09:33:08,N,AAPL,317.09,2.0,317.12,4.0,0.0,1.0,2020-01-23 09:33:08.000331,317.12,317.15,0,0.03000000000002956,0.12010768300064001,1,-1,-0.3333333333333333,0.00193
145,2020-01-23 09:33:09,N,AAPL,317.12,3.0,317.15,2.0,2.0,1.0,2020-01-23 09:33:09.021603,317.05,317.1,-1,0.029999999999972715,0.12035494318797646,1,-1,0.2,0.00193
146,2020-01-23 09:33:10,N,AAPL,317.05,2.0,317.1,2.0,-1.0,1.0,2020-01-23 09:33:10.913143,317.03,317.11,0,0.05000000000001137,0.1189483709932233,1,1,0.0,0.00193
147,2020-01-23 09:33:11,N,AAPL,317.03,2.0,317.11,2.0,0.0,1.0,2020-01-23 09:33:11.008599,316.83,316.89,-1,0.08000000000004093,0.11771493212677342,1,1,0.0,0.00193
148,2020-01-23 09:33:12,N,AAPL,316.83,1.0,316.89,1.0,-1.0,-3.0,2020-01-23 09:33:12.078734,316.82,316.89,0,0.060000000000002274,0.11692801748961301,1,-1,0.0,0.00193
149,2020-01-23 09:33:13,N,AAPL,316.82,1.0,316.89,2.0,-1.0,1.0,2020-01-23 09:33:13.159371,316.94,316.97,1,0.06999999999999318,0.11311157311166653,1,1,-0.3333333333333333,0.00193
150,2020-01-23 09:33:14,N,AAPL,316.94,15.0,316.97,2.0,13.0,1.0,2020-01-23 09:33:14.065016,316.95,317.01,0,0.03000000000002956,0.13716016466401015,1,-1,0.7647058823529411,0.00193
151,2020-01-23 09:33:15,N,AAPL,316.95,2.0,317.01,2.0,1.0,1.0,2020-01-23 09:33:15.276109,316.94,317.0,0,0.060000000000002274,0.13560105099156772,1,1,0.0,0.00193
152,2020-01-23 09:33:16,N,AAPL,316.94,12.0,317.0,2.0,10.0,0.0,2020-01-23 09:33:16.068188,317.0,317.06,0,0.060000000000002274,0.15245906396393138,1,1,0.7142857142857143,0.00193
153,2020-01-23 09:33:17,N,AAPL,317.0,1.0,317.06,4.0,-2.0,0.0,2020-01-23 09:33:17.069416,317.0,317.07,0,0.060000000000002274,0.14432939443889836,1,1,-0.6,0.00193
154,2020-01-23 09:33:18,N,AAPL,317.0,2.0,317.07,1.0,0.0,0.0,2020-01-23 09:33:18.010642,317.18,317.25,1,0.06999999999999318,0.14526161845964225,1,1,0.3333333333333333,0.00193
155,2020-01-23 09:33:19,N,AAPL,317.18,1.0,317.25,2.0,-3.0,0.0,2020-01-23 09:33:19.017799,317.25,317.27,0,0.06999999999999318,0.1427852650495538,1,1,-0.3333333333333333,0.00193
156,2020-01-23 09:33:20,N,AAPL,317.25,1.0,317.27,2.0,-7.0,-3.0,2020-01-23 09:33:20.409891,317.23,317.3,0,0.01999999999998181,0.1403074056291871,1,-1,-0.3333333333333333,0.00193
157,2020-01-23 09:33:22,N,AAPL,317.23,2.0,317.3,1.0,1.0,-1.0,2020-01-23 09:33:22.445636,317.21,317.27,0,0.06999999999999318,0.1409155881018478,1,1,0.3333333333333333,0.00193
158,2020-01-23 09:33:23,N,AAPL,317.21,7.0,317.27,1.0,4.0,-1.0,2020-01-23 09:33:23.376558,317.23,317.3,0,0.060000000000002274,0.14736725515592752,1,-1,0.75,0.00193
159,2020-01-23 09:33:24,N,AAPL,317.23,4.0,317.3,1.0,0.0,0.0,2020-01-23 09:33:24.031042,317.03,317.1,-1,0.06999999999999318,0.1501157970847089,1,1,0.6,0.00193
160,2020-01-23 09:33:25,N,AAPL,317.03,2.0,317.1,2.0,1.0,0.0,2020-01-23 09:33:25.761301,317.04,317.11,0,0.07000000000005002,0.14869712361200982,1,1,0.0,0.00193
161,2020-01-23 09:33:26,N,AAPL,317.04,1.0,317.11,2.0,0.0,0.0,2020-01-23 09:33:26.296488,317.03,317.11,0,0.06999999999999318,0.1458497139942665,1,-1,-0.3333333333333333,0.00193
162,2020-01-23 09:33:27,N,AAPL,317.03,2.0,317.11,2.0,0.0,0.0,2020-01-23 09:33:27.063156,317.04,317.13,0,0.08000000000004093,0.14454193548391459,1,1,0.0,0.00193
163,2020-01-23 09:33:28,N,AAPL,317.04,2.0,317.13,2.0,0.0,1.0,2020-01-23 09:33:28.509335,317.05,317.15,0,0.08999999999997499,0.14332161537402044,1,1,0.0,0.00241
164,2020-01-23 09:33:30,N,AAPL,317.05,3.0,317.15,2.0,1.0,0.0,2020-01-23 09:33:30.291472,317.07,317.17,0,0.0999999999999659,0.1435973435715141,1,1,0.2,0.00241
165,2020-01-23 09:33:31,N,AAPL,317.07,4.0,317.17,2.0,2.0,0.0,2020-01-23 09:33:31.016873,317.11,317.19,0,0.10000000000002274,0.1451987214470023,1,1,0.3333333333333333,0.00241
166,2020-01-23 09:33:32,N,AAPL,317.11,1.0,317.19,3.0,0.0,-1.0,2020-01-23 09:33:32.331780,317.07,317.17,0,0.07999999999998408,0.14095602766809634,1,-1,-0.5,0.00241
167,2020-01-23 09:33:33,N,AAPL,317.07,7.0,317.17,2.0,-2.0,0.0,2020-01-23 09:33:33.249316,317.09,317.18,0,0.10000000000002274,0.1464858750215967,1,1,0.5555555555555556,0.00241
168,2020-01-23 09:33:34,N,AAPL,317.09,1.0,317.18,5.0,-6.0,1.0,2020-01-23 09:33:34.667918,317.17,317.2,0,0.09000000000003183,0.13872520823599643,1,-1,-0.6666666666666666,0.00241
169,2020-01-23 09:33:35,N,AAPL,317.17,1.0,317.2,2.0,0.0,-3.0,2020-01-23 09:33:35.198407,317.17,317.22,0,0.029999999999972715,0.13638454507281494,1,-1,-0.3333333333333333,0.00241
170,2020-01-23 09:33:36,N,AAPL,317.17,3.0,317.22,1.0,-1.0,-1.0,2020-01-23 09:33:36.800128,317.17,317.24,0,0.05000000000001137,0.13800932912613462,1,1,0.5,0.00241
171,2020-01-23 09:33:37,N,AAPL,317.17,6.0,317.24,2.0,3.0,1.0,2020-01-23 09:33:37.100384,317.12,317.21,0,0.06999999999999318,0.141272264631084,1,1,0.5,0.00241
172,2020-01-23 09:33:38,N,AAPL,317.12,2.0,317.21,2.0,0.0,-2.0,2020-01-23 09:33:38.572387,317.18,317.26,0,0.08999999999997499,0.14027227391716224,1,1,0.0,0.00241
173,2020-01-23 09:33:39,N,AAPL,317.18,3.0,317.26,1.0,1.0,0.0,2020-01-23 09:33:39.103930,317.19,317.26,0,0.07999999999998408,0.14184525586182417,1,-1,0.5,0.00241
174,2020-01-23 09:33:40,N,AAPL,317.19,1.0,317.26,1.0,-1.0,0.0,2020-01-23 09:33:40.011284,317.17,317.23,0,0.06999999999999318,0.14133962264151023,1,-1,0.0,0.00241
175,2020-01-23 09:33:41,N,AAPL,317.17,2.0,317.23,2.0,1.0,0.0,2020-01-23 09:33:41.122177,317.2,317.25,0,0.060000000000002274,0.14026549582916914,1,-1,0.0,0.00241
176,2020-01-23 09:33:42,N,AAPL,317.2,3.0,317.25,1.0,1.0,0.0,2020-01-23 09:33:42.606042,317.24,317.3,0,0.05000000000001137,0.14166267016071288,1,-1,0.5,0.00241
177,2020-01-23 09:33:43,N,AAPL,317.24,2.0,317.3,1.0,0.0,0.0,2020-01-23 09:33:43.526407,317.34,317.36,1,0.060000000000002274,0.1420547320095693,1,1,0.3333333333333333,0.00241
178,2020-01-23 09:33:45,N,AAPL,317.34,4.0,317.36,4.0,3.0,-1.0,2020-01-23 09:33:45.738009,317.28,317.35,0,0.020000000000038654,0.13995691529851229,1,-1,0.0,0.00241
179,2020-01-23 09:33:46,N,AAPL,317.28,6.0,317.35,4.0,5.0,0.0,2020-01-23 09:33:46.028568,317.3,317.36,0,0.07000000000005002,0.13982104506487758,1,1,0.2,0.00241
180,2020-01-23 09:33:47,N,AAPL,317.3,2.0,317.36,3.0,0.0,0.0,2020-01-23 09:33:47.683799,317.35,317.38,0,0.060000000000002274,0.13778664384312833,1,-1,-0.2,0.00241
181,2020-01-23 09:33:48,N,AAPL,317.35,1.0,317.38,2.0,-1.0,-1.0,2020-01-23 09:33:48.013206,317.3,317.35,0,0.029999999999972715,0.1362126880313781,1,-1,-0.3333333333333333,0.00241
182,2020-01-23 09:33:49,N,AAPL,317.3,13.0,317.35,4.0,8.0,3.0,2020-01-23 09:33:49.611899,317.29,317.32,0,0.05000000000001137,0.14088763537716886,1,1,0.5294117647058824,0.00241
183,2020-01-23 09:33:51,N,AAPL,317.29,2.0,317.32,1.0,-11.0,-3.0,2020-01-23 09:33:51.710113,317.13,317.21,-1,0.029999999999972715,0.1410987291868082,1,-1,0.3333333333333333,0.00241
184,2020-01-23 09:33:52,N,AAPL,317.13,2.0,317.21,1.0,-2.0,0.0,2020-01-23 09:33:52.353882,317.15,317.21,0,0.07999999999998408,0.14160981650343274,1,1,0.3333333333333333,0.00241
185,2020-01-23 09:33:53,N,AAPL,317.15,2.0,317.21,2.0,0.0,1.0,2020-01-23 09:33:53.077379,317.21,317.27,0,0.060000000000002274,0.14058083324727022,1,-1,0.0,0.00241
186,2020-01-23 09:33:54,N,AAPL,317.21,2.0,317.27,1.0,1.0,0.0,2020-01-23 09:33:54.389144,317.19,317.26,0,0.060000000000002274,0.1409457503926319,1,1,0.3333333333333333,0.00241
187,2020-01-23 09:33:55,N,AAPL,317.19,2.0,317.26,1.0,1.0,0.0,2020-01-23 09:33:55.276944,317.14,317.2,0,0.06999999999999318,0.14135148832519917,1,1,0.3333333333333333,0.00241
188,2020-01-23 09:33:57,N,AAPL,317.14,1.0,317.2,1.0,-1.0,0.0,2020-01-23 09:33:57.458709,317.2,317.26,0,0.060000000000002274,0.1408368067993706,1,-1,0.0,0.00241
189,2020-01-23 09:33:58,N,AAPL,317.2,2.0,317.26,3.0,1.0,1.0,2020-01-23 09:33:58.010201,317.23,317.31,0,0.060000000000002274,0.13858138373296924,1,1,-0.2,0.00241
190,2020-01-23 09:33:59,N,AAPL,317.23,2.0,317.31,1.0,0.0,-3.0,2020-01-23 09:33:59.029855,317.25,317.33,0,0.07999999999998408,0.13896530180704758,1,1,0.3333333333333333,0.00241
191,2020-01-23 09:34:00,N,AAPL,317.25,2.0,317.33,1.0,0.0,-1.0,2020-01-23 09:34:00.538668,317.34,317.38,1,0.07999999999998408,0.13932109580315455,1,1,0.3333333333333333,0.00241
192,2020-01-23 09:34:01,N,AAPL,317.34,1.0,317.38,2.0,-1.0,1.0,2020-01-23 09:34:01.555024,317.28,317.32,-1,0.040000000000020464,0.13788493876984376,1,-1,-0.3333333333333333,0.00241
193,2020-01-23 09:34:02,N,AAPL,317.28,1.0,317.32,1.0,0.0,-1.0,2020-01-23 09:34:02.121179,317.26,317.34,0,0.040000000000020464,0.13743032567236924,1,1,0.0,0.00241
194,2020-01-23 09:34:03,N,AAPL,317.26,1.0,317.34,1.0,0.0,0.0,2020-01-23 09:34:03.062814,317.29,317.38,0,0.07999999999998408,0.1370586526724651,1,1,0.0,0.00241
195,2020-01-23 09:34:04,N,AAPL,317.29,2.0,317.38,1.0,0.0,-1.0,2020-01-23 09:34:04.687429,317.29,317.37,0,0.08999999999997499,0.1373924598993881,1,1,0.3333333333333333,0.00241
196,2020-01-23 09:34:05,N,AAPL,317.29,2.0,317.37,1.0,1.0,0.0,2020-01-23 09:34:05.021086,317.1,317.17,-1,0.07999999999998408,0.1376989673759681,1,-1,0.3333333333333333,0.00241
197,2020-01-23 09:34:06,N,AAPL,317.1,11.0,317.17,1.0,0.0,0.0,2020-01-23 09:34:06.063124,317.08,317.12,0,0.06999999999999318,0.14682935542725772,1,-1,0.8333333333333334,0.00241
198,2020-01-23 09:34:07,N,AAPL,317.08,2.0,317.12,1.0,-9.0,0.0,2020-01-23 09:34:07.234136,317.08,317.15,0,0.040000000000020464,0.1472108843537967,1,-1,0.3333333333333333,0.00241
199,2020-01-23 09:34:08,N,AAPL,317.08,2.0,317.15,1.0,1.0,0.0,2020-01-23 09:34:08.521439,317.06,317.13,0,0.06999999999999318,0.14765442491847125,1,1,0.3333333333333333,0.00241
200,2020-01-23 09:34:09,N,AAPL,317.06,1.0,317.13,4.0,-3.0,3.0,2020-01-23 09:34:09.067510,317.11,317.17,0,0.06999999999999318,0.1425616313053979,1,1,-0.6,0.00241
201,2020-01-23 09:34:10,N,AAPL,317.11,2.0,317.17,4.0,-1.0,2.0,2020-01-23 09:34:10.317047,317.1,317.17,0,0.060000000000002274,0.13875482093664004,1,-1,-0.3333333333333333,0.00241
202,2020-01-23 09:34:11,N,AAPL,317.1,1.0,317.17,4.0,0.0,2.0,2020-01-23 09:34:11.492911,317.09,317.17,0,0.06999999999999318,0.13414940172435763,1,1,-0.6,0.00241
203,2020-01-23 09:34:12,N,AAPL,317.09,1.0,317.17,1.0,-1.0,-1.0,2020-01-23 09:34:12.355462,317.1,317.16,0,0.08000000000004093,0.13371797889101344,1,1,0.0,0.00241
204,2020-01-23 09:34:13,N,AAPL,317.1,1.0,317.16,1.0,0.0,-1.0,2020-01-23 09:34:13.417208,317.2,317.29,1,0.060000000000002274,0.13325109649127853,1,-1,0.0,0.00241
205,2020-01-23 09:34:14,N,AAPL,317.2,1.0,317.29,2.0,-1.0,1.0,2020-01-23 09:34:14.125493,317.19,317.26,0,0.09000000000003183,0.13182025799324038,1,1,-0.3333333333333333,0.00241
206,2020-01-23 09:34:15,N,AAPL,317.19,2.0,317.26,2.0,1.0,0.0,2020-01-23 09:34:15.670413,317.17,317.26,0,0.06999999999999318,0.13105176830566734,1,-1,0.0,0.00241
207,2020-01-23 09:34:16,N,AAPL,317.17,2.0,317.26,1.0,0.0,-1.0,2020-01-23 09:34:16.149578,317.21,317.26,0,0.08999999999997499,0.13149143821669895,1,1,0.3333333333333333,0.00241
208,2020-01-23 09:34:18,N,AAPL,317.21,1.0,317.26,2.0,-1.0,1.0,2020-01-23 09:34:18.196735,317.21,317.25,0,0.05000000000001137,0.1299501199512747,1,-1,-0.3333333333333333,0.00241
209,2020-01-23 09:34:19,N,AAPL,317.21,1.0,317.25,2.0,-2.0,1.0,2020-01-23 09:34:19.206549,317.22,317.27,0,0.040000000000020464,0.1283829006031283,1,-1,-0.3333333333333333,0.00241
210,2020-01-23 09:34:21,N,AAPL,317.22,4.0,317.27,4.0,2.0,3.0,2020-01-23 09:34:21.032565,317.27,317.33,0,0.049999999999954525,0.12682461222607344,1,1,0.0,0.00241
211,2020-01-23 09:34:24,N,AAPL,317.27,4.0,317.33,1.0,0.0,-2.0,2020-01-23 09:34:24.128330,317.16,317.2,-1,0.060000000000002274,0.1283040196713614,1,1,0.6,0.00305
212,2020-01-23 09:34:25,N,AAPL,317.16,1.0,317.2,4.0,-3.0,3.0,2020-01-23 09:34:25.402639,317.04,317.1,-1,0.03999999999996362,0.12424111489758616,1,-1,-0.6,0.00305
213,2020-01-23 09:34:26,N,AAPL,317.04,1.0,317.1,2.0,0.0,1.0,2020-01-23 09:34:26.279372,317.02,317.12,0,0.060000000000002274,0.12239838655449375,1,1,-0.3333333333333333,0.00305
214,2020-01-23 09:34:27,N,AAPL,317.02,42.0,317.12,2.0,40.0,0.0,2020-01-23 09:34:27.519495,317.04,317.13,0,0.10000000000002274,0.15896074975046304,1,1,0.9090909090909091,0.00305
215,2020-01-23 09:34:28,N,AAPL,317.04,2.0,317.13,2.0,-40.0,0.0,2020-01-23 09:34:28.032212,316.92,317.0,-1,0.08999999999997499,0.1580091554558294,1,-1,0.0,0.00305
216,2020-01-23 09:34:29,N,AAPL,316.92,1.0,317.0,2.0,-1.0,0.0,2020-01-23 09:34:29.501410,316.9,316.99,0,0.07999999999998408,0.15587186474255077,1,-1,-0.3333333333333333,0.00305
217,2020-01-23 09:34:30,N,AAPL,316.9,10.0,316.99,1.0,9.0,-1.0,2020-01-23 09:34:30.362250,316.9,316.98,0,0.09000000000003183,0.16460050541940063,1,1,0.8181818181818182,0.00305
218,2020-01-23 09:34:31,N,AAPL,316.9,10.0,316.98,4.0,0.0,3.0,2020-01-23 09:34:31.054213,316.72,316.76,-1,0.08000000000004093,0.1682463172929829,1,-1,0.42857142857142855,0.00305
219,2020-01-23 09:34:32,N,AAPL,316.72,3.0,316.76,4.0,-10.0,1.0,2020-01-23 09:34:32.054381,316.72,316.81,0,0.03999999999996362,0.16391356098068854,1,-1,-0.14285714285714285,0.00305
220,2020-01-23 09:34:33,N,AAPL,316.72,3.0,316.81,4.0,2.0,2.0,2020-01-23 09:34:33.137522,316.73,316.8,0,0.08999999999997499,0.16008298502254092,1,1,-0.14285714285714285,0.00305
221,2020-01-23 09:34:36,N,AAPL,316.73,1.0,316.8,3.0,-2.0,0.0,2020-01-23 09:34:36.415371,316.65,316.72,-1,0.06999999999999318,0.1556676346705217,1,-1,-0.5,0.00305
222,2020-01-23 09:34:37,N,AAPL,316.65,1.0,316.72,4.0,0.0,0.0,2020-01-23 09:34:37.179578,316.63,316.68,0,0.07000000000005002,0.14895523921495624,1,1,-0.6,0.00305
223,2020-01-23 09:34:38,N,AAPL,316.63,2.0,316.68,1.0,-1.0,0.0,2020-01-23 09:34:38.307066,316.66,316.76,0,0.05000000000001137,0.1495765691565225,1,-1,0.3333333333333333,0.00305
224,2020-01-23 09:34:39,N,AAPL,316.66,2.0,316.76,2.0,0.0,1.0,2020-01-23 09:34:39.109151,316.66,316.76,0,0.0999999999999659,0.1483703985782654,1,1,0.0,0.00305
225,2020-01-23 09:34:40,N,AAPL,316.66,2.0,316.76,1.0,0.0,-1.0,2020-01-23 09:34:40.002937,316.63,316.7,0,0.0999999999999659,0.14905817687747458,1,1,0.3333333333333333,0.00305
226,2020-01-23 09:34:41,N,AAPL,316.63,1.0,316.7,4.0,0.0,2.0,2020-01-23 09:34:41.340952,316.63,316.69,0,0.06999999999999318,0.14244096787643912,1,-1,-0.6,0.00305
227,2020-01-23 09:34:43,N,AAPL,316.63,1.0,316.69,2.0,0.0,-2.0,2020-01-23 09:34:43.046727,316.62,316.69,0,0.060000000000002274,0.13979810331085218,1,-1,-0.3333333333333333,0.00305
228,2020-01-23 09:34:45,N,AAPL,316.62,1.0,316.69,2.0,0.0,0.0,2020-01-23 09:34:45.286322,316.65,316.72,0,0.06999999999999318,0.1371964897990665,1,1,-0.3333333333333333,0.00305
229,2020-01-23 09:34:46,N,AAPL,316.65,2.0,316.72,2.0,1.0,1.0,2020-01-23 09:34:46.285373,316.7,316.76,0,0.07000000000005002,0.1359764544450286,1,1,0.0,0.00305
230,2020-01-23 09:34:47,N,AAPL,316.7,2.0,316.76,7.0,0.0,6.0,2020-01-23 09:34:47.237885,316.61,316.65,-1,0.060000000000002274,0.12590082640178935,1,-1,-0.5555555555555556,0.00305
231,2020-01-23 09:34:49,N,AAPL,316.61,2.0,316.65,4.0,-8.0,3.0,2020-01-23 09:34:49.691461,316.59,316.64,0,0.03999999999996362,0.1207293127629896,1,-1,-0.3333333333333333,0.00305
232,2020-01-23 09:34:50,N,AAPL,316.59,1.0,316.64,1.0,0.0,-1.0,2020-01-23 09:34:50.096451,316.59,316.66,0,0.05000000000001137,0.12012079831936262,1,1,0.0,0.00305
233,2020-01-23 09:34:51,N,AAPL,316.59,4.0,316.66,1.0,1.0,-1.0,2020-01-23 09:34:51.843763,316.59,316.66,0,0.07000000000005002,0.123561352423053,1,1,0.6,0.00305
234,2020-01-23 09:34:52,N,AAPL,316.59,5.0,316.66,2.0,1.0,1.0,2020-01-23 09:34:52.069041,316.61,316.71,0,0.07000000000005002,0.12636753639503695,1,1,0.42857142857142855,0.00305
235,2020-01-23 09:34:53,N,AAPL,316.61,2.0,316.71,4.0,1.0,2.0,2020-01-23 09:34:53.309289,316.64,316.73,0,0.0999999999999659,0.12178949403806882,1,1,-0.3333333333333333,0.00305
236,2020-01-23 09:34:54,N,AAPL,316.64,1.0,316.73,1.0,-1.0,-3.0,2020-01-23 09:34:54.025835,316.63,316.68,0,0.09000000000003183,0.1212927100037291,1,-1,0.0,0.00305
237,2020-01-23 09:34:56,N,AAPL,316.63,4.0,316.68,4.0,3.0,3.0,2020-01-23 09:34:56.184085,316.62,316.71,0,0.05000000000001137,0.11902029426693161,1,-1,0.0,0.00305
238,2020-01-23 09:34:57,N,AAPL,316.62,2.0,316.71,2.0,-2.0,-2.0,2020-01-23 09:34:57.083510,316.62,316.71,0,0.08999999999997499,0.11804181033625127,0,1,0.0,0.00305
239,2020-01-23 09:34:58,N,AAPL,316.62,2.0,316.71,2.0,-2.0,0.0,2020-01-23 09:34:58.117657,316.59,316.65,0,0.08999999999997499,0.11707525244435146,0,1,0.0,0.00305
240,2020-01-23 09:34:59,N,AAPL,316.59,1.0,316.65,2.0,-2.0,0.0,2020-01-23 09:34:59.103552,316.57,316.6,0,0.060000000000002274,0.11471376242803899,0,-1,-0.3333333333333333,0.00305
241,2020-01-23 09:35:00,N,AAPL,316.57,1.0,316.6,2.0,-4.0,0.0,2020-01-23 09:35:00.241463,316.52,316.58,0,0.03000000000002956,0.11222002935579667,0,-1,-0.3333333333333333,0.00305
242,2020-01-23 09:35:01,N,AAPL,316.52,15.0,316.58,1.0,12.0,-1.0,2020-01-23 09:35:01.088079,316.5,316.57,0,0.060000000000002274,0.13031797312140725,1,1,0.875,0.00305
243,2020-01-23 09:35:02,N,AAPL,316.5,6.0,316.57,2.0,4.0,0.0,2020-01-23 09:35:02.131995,316.5,316.55,0,0.06999999999999318,0.13440496083740072,1,1,0.5,0.00305
244,2020-01-23 09:35:03,N,AAPL,316.5,6.0,316.55,1.0,0.0,-1.0,2020-01-23 09:35:03.133308,316.41,316.45,-1,0.05000000000001137,0.14026969722874583,1,-1,0.7142857142857143,0.00331
245,2020-01-23 09:35:04,N,AAPL,316.41,7.0,316.45,2.0,0.0,1.0,2020-01-23 09:35:04.817828,316.39,316.42,0,0.03999999999996362,0.14580772656944418,1,-1,0.5555555555555556,0.00331
246,2020-01-23 09:35:05,N,AAPL,316.39,2.0,316.42,1.0,-5.0,-1.0,2020-01-23 09:35:05.001796,316.34,316.39,0,0.03000000000002956,0.14645633197972074,1,-1,0.3333333333333333,0.00331
247,2020-01-23 09:35:06,N,AAPL,316.34,2.0,316.39,1.0,0.0,-2.0,2020-01-23 09:35:06.112350,316.3,316.37,0,0.05000000000001137,0.14717342405151612,1,1,0.3333333333333333,0.00331
248,2020-01-23 09:35:07,N,AAPL,316.3,6.0,316.37,3.0,5.0,2.0,2020-01-23 09:35:07.729814,316.29,316.31,0,0.06999999999999318,0.1494824090638076,1,1,0.3333333333333333,0.00331
249,2020-01-23 09:35:08,N,AAPL,316.29,1.0,316.31,4.0,-1.0,2.0,2020-01-23 09:35:08.041022,316.24,316.31,0,0.01999999999998181,0.1417365812832827,1,-1,-0.6,0.00331
250,2020-01-23 09:35:09,N,AAPL,316.24,2.0,316.31,2.0,0.0,0.0,2020-01-23 09:35:09.257659,316.24,316.31,0,0.06999999999999318,0.14027984041410946,1,1,0.0,0.00331
251,2020-01-23 09:35:10,N,AAPL,316.24,3.0,316.31,3.0,0.0,2.0,2020-01-23 09:35:10.192967,316.24,316.31,0,0.06999999999999318,0.13812538078337866,1,1,0.0,0.00331
252,2020-01-23 09:35:11,N,AAPL,316.24,3.0,316.31,4.0,0.0,0.0,2020-01-23 09:35:11.513134,316.24,316.3,0,0.06999999999999318,0.13377963607996435,1,1,-0.14285714285714285,0.00331
253,2020-01-23 09:35:12,N,AAPL,316.24,3.0,316.3,2.0,0.0,-15.0,2020-01-23 09:35:12.029628,316.25,316.31,0,0.060000000000002274,0.13388928483436757,1,-1,0.2,0.00331
254,2020-01-23 09:35:13,N,AAPL,316.25,2.0,316.31,1.0,0.0,0.0,2020-01-23 09:35:13.012124,316.13,316.19,-1,0.060000000000002274,0.13469142481653762,1,1,0.3333333333333333,0.00331
255,2020-01-23 09:35:14,N,AAPL,316.13,1.0,316.19,2.0,-7.0,1.0,2020-01-23 09:35:14.299687,316.12,316.14,0,0.060000000000002274,0.13153851520002036,1,1,-0.3333333333333333,0.00331
256,2020-01-23 09:35:15,N,AAPL,316.12,1.0,316.14,2.0,0.0,0.0,2020-01-23 09:35:15.814337,316.14,316.18,0,0.01999999999998181,0.12825448485949664,1,-1,-0.3333333333333333,0.00331
257,2020-01-23 09:35:16,N,AAPL,316.14,2.0,316.18,2.0,1.0,1.0,2020-01-23 09:35:16.030453,316.13,316.19,0,0.040000000000020464,0.12673641936157765,1,1,0.0,0.00331
258,2020-01-23 09:35:17,N,AAPL,316.13,2.0,316.19,1.0,0.0,-1.0,2020-01-23 09:35:17.087602,316.16,316.22,0,0.060000000000002274,0.12764115120268116,1,1,0.3333333333333333,0.00331
259,2020-01-23 09:35:18,N,AAPL,316.16,2.0,316.22,2.0,-2.0,0.0,2020-01-23 09:35:18.346728,316.15,316.19,0,0.060000000000002274,0.12622664229826341,1,1,0.0,0.00331
260,2020-01-23 09:35:19,N,AAPL,316.15,1.0,316.19,4.0,0.0,2.0,2020-01-23 09:35:19.000115,316.2,316.24,1,0.040000000000020464,0.118540464753778,0,-1,-0.6,0.00331
261,2020-01-23 09:35:21,N,AAPL,316.2,1.0,316.24,1.0,0.0,0.0,2020-01-23 09:35:21.583135,316.24,316.27,0,0.040000000000020464,0.11785053932368328,0,1,0.0,0.00331
262,2020-01-23 09:35:23,N,AAPL,316.24,1.0,316.27,1.0,0.0,0.0,2020-01-23 09:35:23.050959,316.22,316.29,0,0.029999999999972715,0.11716549110428787,0,-1,0.0,0.00331
263,2020-01-23 09:35:24,N,AAPL,316.22,4.0,316.29,4.0,3.0,2.0,2020-01-23 09:35:24.267591,316.19,316.25,0,0.06999999999999318,0.1146950968272904,0,1,0.0,0.00331
264,2020-01-23 09:35:25,N,AAPL,316.19,2.0,316.25,1.0,1.0,0.0,2020-01-23 09:35:25.034317,316.12,316.17,-1,0.060000000000002274,0.11556685904935193,0,-1,0.3333333333333333,0.00331
265,2020-01-23 09:35:26,N,AAPL,316.12,2.0,316.17,2.0,1.0,0.0,2020-01-23 09:35:26.212647,316.11,316.16,0,0.05000000000001137,0.11419551632690172,0,-1,0.0,0.00331
266,2020-01-23 09:35:27,N,AAPL,316.11,1.0,316.16,2.0,-1.0,0.0,2020-01-23 09:35:27.226403,316.16,316.19,0,0.05000000000001137,0.11123604861495551,1,1,-0.3333333333333333,0.00331
267,2020-01-23 09:35:29,N,AAPL,316.16,1.0,316.19,4.0,0.0,2.0,2020-01-23 09:35:29.047677,316.12,316.2,0,0.029999999999972715,0.10394355421254886,1,-1,-0.6,0.00331
268,2020-01-23 09:35:30,N,AAPL,316.12,1.0,316.2,2.0,0.0,0.0,2020-01-23 09:35:30.130194,316.16,316.21,0,0.07999999999998408,0.10118574785280998,1,1,-0.3333333333333333,0.00331
269,2020-01-23 09:35:31,N,AAPL,316.16,3.0,316.21,2.0,2.0,1.0,2020-01-23 09:35:31.579838,316.17,316.24,0,0.049999999999954525,0.10147578213474162,1,-1,0.2,0.00331
270,2020-01-23 09:35:32,N,AAPL,316.17,2.0,316.24,2.0,0.0,1.0,2020-01-23 09:35:32.241637,316.13,316.18,0,0.06999999999999318,0.10032808721791753,1,1,0.0,0.00331
271,2020-01-23 09:35:33,N,AAPL,316.13,2.0,316.18,1.0,0.0,0.0,2020-01-23 09:35:33.072679,316.02,316.05,-1,0.05000000000001137,0.10124869031727712,1,-1,0.3333333333333333,0.00331
272,2020-01-23 09:35:34,N,AAPL,316.02,1.0,316.05,4.0,-9.0,2.0,2020-01-23 09:35:34.068011,315.88,315.95,-1,0.03000000000002956,0.09349340628062919,1,-1,-0.6,0.00331
273,2020-01-23 09:35:35,N,AAPL,315.88,4.0,315.95,3.0,3.0,1.0,2020-01-23 09:35:35.306930,315.89,315.94,0,0.06999999999999318,0.09333176739562532,1,1,0.14285714285714285,0.00331
274,2020-01-23 09:35:36,N,AAPL,315.89,3.0,315.94,2.0,2.0,-2.0,2020-01-23 09:35:36.104653,316.01,316.08,1,0.05000000000001137,0.0937590422812491,1,-1,0.2,0.00331
275,2020-01-23 09:35:37,N,AAPL,316.01,2.0,316.08,2.0,1.0,-2.0,2020-01-23 09:35:37.000344,316.09,316.15,1,0.06999999999999318,0.09255876263551954,1,1,0.0,0.00331
276,2020-01-23 09:35:38,N,AAPL,316.09,2.0,316.15,2.0,0.0,-2.0,2020-01-23 09:35:38.051092,316.2,316.29,1,0.060000000000002274,0.09140465777915097,1,-1,0.0,0.00331
277,2020-01-23 09:35:39,N,AAPL,316.2,2.0,316.29,2.0,0.0,0.0,2020-01-23 09:35:39.002197,316.15,316.24,0,0.09000000000003183,0.09044809557940425,1,1,0.0,0.00331
278,2020-01-23 09:35:40,N,AAPL,316.15,2.0,316.24,2.0,0.0,0.0,2020-01-23 09:35:40.069456,316.25,316.31,1,0.09000000000003183,0.08946186030681247,1,1,0.0,0.00331
279,2020-01-23 09:35:41,N,AAPL,316.25,4.0,316.31,2.0,2.0,-13.0,2020-01-23 09:35:41.056652,316.23,316.27,0,0.060000000000002274,0.09111964801309114,1,-1,0.3333333333333333,0.00331
280,2020-01-23 09:35:42,N,AAPL,316.23,4.0,316.27,1.0,2.0,0.0,2020-01-23 09:35:42.153174,316.24,316.27,0,0.03999999999996362,0.09459268004718524,1,-1,0.6,0.00331
281,2020-01-23 09:35:43,N,AAPL,316.24,2.0,316.27,1.0,0.0,0.0,2020-01-23 09:35:43.170680,316.24,316.29,0,0.029999999999972715,0.09535241423208163,1,-1,0.3333333333333333,0.00331
282,2020-01-23 09:35:44,N,AAPL,316.24,2.0,316.29,2.0,0.0,1.0,2020-01-23 09:35:44.332150,316.24,316.34,0,0.05000000000001137,0.09430615037047119,1,1,0.0,0.00331
283,2020-01-23 09:35:45,N,AAPL,316.24,2.0,316.34,2.0,0.0,-2.0,2020-01-23 09:35:45.070109,316.34,316.39,0,0.0999999999999659,0.09342817845310947,1,1,0.0,0.00331
284,2020-01-23 09:35:46,N,AAPL,316.34,4.0,316.39,12.0,1.0,10.0,2020-01-23 09:35:46.054119,316.37,316.42,0,0.05000000000001137,0.07859868453090257,1,-1,-0.5,0.00331
285,2020-01-23 09:35:47,N,AAPL,316.37,2.0,316.42,2.0,-3.0,1.0,2020-01-23 09:35:47.639461,316.37,316.39,0,0.05000000000001137,0.0777754977210634,1,1,0.0,0.00331
286,2020-01-23 09:35:48,N,AAPL,316.37,1.0,316.39,1.0,-1.0,-2.0,2020-01-23 09:35:48.719908,316.36,316.42,0,0.01999999999998181,0.07732093023258813,1,-1,0.0,0.00331
287,2020-01-23 09:35:49,N,AAPL,316.36,1.0,316.42,1.0,-2.0,0.0,2020-01-23 09:35:49.153657,316.39,316.43,0,0.060000000000002274,0.07692630474690532,1,1,0.0,0.00331
288,2020-01-23 09:35:50,N,AAPL,316.39,2.0,316.43,2.0,0.0,0.0,2020-01-23 09:35:50.390172,316.35,316.39,0,0.040000000000020464,0.0761043335066347,1,-1,0.0,0.00331
289,2020-01-23 09:35:51,N,AAPL,316.35,2.0,316.39,2.0,-2.0,0.0,2020-01-23 09:35:51.292575,316.39,316.44,0,0.03999999999996362,0.07526099810257847,1,-1,0.0,0.00331
290,2020-01-23 09:35:52,N,AAPL,316.39,21.0,316.44,1.0,0.0,-4.0,2020-01-23 09:35:52.040661,316.4,316.46,0,0.05000000000001137,0.0962168969883237,1,1,0.9090909090909091,0.00331
291,2020-01-23 09:35:53,N,AAPL,316.4,4.0,316.46,1.0,2.0,0.0,2020-01-23 09:35:53.461580,316.38,316.44,0,0.060000000000002274,0.09887908949423263,1,1,0.6,0.00367
292,2020-01-23 09:35:54,N,AAPL,316.38,1.0,316.44,4.0,0.0,3.0,2020-01-23 09:35:54.043300,316.34,316.43,0,0.060000000000002274,0.09405925110917224,1,1,-0.6,0.00367
293,2020-01-23 09:35:55,N,AAPL,316.34,3.0,316.43,1.0,0.0,0.0,2020-01-23 09:35:55.627940,316.34,316.43,0,0.09000000000003183,0.095841156552126,1,1,0.5,0.00367
294,2020-01-23 09:35:56,N,AAPL,316.34,2.0,316.43,4.0,-1.0,0.0,2020-01-23 09:35:56.057073,316.34,316.42,0,0.09000000000003183,0.09216125723929736,1,1,-0.3333333333333333,0.00367
295,2020-01-23 09:35:57,N,AAPL,316.34,2.0,316.42,4.0,0.0,-1.0,2020-01-23 09:35:57.174673,316.32,316.36,0,0.08000000000004093,0.08848173386957114,1,-1,-0.3333333333333333,0.00367
296,2020-01-23 09:35:58,N,AAPL,316.32,1.0,316.36,3.0,-1.0,0.0,2020-01-23 09:35:58.831185,316.27,316.32,0,0.040000000000020464,0.0849821908773265,1,-1,-0.5,0.00367
297,2020-01-23 09:35:59,N,AAPL,316.27,4.0,316.32,4.0,3.0,2.0,2020-01-23 09:35:59.005861,316.23,316.25,-1,0.05000000000001137,0.08325178994675753,1,1,0.0,0.00367
298,2020-01-23 09:36:00,N,AAPL,316.23,14.0,316.25,2.0,13.0,0.0,2020-01-23 09:36:00.007611,316.13,316.17,-1,0.01999999999998181,0.09619849576716888,1,-1,0.75,0.00367
299,2020-01-23 09:36:01,N,AAPL,316.13,4.0,316.17,1.0,3.0,0.0,2020-01-23 09:36:01.024317,316.02,316.06,-1,0.040000000000020464,0.09941802388698306,1,1,0.6,0.00367
300,2020-01-23 09:36:02,N,AAPL,316.02,4.0,316.06,2.0,-8.0,0.0,2020-01-23 09:36:02.076924,316.01,316.06,0,0.040000000000020464,0.10098987080908728,1,1,0.3333333333333333,0.00367
301,2020-01-23 09:36:03,N,AAPL,316.01,1.0,316.06,4.0,-3.0,3.0,2020-01-23 09:36:03.145683,315.93,316.01,0,0.05000000000001137,0.09441278358644922,1,1,-0.6,0.00367
302,2020-01-23 09:36:04,N,AAPL,315.93,1.0,316.01,2.0,-2.0,0.0,2020-01-23 09:36:04.101432,316.04,316.1,1,0.07999999999998408,0.09214877395942267,1,1,-0.3333333333333333,0.00367
303,2020-01-23 09:36:05,N,AAPL,316.04,1.0,316.1,2.0,-1.0,0.0,2020-01-23 09:36:05.135239,315.97,316.03,-1,0.060000000000002274,0.09285553163937266,1,-1,-0.3333333333333333,0.00367
304,2020-01-23 09:36:06,N,AAPL,315.97,1.0,316.03,2.0,0.0,0.0,2020-01-23 09:36:06.373858,315.96,316.02,0,0.05999999999994543,0.08873051476132332,1,-1,-0.3333333333333333,0.00367
305,2020-01-23 09:36:07,N,AAPL,315.96,4.0,316.02,1.0,2.0,0.0,2020-01-23 09:36:07.082439,315.96,316.01,0,0.060000000000002274,0.04760544468950911,1,1,0.6,0.00367
306,2020-01-23 09:36:08,N,AAPL,315.96,1.0,316.01,4.0,-1.0,3.0,2020-01-23 09:36:08.699687,316.0,316.06,0,0.05000000000001137,0.040198702109535134,1,-1,-0.6,0.00367
307,2020-01-23 09:36:09,N,AAPL,316.0,1.0,316.06,2.0,0.0,-2.0,2020-01-23 09:36:09.755716,315.65,315.7,-1,0.060000000000002274,0.03735264273126404,1,1,-0.3333333333333333,0.00367
308,2020-01-23 09:36:12,N,AAPL,315.65,2.0,315.7,4.0,0.0,2.0,2020-01-23 09:36:12.493831,315.66,315.73,0,0.05000000000001137,0.028891204234923862,1,-1,-0.3333333333333333,0.00367
309,2020-01-23 09:36:13,N,AAPL,315.66,2.0,315.73,2.0,0.0,-2.0,2020-01-23 09:36:13.942594,315.7,315.78,0,0.06999999999999318,0.02182577261589813,1,1,0.0,0.00367
310,2020-01-23 09:36:14,N,AAPL,315.7,2.0,315.78,1.0,0.0,-1.0,2020-01-23 09:36:14.152448,315.71,315.8,0,0.07999999999998408,0.0200055592431454,1,1,0.3333333333333333,0.00367
311,2020-01-23 09:36:15,N,AAPL,315.71,3.0,315.8,1.0,1.0,0.0,2020-01-23 09:36:15.351189,315.75,315.84,0,0.09000000000003183,0.02219242933534815,1,1,0.5,0.00367
312,2020-01-23 09:36:16,N,AAPL,315.75,6.0,315.84,4.0,3.0,3.0,2020-01-23 09:36:16.068658,315.82,315.86,0,0.08999999999997499,0.02219991715719516,1,-1,0.2,0.00367
313,2020-01-23 09:36:17,N,AAPL,315.82,2.0,315.86,4.0,1.0,3.0,2020-01-23 09:36:17.566708,315.77,315.83,0,0.040000000000020464,0.014457450090787916,1,-1,-0.3333333333333333,0.00367
314,2020-01-23 09:36:18,N,AAPL,315.77,1.0,315.83,2.0,0.0,-1.0,2020-01-23 09:36:18.045942,315.82,315.87,0,0.060000000000002274,0.011910979091680929,1,1,-0.3333333333333333,0.00367
315,2020-01-23 09:36:19,N,AAPL,315.82,1.0,315.87,2.0,0.0,-1.0,2020-01-23 09:36:19.118207,315.79,315.83,0,0.05000000000001137,0.009453382035758295,1,-1,-0.3333333333333333,0.00367
316,2020-01-23 09:36:20,N,AAPL,315.79,1.0,315.83,2.0,-1.0,1.0,2020-01-23 09:36:20.423731,315.78,315.84,0,0.03999999999996362,0.006426930897532657,1,-1,-0.3333333333333333,0.00367
317,2020-01-23 09:36:21,N,AAPL,315.78,2.0,315.84,2.0,0.0,0.0,2020-01-23 09:36:21.227579,315.82,315.89,0,0.060000000000002274,0.006970911635164612,1,1,0.0,0.00367
318,2020-01-23 09:36:22,N,AAPL,315.82,4.0,315.89,2.0,1.0,-1.0,2020-01-23 09:36:22.049163,315.89,315.93,0,0.06999999999999318,0.008977926296552141,1,1,0.3333333333333333,0.00367
319,2020-01-23 09:36:23,N,AAPL,315.89,2.0,315.93,2.0,1.0,0.0,2020-01-23 09:36:23.322949,315.81,315.85,-1,0.040000000000020464,0.017765244749739395,1,-1,0.0,0.00367
320,2020-01-23 09:36:24,N,AAPL,315.81,1.0,315.85,4.0,0.0,0.0,2020-01-23 09:36:24.319320,315.82,315.9,0,0.040000000000020464,0.010277570991434004,1,1,-0.6,0.00367
321,2020-01-23 09:36:25,N,AAPL,315.82,1.0,315.9,2.0,0.0,-1.0,2020-01-23 09:36:25.263427,315.9,315.95,0,0.07999999999998408,0.00695135501337063,1,1,-0.3333333333333333,0.00367
322,2020-01-23 09:36:26,N,AAPL,315.9,2.0,315.95,2.0,1.0,1.0,2020-01-23 09:36:26.553620,315.8,315.87,-1,0.05000000000001137,0.007682779614583524,1,-1,0.0,0.00367
323,2020-01-23 09:36:27,N,AAPL,315.8,2.0,315.87,4.0,-2.0,2.0,2020-01-23 09:36:27.227036,315.8,315.85,0,0.06999999999999318,0.0020081324552165825,1,1,-0.3333333333333333,0.00367
324,2020-01-23 09:36:30,N,AAPL,315.8,2.0,315.85,1.0,0.0,-3.0,2020-01-23 09:36:30.150546,315.73,315.8,0,0.05000000000001137,0.002095032981458189,1,-1,0.3333333333333333,0.00367
325,2020-01-23 09:36:31,N,AAPL,315.73,4.0,315.8,2.0,3.0,0.0,2020-01-23 09:36:31.273365,315.74,315.8,0,0.06999999999999318,0.0027278538811970066,1,1,0.3333333333333333,0.00367
326,2020-01-23 09:36:32,N,AAPL,315.74,2.0,315.8,2.0,0.0,1.0,2020-01-23 09:36:32.126087,315.79,315.83,0,0.060000000000002274,0.003583498720274747,1,-1,0.0,0.00367
327,2020-01-23 09:36:33,N,AAPL,315.79,1.0,315.83,3.0,-1.0,-1.0,2020-01-23 09:36:33.474948,315.8,315.83,0,0.03999999999996362,-0.002888540799801831,1,-1,-0.5,0.00367
328,2020-01-23 09:36:34,N,AAPL,315.8,4.0,315.83,10.0,3.0,7.0,2020-01-23 09:36:34.302662,315.82,315.84,0,0.029999999999972715,-0.01557057361412717,1,-1,-0.42857142857142855,0.00367
329,2020-01-23 09:36:35,N,AAPL,315.82,6.0,315.84,2.0,5.0,-7.0,2020-01-23 09:36:35.197541,315.72,315.74,-1,0.01999999999998181,-0.010243143472962402,1,-1,0.5,0.00367
330,2020-01-23 09:36:36,N,AAPL,315.72,10.0,315.74,4.0,9.0,2.0,2020-01-23 09:36:36.132672,315.71,315.73,0,0.01999999999998181,-0.0030640475071095352,1,1,0.42857142857142855,0.00367
331,2020-01-23 09:36:37,N,AAPL,315.71,2.0,315.73,2.0,-2.0,-1.0,2020-01-23 09:36:37.443679,315.75,315.78,1,0.020000000000038654,-0.009030711588366103,1,1,0.0,0.00378
332,2020-01-23 09:36:38,N,AAPL,315.75,2.0,315.78,2.0,-1.0,0.0,2020-01-23 09:36:38.285209,315.78,315.83,0,0.029999999999972715,-0.011115716702022382,1,1,0.0,0.00378
333,2020-01-23 09:36:39,N,AAPL,315.78,2.0,315.83,4.0,0.0,3.0,2020-01-23 09:36:39.597922,315.82,315.86,0,0.05000000000001137,-0.01670416960791954,1,1,-0.3333333333333333,0.00378
334,2020-01-23 09:36:40,N,AAPL,315.82,2.0,315.86,4.0,0.0,-1.0,2020-01-23 09:36:40.001425,315.86,315.92,0,0.040000000000020464,-0.02357544727055938,1,-1,-0.3333333333333333,0.00378
335,2020-01-23 09:36:41,N,AAPL,315.86,5.0,315.92,2.0,-10.0,1.0,2020-01-23 09:36:41.107838,315.86,315.94,0,0.060000000000002274,-0.01898046241223028,1,1,0.42857142857142855,0.00378
336,2020-01-23 09:36:42,N,AAPL,315.86,1.0,315.94,4.0,0.0,2.0,2020-01-23 09:36:42.058023,316.07,316.12,1,0.07999999999998408,-0.025230960204396524,1,1,-0.6,0.00378
337,2020-01-23 09:36:43,N,AAPL,316.07,2.0,316.12,4.0,-2.0,1.0,2020-01-23 09:36:43.000896,316.11,316.16,0,0.05000000000001137,-0.028948671275372817,1,-1,-0.3333333333333333,0.00378
338,2020-01-23 09:36:44,N,AAPL,316.11,1.0,316.16,1.0,-1.0,-2.0,2020-01-23 09:36:44.440869,316.02,316.12,0,0.05000000000001137,-0.028443136988812512,1,1,0.0,0.00378
339,2020-01-23 09:36:45,N,AAPL,316.02,1.0,316.12,1.0,-1.0,-2.0,2020-01-23 09:36:45.545125,316.02,316.11,0,0.10000000000002274,-0.021973288205003882,1,1,0.0,0.00378
340,2020-01-23 09:36:46,N,AAPL,316.02,2.0,316.11,5.0,0.0,1.0,2020-01-23 09:36:46.004767,316.03,316.08,0,0.09000000000003183,-0.02553646273980803,1,-1,-0.42857142857142855,0.00378
341,2020-01-23 09:36:48,N,AAPL,316.03,1.0,316.08,4.0,-1.0,-5.0,2020-01-23 09:36:48.030207,316.03,316.08,0,0.05000000000001137,-0.03438308954173408,1,-1,-0.6,0.00378
342,2020-01-23 09:36:49,N,AAPL,316.03,4.0,316.08,2.0,1.0,1.0,2020-01-23 09:36:49.147293,316.09,316.16,1,0.05000000000001137,-0.03368567529099664,1,1,0.3333333333333333,0.00378
343,2020-01-23 09:36:50,N,AAPL,316.09,2.0,316.16,3.0,0.0,-2.0,2020-01-23 09:36:50.277958,316.22,316.31,1,0.07000000000005002,-0.037534266926797955,1,1,-0.2,0.00378
344,2020-01-23 09:36:51,N,AAPL,316.22,2.0,316.31,2.0,0.0,0.0,2020-01-23 09:36:51.002275,316.23,316.3,0,0.08999999999997499,-0.040066135645759005,1,1,0.0,0.00378
345,2020-01-23 09:36:52,N,AAPL,316.23,1.0,316.3,1.0,-3.0,0.0,2020-01-23 09:36:52.708755,316.23,316.27,0,0.06999999999999318,-0.04265606296308988,1,-1,0.0,0.00378
346,2020-01-23 09:36:53,N,AAPL,316.23,1.0,316.27,2.0,0.0,1.0,2020-01-23 09:36:53.319172,316.24,316.27,0,0.03999999999996362,-0.04043693719933117,1,-1,-0.3333333333333333,0.00378
347,2020-01-23 09:36:55,N,AAPL,316.24,2.0,316.27,2.0,0.0,0.0,2020-01-23 09:36:55.661687,316.21,316.27,0,0.029999999999972715,-0.03999274399711794,1,-1,0.0,0.00378
348,2020-01-23 09:36:56,N,AAPL,316.21,2.0,316.27,2.0,0.0,0.0,2020-01-23 09:36:56.111247,316.17,316.22,0,0.060000000000002274,-0.03863931574642265,1,1,0.0,0.00378
349,2020-01-23 09:36:57,N,AAPL,316.17,2.0,316.22,3.0,0.0,0.0,2020-01-23 09:36:57.299796,316.14,316.22,0,0.05000000000001137,-0.042531662951091675,1,-1,-0.2,0.00378
350,2020-01-23 09:36:58,N,AAPL,316.14,4.0,316.22,2.0,3.0,0.0,2020-01-23 09:36:58.692018,316.11,316.19,0,0.08000000000004093,-0.04355205193593292,1,1,0.3333333333333333,0.00378
351,2020-01-23 09:36:59,N,AAPL,316.11,2.0,316.19,2.0,-1.0,0.0,2020-01-23 09:36:59.477516,316.2,316.25,1,0.07999999999998408,-0.04641147009425595,1,-1,0.0,0.00378
352,2020-01-23 09:37:00,N,AAPL,316.2,4.0,316.25,2.0,2.0,-3.0,2020-01-23 09:37:00.036025,316.1,316.16,-1,0.05000000000001137,-0.029866081871205097,1,-1,0.3333333333333333,0.00378
353,2020-01-23 09:37:01,N,AAPL,316.1,2.0,316.16,1.0,-2.0,0.0,2020-01-23 09:37:01.008347,316.04,316.09,-1,0.060000000000002274,-0.04188239809298011,1,1,0.3333333333333333,0.00378
354,2020-01-23 09:37:02,N,AAPL,316.04,2.0,316.09,2.0,1.0,-2.0,2020-01-23 09:37:02.004052,316.03,316.06,0,0.049999999999954525,-0.04403575599633314,1,-1,0.0,0.00378
355,2020-01-23 09:37:03,N,AAPL,316.03,2.0,316.06,1.0,1.0,0.0,2020-01-23 09:37:03.075621,316.08,316.16,1,0.03000000000002956,-0.045795835190347134,1,-1,0.3333333333333333,0.00378
356,2020-01-23 09:37:04,N,AAPL,316.08,3.0,316.16,1.0,0.0,-3.0,2020-01-23 09:37:04.014810,316.07,316.13,0,0.08000000000004093,-0.04647309106849207,1,1,0.5,0.00378
357,2020-01-23 09:37:05,N,AAPL,316.07,4.0,316.13,4.0,3.0,3.0,2020-01-23 09:37:05.237836,316.1,316.16,0,0.060000000000002274,-0.0495434047916774,1,-1,0.0,0.00378
358,2020-01-23 09:37:06,N,AAPL,316.1,2.0,316.16,1.0,-2.0,-1.0,2020-01-23 09:37:06.114677,316.08,316.15,0,0.060000000000002274,-0.0384002116588249,1,1,0.3333333333333333,0.00378
359,2020-01-23 09:37:07,N,AAPL,316.08,3.0,316.15,1.0,0.0,-1.0,2020-01-23 09:37:07.071896,316.1,316.16,0,0.06999999999999318,-0.037881508627208405,1,1,0.5,0.00378
360,2020-01-23 09:37:08,N,AAPL,316.1,2.0,316.16,1.0,-1.0,0.0,2020-01-23 09:37:08.236598,316.25,316.3,1,0.060000000000002274,-0.04304316517374218,1,-1,0.3333333333333333,0.00378
361,2020-01-23 09:37:09,N,AAPL,316.25,3.0,316.3,4.0,1.0,3.0,2020-01-23 09:37:09.269790,316.3,316.35,0,0.05000000000001137,-0.04643375330215349,1,-1,-0.14285714285714285,0.00378
362,2020-01-23 09:37:10,N,AAPL,316.3,1.0,316.35,2.0,0.0,1.0,2020-01-23 09:37:10.114455,316.27,316.35,0,0.05000000000001137,-0.04176071130200398,1,1,-0.3333333333333333,0.00378
363,2020-01-23 09:37:11,N,AAPL,316.27,2.0,316.35,2.0,0.0,0.0,2020-01-23 09:37:11.168900,316.31,316.35,0,0.08000000000004093,-0.04423462393236832,1,1,0.0,0.00378
364,2020-01-23 09:37:12,N,AAPL,316.31,2.0,316.35,2.0,0.0,0.0,2020-01-23 09:37:12.380117,316.27,316.34,0,0.040000000000020464,-0.02964810994188838,1,-1,0.0,0.00378
365,2020-01-23 09:37:13,N,AAPL,316.27,2.0,316.34,2.0,0.0,1.0,2020-01-23 09:37:13.179137,316.26,316.33,0,0.06999999999999318,-0.02897275576373204,1,1,0.0,0.00378
366,2020-01-23 09:37:14,N,AAPL,316.26,5.0,316.33,1.0,3.0,-1.0,2020-01-23 09:37:14.069753,316.27,316.34,0,0.06999999999999318,-0.028672481202931976,1,1,0.6666666666666666,0.00378
367,2020-01-23 09:37:15,N,AAPL,316.27,2.0,316.34,1.0,1.0,-1.0,2020-01-23 09:37:15.658916,316.27,316.32,0,0.06999999999999318,-0.029952173807600957,1,1,0.3333333333333333,0.00378
368,2020-01-23 09:37:16,N,AAPL,316.27,2.0,316.32,1.0,0.0,0.0,2020-01-23 09:37:16.007562,316.28,316.35,0,0.05000000000001137,-0.03027645509547483,1,-1,0.3333333333333333,0.00378
369,2020-01-23 09:37:17,N,AAPL,316.28,4.0,316.35,10.0,2.0,9.0,2020-01-23 09:37:17.618874,316.28,316.35,0,0.07000000000005002,-0.027193871272345405,1,1,-0.42857142857142855,0.00378
370,2020-01-23 09:37:18,N,AAPL,316.28,4.0,316.35,10.0,2.0,-1.0,2020-01-23 09:37:18.042485,316.28,316.35,0,0.07000000000005002,-0.03300964328371947,1,1,-0.42857142857142855,0.00378
371,2020-01-23 09:37:19,N,AAPL,316.28,2.0,316.35,10.0,-1.0,0.0,2020-01-23 09:37:19.088261,316.29,316.35,0,0.07000000000005002,-0.0398172450451284,1,1,-0.6666666666666666,0.00378
372,2020-01-23 09:37:20,N,AAPL,316.29,2.0,316.35,10.0,-2.0,0.0,2020-01-23 09:37:20.061398,316.29,316.35,0,0.060000000000002274,-0.04291614501471486,1,-1,-0.6666666666666666,0.00378
373,2020-01-23 09:37:21,N,AAPL,316.29,2.0,316.35,10.0,0.0,0.0,2020-01-23 09:37:21.091221,316.36,316.4,1,0.060000000000002274,-0.04173066202076825,1,1,-0.6666666666666666,0.00423
374,2020-01-23 09:37:22,N,AAPL,316.36,2.0,316.4,1.0,-1.0,-9.0,2020-01-23 09:37:22.005886,316.38,316.45,0,0.03999999999996362,-0.04303311990264547,1,-1,0.3333333333333333,0.00423
375,2020-01-23 09:37:23,N,AAPL,316.38,2.0,316.45,11.0,0.0,0.0,2020-01-23 09:37:23.007279,316.39,316.45,0,0.06999999999999318,-0.04732641210159727,1,1,-0.6923076923076923,0.00423
376,2020-01-23 09:37:24,N,AAPL,316.39,3.0,316.45,8.0,-1.0,0.0,2020-01-23 09:37:24.014184,316.43,316.46,0,0.060000000000002274,-0.04985160228619634,1,-1,-0.45454545454545453,0.00423
377,2020-01-23 09:37:26,N,AAPL,316.43,2.0,316.46,2.0,0.0,1.0,2020-01-23 09:37:26.092724,316.44,316.48,0,0.029999999999972715,-0.048481929357024,1,-1,0.0,0.00423
378,2020-01-23 09:37:27,N,AAPL,316.44,2.0,316.48,1.0,-2.0,0.0,2020-01-23 09:37:27.756032,316.42,316.44,0,0.040000000000020464,-0.04636357550680259,1,1,0.3333333333333333,0.00423
379,2020-01-23 09:37:28,N,AAPL,316.42,1.0,316.44,3.0,-4.0,2.0,2020-01-23 09:37:28.768164,316.34,316.4,-1,0.01999999999998181,-0.04753006016085237,1,-1,-0.5,0.00423
380,2020-01-23 09:37:29,N,AAPL,316.34,2.0,316.4,3.0,1.0,0.0,2020-01-23 09:37:29.029019,316.3,316.37,0,0.060000000000002274,-0.05003312979067687,1,1,-0.2,0.00423
381,2020-01-23 09:37:30,N,AAPL,316.3,7.0,316.37,2.0,6.0,1.0,2020-01-23 09:37:30.317760,316.22,316.28,-1,0.06999999999999318,-0.04803085542664576,1,1,0.5555555555555556,0.00423
382,2020-01-23 09:37:32,N,AAPL,316.22,2.0,316.28,2.0,-5.0,0.0,2020-01-23 09:37:32.850968,316.21,316.26,0,0.05999999999994543,-0.04489011523151021,1,-1,0.0,0.00423
383,2020-01-23 09:37:33,N,AAPL,316.21,2.0,316.26,3.0,0.0,1.0,2020-01-23 09:37:33.234316,316.22,316.25,0,0.05000000000001137,-0.04812479746971121,1,-1,-0.2,0.00423
384,2020-01-23 09:37:34,N,AAPL,316.22,4.0,316.25,1.0,2.0,-2.0,2020-01-23 09:37:34.907881,316.21,316.26,0,0.029999999999972715,-0.047267725330129906,1,-1,0.6,0.00423
385,2020-01-23 09:37:35,N,AAPL,316.21,1.0,316.26,4.0,-1.0,0.0,2020-01-23 09:37:35.000019,316.11,316.16,-1,0.05000000000001137,-0.05527747021488949,1,1,-0.6,0.00423
386,2020-01-23 09:37:37,N,AAPL,316.11,1.0,316.16,1.0,0.0,-1.0,2020-01-23 09:37:37.377189,316.1,316.16,0,0.05000000000001137,-0.061431413857576445,1,1,0.0,0.00423
387,2020-01-23 09:37:39,N,AAPL,316.1,12.0,316.16,1.0,0.0,0.0,2020-01-23 09:37:39.373042,316.17,316.24,1,0.060000000000002274,-0.053095683442677455,1,1,0.8461538461538461,0.00423
388,2020-01-23 09:37:40,N,AAPL,316.17,1.0,316.24,2.0,0.0,-1.0,2020-01-23 09:37:40.040733,316.16,316.24,0,0.06999999999999318,-0.05215408118715459,1,1,-0.3333333333333333,0.00423
389,2020-01-23 09:37:41,N,AAPL,316.16,2.0,316.24,2.0,0.0,0.0,2020-01-23 09:37:41.049760,316.28,316.35,1,0.07999999999998408,-0.05400674330383026,1,1,0.0,0.00423
390,2020-01-23 09:37:42,N,AAPL,316.28,4.0,316.35,1.0,2.0,0.0,2020-01-23 09:37:42.331791,316.28,316.35,0,0.07000000000005002,-0.050028816577480484,1,-1,0.6,0.00423
391,2020-01-23 09:37:43,N,AAPL,316.28,2.0,316.35,1.0,0.0,0.0,2020-01-23 09:37:43.828515,316.28,316.35,0,0.07000000000005002,-0.05154555420779161,1,1,0.3333333333333333,0.00423
392,2020-01-23 09:37:44,N,AAPL,316.28,2.0,316.35,1.0,0.0,0.0,2020-01-23 09:37:44.037683,316.3,316.35,0,0.07000000000005002,-0.05457557452979245,1,1,0.3333333333333333,0.00423
393,2020-01-23 09:37:45,N,AAPL,316.3,2.0,316.35,2.0,1.0,0.0,2020-01-23 09:37:45.050864,316.3,316.37,0,0.05000000000001137,-0.05493864911545643,1,-1,0.0,0.00423
394,2020-01-23 09:37:46,N,AAPL,316.3,2.0,316.37,4.0,0.0,1.0,2020-01-23 09:37:46.000189,316.33,316.38,0,0.06999999999999318,-0.054755462757441364,1,1,-0.3333333333333333,0.00423
395,2020-01-23 09:37:47,N,AAPL,316.33,2.0,316.38,1.0,1.0,0.0,2020-01-23 09:37:47.843103,316.39,316.43,1,0.05000000000001137,-0.055157430262966045,1,-1,0.3333333333333333,0.00423
396,2020-01-23 09:37:48,N,AAPL,316.39,2.0,316.43,1.0,1.0,0.0,2020-01-23 09:37:48.079647,316.44,316.5,1,0.040000000000020464,-0.05398727070308951,1,-1,0.3333333333333333,0.00423
397,2020-01-23 09:37:49,N,AAPL,316.44,4.0,316.5,2.0,2.0,1.0,2020-01-23 09:37:49.228003,316.48,316.54,0,0.060000000000002274,-0.05262243118335164,1,1,0.3333333333333333,0.00423
398,2020-01-23 09:37:50,N,AAPL,316.48,1.0,316.54,4.0,0.0,1.0,2020-01-23 09:37:50.456759,316.53,316.58,0,0.060000000000002274,-0.050263632975941164,1,1,-0.6,0.00423
399,2020-01-23 09:37:51,N,AAPL,316.53,4.0,316.58,2.0,2.0,1.0,2020-01-23 09:37:51.190920,316.51,316.58,0,0.05000000000001137,-0.0516016806720927,1,-1,0.3333333333333333,0.00423
400,2020-01-23 09:37:52,N,AAPL,316.51,4.0,316.58,2.0,-1.0,0.0,2020-01-23 09:37:52.444639,316.52,316.59,0,0.06999999999999318,-0.05144437945108393,1,1,0.3333333333333333,0.00423
401,2020-01-23 09:37:53,N,AAPL,316.52,4.0,316.59,1.0,2.0,0.0,2020-01-23 09:37:53.945934,316.52,316.59,0,0.06999999999999318,-0.05119982575928361,1,1,0.6,0.00423
402,2020-01-23 09:37:54,N,AAPL,316.52,2.0,316.59,2.0,0.0,0.0,2020-01-23 09:37:54.338280,316.56,316.59,0,0.06999999999999318,-0.04364390727283762,1,1,0.0,0.00423
403,2020-01-23 09:37:56,N,AAPL,316.56,2.0,316.59,2.0,0.0,1.0,2020-01-23 09:37:56.217617,316.49,316.54,-1,0.029999999999972715,-0.048205954333468526,1,-1,0.0,0.00423
404,2020-01-23 09:37:57,N,AAPL,316.49,2.0,316.54,1.0,1.0,-1.0,2020-01-23 09:37:57.407004,316.46,316.53,0,0.05000000000001137,-0.04765776083274886,1,1,0.3333333333333333,0.00423
405,2020-01-23 09:37:58,N,AAPL,316.46,1.0,316.53,3.0,0.0,1.0,2020-01-23 09:37:58.605160,316.41,316.44,-1,0.06999999999999318,-0.04707158376135112,1,1,-0.5,0.00423
406,2020-01-23 09:38:00,N,AAPL,316.41,2.0,316.44,4.0,1.0,3.0,2020-01-23 09:38:00.552566,316.31,316.38,-1,0.029999999999972715,-0.04603536685414156,1,-1,-0.3333333333333333,0.00423
407,2020-01-23 09:38:01,N,AAPL,316.31,4.0,316.38,2.0,3.0,1.0,2020-01-23 09:38:01.035362,316.38,316.43,0,0.06999999999999318,-0.045477835879808026,1,1,0.3333333333333333,0.00423
408,2020-01-23 09:38:02,N,AAPL,316.38,2.0,316.43,4.0,-3.0,3.0,2020-01-23 09:38:02.000393,316.36,316.43,0,0.05000000000001137,-0.05081596592964388,1,-1,-0.3333333333333333,0.00423
409,2020-01-23 09:38:03,N,AAPL,316.36,2.0,316.43,1.0,-1.0,0.0,2020-01-23 09:38:03.035804,316.38,316.43,0,0.06999999999999318,-0.05237309806915391,1,1,0.3333333333333333,0.00423
410,2020-01-23 09:38:04,N,AAPL,316.38,4.0,316.43,1.0,1.0,0.0,2020-01-23 09:38:04.015688,316.43,316.48,0,0.05000000000001137,-0.053189333247075865,1,-1,0.6,0.00423
411,2020-01-23 09:38:05,N,AAPL,316.43,4.0,316.48,1.0,0.0,0.0,2020-01-23 09:38:05.061418,316.46,316.51,0,0.05000000000001137,-0.053204903931998615,1,1,0.6,0.00423
412,2020-01-23 09:38:06,N,AAPL,316.46,2.0,316.51,2.0,-1.0,1.0,2020-01-23 09:38:06.865172,316.46,316.54,0,0.05000000000001137,-0.05389663141102119,1,1,0.0,0.00423
413,2020-01-23 09:38:07,N,AAPL,316.46,2.0,316.54,4.0,0.0,3.0,2020-01-23 09:38:07.214114,316.44,316.5,0,0.08000000000004093,-0.05411974317809154,1,1,-0.3333333333333333,0.00423
414,2020-01-23 09:38:08,N,AAPL,316.44,4.0,316.5,1.0,1.0,0.0,2020-01-23 09:38:08.201275,316.44,316.5,0,0.060000000000002274,-0.05416679095554855,1,-1,0.6,0.00456
415,2020-01-23 09:38:09,N,AAPL,316.44,4.0,316.5,1.0,3.0,0.0,2020-01-23 09:38:09.140750,316.43,316.49,0,0.060000000000002274,-0.05416587351186308,1,1,0.6,0.00456
416,2020-01-23 09:38:11,N,AAPL,316.43,5.0,316.49,4.0,0.0,3.0,2020-01-23 09:38:11.326173,316.44,316.46,0,0.060000000000002274,-0.05426100028023484,1,1,0.1111111111111111,0.00456
417,2020-01-23 09:38:12,N,AAPL,316.44,2.0,316.46,3.0,0.0,0.0,2020-01-23 09:38:12.724877,316.39,316.43,-1,0.01999999999998181,-0.05474791502103926,1,-1,-0.2,0.00456
418,2020-01-23 09:38:13,N,AAPL,316.39,1.0,316.43,3.0,0.0,2.0,2020-01-23 09:38:13.045217,316.29,316.34,-1,0.040000000000020464,-0.05695405839907153,1,1,-0.5,0.00456
419,2020-01-23 09:38:14,N,AAPL,316.29,2.0,316.34,1.0,0.0,0.0,2020-01-23 09:38:14.061969,316.29,316.35,0,0.049999999999954525,-0.05739205534990788,1,1,0.3333333333333333,0.00456
420,2020-01-23 09:38:15,N,AAPL,316.29,2.0,316.35,3.0,1.0,1.0,2020-01-23 09:38:15.105649,316.32,316.39,0,0.060000000000002274,-0.05965199506380259,1,1,-0.2,0.00456
421,2020-01-23 09:38:16,N,AAPL,316.32,4.0,316.39,2.0,2.0,0.0,2020-01-23 09:38:16.028763,316.38,316.43,0,0.06999999999999318,-0.06094939333502225,1,1,0.3333333333333333,0.00456
422,2020-01-23 09:38:18,N,AAPL,316.38,4.0,316.43,2.0,3.0,1.0,2020-01-23 09:38:18.002444,316.41,316.49,0,0.05000000000001137,-0.062415730337193054,1,-1,0.3333333333333333,0.00456
423,2020-01-23 09:38:19,N,AAPL,316.41,3.0,316.49,1.0,1.0,0.0,2020-01-23 09:38:19.175906,316.44,316.49,0,0.07999999999998408,-0.06232801279446676,1,1,0.5,0.00456
424,2020-01-23 09:38:21,N,AAPL,316.44,2.0,316.49,5.0,0.0,0.0,2020-01-23 09:38:21.211489,316.5,316.53,1,0.05000000000001137,-0.06174061507960005,1,-1,-0.42857142857142855,0.00456
425,2020-01-23 09:38:24,N,AAPL,316.5,5.0,316.53,1.0,2.0,0.0,2020-01-23 09:38:24.922572,316.52,316.55,0,0.029999999999972715,-0.05285415805246885,1,-1,0.6666666666666666,0.00456
426,2020-01-23 09:38:25,N,AAPL,316.52,4.0,316.55,4.0,-1.0,3.0,2020-01-23 09:38:25.792092,316.52,316.55,0,0.03000000000002956,-0.050988898052139575,1,1,0.0,0.00456
427,2020-01-23 09:38:26,N,AAPL,316.52,4.0,316.55,4.0,0.0,0.0,2020-01-23 09:38:26.189513,316.63,316.69,1,0.03000000000002956,-0.050684722118319314,1,1,0.0,0.00456
428,2020-01-23 09:38:28,N,AAPL,316.63,1.0,316.69,2.0,-1.0,1.0,2020-01-23 09:38:28.433021,316.64,316.7,0,0.060000000000002274,-0.042401293445379906,1,1,-0.3333333333333333,0.00456
429,2020-01-23 09:38:29,N,AAPL,316.64,4.0,316.7,1.0,3.0,0.0,2020-01-23 09:38:29.002010,316.69,316.74,0,0.060000000000002274,-0.044528849791959146,1,1,0.6,0.00456
430,2020-01-23 09:38:30,N,AAPL,316.69,2.0,316.74,1.0,0.0,0.0,2020-01-23 09:38:30.051748,316.64,316.7,0,0.05000000000001137,-0.03613160699535456,1,-1,0.3333333333333333,0.00456
431,2020-01-23 09:38:31,N,AAPL,316.64,4.0,316.7,1.0,0.0,-1.0,2020-01-23 09:38:31.020980,316.63,316.68,0,0.060000000000002274,-0.03544397693536894,1,1,0.6,0.00456
432,2020-01-23 09:38:33,N,AAPL,316.63,4.0,316.68,2.0,2.0,1.0,2020-01-23 09:38:33.411519,316.62,316.68,0,0.05000000000001137,-0.03321660617871203,1,-1,0.3333333333333333,0.00456
433,2020-01-23 09:38:34,N,AAPL,316.62,4.0,316.68,2.0,2.0,1.0,2020-01-23 09:38:34.709255,316.63,316.67,0,0.060000000000002274,-0.033436138588569975,1,1,0.3333333333333333,0.00456
434,2020-01-23 09:38:35,N,AAPL,316.63,1.0,316.67,1.0,0.0,-1.0,2020-01-23 09:38:35.037940,316.51,316.57,-1,0.040000000000020464,-0.03365396443030022,1,-1,0.0,0.00456
435,2020-01-23 09:38:36,N,AAPL,316.51,1.0,316.57,2.0,-1.0,-2.0,2020-01-23 09:38:36.225939,316.5,316.57,0,0.060000000000002274,-0.037442467812809355,1,1,-0.3333333333333333,0.00456
436,2020-01-23 09:38:37,N,AAPL,316.5,1.0,316.57,2.0,0.0,0.0,2020-01-23 09:38:37.003091,316.55,316.58,0,0.06999999999999318,-0.035992479845731395,1,1,-0.3333333333333333,0.00456
437,2020-01-23 09:38:38,N,AAPL,316.55,2.0,316.58,1.0,1.0,-1.0,2020-01-23 09:38:38.191393,316.52,316.58,0,0.029999999999972715,-0.03621578286492877,1,-1,0.3333333333333333,0.00456
438,2020-01-23 09:38:39,N,AAPL,316.52,1.0,316.58,1.0,-4.0,-1.0,2020-01-23 09:38:39.221537,316.48,316.55,0,0.060000000000002274,-0.036372162658153684,1,1,0.0,0.00456
439,2020-01-23 09:38:40,N,AAPL,316.48,2.0,316.55,1.0,1.0,0.0,2020-01-23 09:38:40.297342,316.49,316.57,0,0.06999999999999318,-0.03158717404289746,1,1,0.3333333333333333,0.00456
440,2020-01-23 09:38:41,N,AAPL,316.49,2.0,316.57,3.0,1.0,-1.0,2020-01-23 09:38:41.008346,316.42,316.47,-1,0.07999999999998408,-0.03059668803416571,1,1,-0.2,0.00456
441,2020-01-23 09:38:42,N,AAPL,316.42,2.0,316.47,1.0,-2.0,-1.0,2020-01-23 09:38:42.169778,316.42,316.46,0,0.05000000000001137,-0.022212571054751606,1,-1,0.3333333333333333,0.00456
442,2020-01-23 09:38:43,N,AAPL,316.42,2.0,316.46,1.0,0.0,-1.0,2020-01-23 09:38:43.912989,316.42,316.46,0,0.03999999999996362,-0.02146951294326982,1,-1,0.3333333333333333,0.00456
443,2020-01-23 09:38:44,N,AAPL,316.42,2.0,316.46,2.0,0.0,1.0,2020-01-23 09:38:44.147802,316.42,316.5,0,0.03999999999996362,-0.020871982096878128,1,1,0.0,0.00456
444,2020-01-23 09:38:45,N,AAPL,316.42,2.0,316.5,5.0,0.0,4.0,2020-01-23 09:38:45.245605,316.44,316.5,0,0.07999999999998408,-0.022774158488232388,1,1,-0.42857142857142855,0.00456
445,2020-01-23 09:38:46,N,AAPL,316.44,5.0,316.5,4.0,3.0,0.0,2020-01-23 09:38:46.030172,316.45,316.5,0,0.060000000000002274,-0.02445773248041405,1,-1,0.1111111111111111,0.00456
446,2020-01-23 09:38:47,N,AAPL,316.45,1.0,316.5,4.0,-1.0,2.0,2020-01-23 09:38:47.223425,316.46,316.5,0,0.05000000000001137,-0.024027161934498054,1,-1,-0.6,0.00456
447,2020-01-23 09:38:48,N,AAPL,316.46,4.0,316.5,5.0,3.0,1.0,2020-01-23 09:38:48.074455,316.49,316.51,0,0.040000000000020464,-0.024137945470556588,1,-1,-0.1111111111111111,0.00456
448,2020-01-23 09:38:49,N,AAPL,316.49,1.0,316.51,2.0,-1.0,0.0,2020-01-23 09:38:49.757496,316.45,316.48,-1,0.01999999999998181,-0.024560107942136256,1,-1,-0.3333333333333333,0.00456
449,2020-01-23 09:38:51,N,AAPL,316.45,1.0,316.48,2.0,-2.0,0.0,2020-01-23 09:38:51.023759,316.39,316.44,-1,0.03000000000002956,-0.024686763512931975,1,1,-0.3333333333333333,0.00456
450,2020-01-23 09:38:52,N,AAPL,316.39,4.0,316.44,1.0,1.0,-1.0,2020-01-23 09:38:52.124098,316.39,316.45,0,0.05000000000001137,-0.024968554368626883,1,1,0.6,0.00456
451,2020-01-23 09:38:53,N,AAPL,316.39,2.0,316.45,1.0,-3.0,0.0,2020-01-23 09:38:53.175788,316.38,316.45,0,0.060000000000002274,-0.01840945617533407,1,1,0.3333333333333333,0.00456
452,2020-01-23 09:38:54,N,AAPL,316.38,2.0,316.45,1.0,0.0,-1.0,2020-01-23 09:38:54.016170,316.38,316.45,0,0.06999999999999318,-0.018578019914741617,1,1,0.3333333333333333,0.00456
453,2020-01-23 09:38:55,N,AAPL,316.38,2.0,316.45,3.0,0.0,1.0,2020-01-23 09:38:55.064669,316.35,316.41,0,0.06999999999999318,-0.013508187942591121,1,1,-0.2,0.00456
454,2020-01-23 09:38:56,N,AAPL,316.35,1.0,316.41,1.0,0.0,-1.0,2020-01-23 09:38:56.019826,316.36,316.44,0,0.060000000000002274,-0.016072774106135057,1,-1,0.0,0.00456
455,2020-01-23 09:38:57,N,AAPL,316.36,1.0,316.44,4.0,0.0,3.0,2020-01-23 09:38:57.021909,316.44,316.5,0,0.07999999999998408,-0.015706238809571005,1,1,-0.6,0.00456
456,2020-01-23 09:38:58,N,AAPL,316.44,1.0,316.5,4.0,-1.0,0.0,2020-01-23 09:38:58.023292,316.51,316.55,1,0.060000000000002274,-0.016815976553971268,1,-1,-0.6,0.00456
457,2020-01-23 09:38:59,N,AAPL,316.51,2.0,316.55,13.0,0.0,12.0,2020-01-23 09:38:59.005672,316.66,316.7,1,0.040000000000020464,-0.016719448638639278,1,-1,-0.7333333333333333,0.00456
458,2020-01-23 09:39:00,N,AAPL,316.66,4.0,316.7,12.0,0.0,9.0,2020-01-23 09:39:00.035160,316.64,316.68,0,0.03999999999996362,-0.013175635133336527,1,-1,-0.5,0.00476
459,2020-01-23 09:39:01,N,AAPL,316.64,1.0,316.68,2.0,0.0,1.0,2020-01-23 09:39:01.006217,316.57,316.62,-1,0.040000000000020464,-0.007785771382941675,1,1,-0.3333333333333333,0.00476
460,2020-01-23 09:39:02,N,AAPL,316.57,4.0,316.62,1.0,3.0,-1.0,2020-01-23 09:39:02.560437,316.58,316.66,0,0.05000000000001137,-0.005530611655331086,1,1,0.6,0.00476
461,2020-01-23 09:39:03,N,AAPL,316.58,2.0,316.66,1.0,1.0,0.0,2020-01-23 09:39:03.071904,316.61,316.7,0,0.08000000000004093,-0.00588552214532001,1,1,0.3333333333333333,0.00476
462,2020-01-23 09:39:04,N,AAPL,316.61,3.0,316.7,3.0,2.0,2.0,2020-01-23 09:39:04.128169,316.56,316.61,0,0.08999999999997499,-0.006483141497426459,1,1,0.0,0.00476
463,2020-01-23 09:39:05,N,AAPL,316.56,2.0,316.61,5.0,1.0,2.0,2020-01-23 09:39:05.290995,316.61,316.7,0,0.05000000000001137,-0.006123987240812312,1,-1,-0.42857142857142855,0.00476
464,2020-01-23 09:39:06,N,AAPL,316.61,1.0,316.7,2.0,0.0,0.0,2020-01-23 09:39:06.213202,316.67,316.72,0,0.08999999999997499,-0.006077045908227774,1,1,-0.3333333333333333,0.00476
465,2020-01-23 09:39:07,N,AAPL,316.67,4.0,316.72,1.0,3.0,0.0,2020-01-23 09:39:07.001720,316.63,316.71,0,0.05000000000001137,-0.006437307159217198,1,-1,0.6,0.00476
466,2020-01-23 09:39:08,N,AAPL,316.63,4.0,316.71,1.0,3.0,0.0,2020-01-23 09:39:08.789133,316.64,316.71,0,0.07999999999998408,-0.0058900928792695595,1,1,0.6,0.00476
467,2020-01-23 09:39:09,N,AAPL,316.64,3.0,316.71,1.0,1.0,0.0,2020-01-23 09:39:09.184360,316.62,316.69,0,0.06999999999999318,-0.008329995457131645,1,-1,0.5,0.00476
468,2020-01-23 09:39:10,N,AAPL,316.62,1.0,316.69,1.0,0.0,0.0,2020-01-23 09:39:10.035077,316.47,316.53,-1,0.06999999999999318,-0.00504999677343676,1,1,0.0,0.00476
469,2020-01-23 09:39:11,N,AAPL,316.47,1.0,316.53,2.0,0.0,1.0,2020-01-23 09:39:11.269547,316.4,316.46,-1,0.05999999999994543,-0.008972598745572213,1,-1,-0.3333333333333333,0.00476
470,2020-01-23 09:39:12,N,AAPL,316.4,1.0,316.46,1.0,0.0,0.0,2020-01-23 09:39:12.117370,316.39,316.46,0,0.060000000000002274,-0.010052294197123501,1,1,0.0,0.00476
471,2020-01-23 09:39:13,N,AAPL,316.39,2.0,316.46,2.0,0.0,1.0,2020-01-23 09:39:13.155054,316.3,316.35,-1,0.06999999999999318,-0.008336998582592514,1,1,0.0,0.00476
472,2020-01-23 09:39:14,N,AAPL,316.3,37.0,316.35,1.0,36.0,-1.0,2020-01-23 09:39:14.143017,316.32,316.37,0,0.05000000000001137,0.00118847672456468,1,-1,0.9473684210526315,0.00476
473,2020-01-23 09:39:15,N,AAPL,316.32,4.0,316.37,1.0,2.0,0.0,2020-01-23 09:39:15.258720,316.37,316.44,0,0.05000000000001137,0.001172234734781341,1,1,0.6,0.00476
474,2020-01-23 09:39:16,N,AAPL,316.37,5.0,316.44,2.0,1.0,0.0,2020-01-23 09:39:16.000481,316.42,316.49,0,0.06999999999999318,0.003037029418521797,1,1,0.42857142857142855,0.00476
475,2020-01-23 09:39:17,N,AAPL,316.42,2.0,316.49,5.0,0.0,3.0,2020-01-23 09:39:17.221193,316.46,316.52,0,0.06999999999999318,0.0031560034989865926,1,1,-0.42857142857142855,0.00476
476,2020-01-23 09:39:18,N,AAPL,316.46,1.0,316.52,1.0,0.0,0.0,2020-01-23 09:39:18.272050,316.47,316.53,0,0.060000000000002274,0.0028072462687873667,1,-1,0.0,0.00476
477,2020-01-23 09:39:19,N,AAPL,316.47,1.0,316.53,3.0,0.0,2.0,2020-01-23 09:39:19.034395,316.51,316.58,0,0.05999999999994543,0.004680083904304411,1,-1,-0.5,0.00476
478,2020-01-23 09:39:20,N,AAPL,316.51,1.0,316.58,3.0,0.0,2.0,2020-01-23 09:39:20.029210,316.49,316.53,0,0.06999999999999318,0.005862245245680242,1,1,-0.5,0.00476
479,2020-01-23 09:39:21,N,AAPL,316.49,2.0,316.53,4.0,1.0,1.0,2020-01-23 09:39:21.940124,316.47,316.54,0,0.03999999999996362,0.00549898451623676,1,-1,-0.3333333333333333,0.00476
480,2020-01-23 09:39:22,N,AAPL,316.47,2.0,316.54,3.0,0.0,2.0,2020-01-23 09:39:22.018506,316.5,316.56,0,0.06999999999999318,0.006874280474676198,1,1,-0.2,0.00476
481,2020-01-23 09:39:24,N,AAPL,316.5,2.0,316.56,1.0,0.0,0.0,2020-01-23 09:39:24.830028,316.57,316.65,1,0.060000000000002274,0.005177652651298104,1,-1,0.3333333333333333,0.00476
482,2020-01-23 09:39:25,N,AAPL,316.57,2.0,316.65,2.0,0.0,0.0,2020-01-23 09:39:25.041204,316.52,316.6,0,0.07999999999998408,0.003956633969949053,1,1,0.0,0.00476
483,2020-01-23 09:39:26,N,AAPL,316.52,2.0,316.6,2.0,-2.0,0.0,2020-01-23 09:39:26.025259,316.58,316.65,0,0.08000000000004093,0.012683765518715973,1,1,0.0,0.00476
484,2020-01-23 09:39:27,N,AAPL,316.58,1.0,316.65,1.0,-1.0,0.0,2020-01-23 09:39:27.006216,316.55,316.62,0,0.06999999999999318,0.013661629901093875,1,-1,0.0,0.00476
485,2020-01-23 09:39:28,N,AAPL,316.55,2.0,316.62,2.0,1.0,0.0,2020-01-23 09:39:28.786519,316.55,316.62,0,0.06999999999999318,0.014506405856764104,1,1,0.0,0.00476
486,2020-01-23 09:39:29,N,AAPL,316.55,2.0,316.62,1.0,0.0,0.0,2020-01-23 09:39:29.146992,316.5,316.57,0,0.06999999999999318,0.014068993824253084,1,1,0.3333333333333333,0.00476
487,2020-01-23 09:39:30,N,AAPL,316.5,2.0,316.57,4.0,1.0,2.0,2020-01-23 09:39:30.041828,316.53,316.61,0,0.06999999999999318,0.01541539114839452,1,1,-0.3333333333333333,0.00476
488,2020-01-23 09:39:31,N,AAPL,316.53,3.0,316.61,2.0,0.0,1.0,2020-01-23 09:39:31.016567,316.55,316.61,0,0.08000000000004093,0.01621013767783097,1,1,0.2,0.00476
489,2020-01-23 09:39:32,N,AAPL,316.55,2.0,316.61,2.0,0.0,1.0,2020-01-23 09:39:32.129278,316.43,316.5,-1,0.060000000000002274,0.016198983452738958,1,-1,0.0,0.00476
490,2020-01-23 09:39:33,N,AAPL,316.43,4.0,316.5,1.0,2.0,0.0,2020-01-23 09:39:33.188035,316.42,316.49,0,0.06999999999999318,0.014667087210284535,1,1,0.6,0.00476
491,2020-01-23 09:39:34,N,AAPL,316.42,1.0,316.49,1.0,0.0,0.0,2020-01-23 09:39:34.200867,316.39,316.47,0,0.06999999999999318,0.015499783691268476,1,1,0.0,0.00476
492,2020-01-23 09:39:35,N,AAPL,316.39,2.0,316.47,1.0,0.0,0.0,2020-01-23 09:39:35.170568,316.35,316.42,0,0.08000000000004093,0.016372881516474536,1,1,0.3333333333333333,0.00476
493,2020-01-23 09:39:36,N,AAPL,316.35,3.0,316.42,2.0,0.0,1.0,2020-01-23 09:39:36.139544,316.35,316.43,0,0.06999999999999318,0.015070284762032315,1,-1,0.2,0.00476
494,2020-01-23 09:39:37,N,AAPL,316.35,1.0,316.43,1.0,0.0,0.0,2020-01-23 09:39:37.092864,316.35,316.42,0,0.07999999999998408,0.014970087233791673,1,1,0.0,0.00476
495,2020-01-23 09:39:38,N,AAPL,316.35,1.0,316.42,1.0,0.0,0.0,2020-01-23 09:39:38.515102,316.35,316.42,0,0.06999999999999318,0.014806173465785832,1,-1,0.0,0.00476
496,2020-01-23 09:39:39,N,AAPL,316.35,1.0,316.42,1.0,-1.0,0.0,2020-01-23 09:39:39.201317,316.35,316.4,0,0.06999999999999318,0.01568115439209805,1,1,0.0,0.00476
497,2020-01-23 09:39:40,N,AAPL,316.35,1.0,316.4,3.0,0.0,2.0,2020-01-23 09:39:40.014144,316.31,316.36,0,0.049999999999954525,0.016535386078714964,1,-1,-0.5,0.00476
498,2020-01-23 09:39:41,N,AAPL,316.31,1.0,316.36,3.0,0.0,2.0,2020-01-23 09:39:41.190495,316.3,316.39,0,0.05000000000001137,0.024763003575856146,1,1,-0.5,0.00476
499,2020-01-23 09:39:42,N,AAPL,316.3,1.0,316.39,1.0,-3.0,-1.0,2020-01-23 09:39:42.025072,316.3,316.37,0,0.08999999999997499,0.02555735879087706,1,1,0.0,0.00476
500,2020-01-23 09:39:43,N,AAPL,316.3,1.0,316.37,1.0,0.0,0.0,2020-01-23 09:39:43.129341,316.27,316.35,0,0.06999999999999318,0.026289271206792364,1,-1,0.0,0.00476
501,2020-01-23 09:39:44,N,AAPL,316.27,1.0,316.35,1.0,-1.0,0.0,2020-01-23 09:39:44.163471,316.28,316.35,0,0.08000000000004093,0.023262944250291184,1,1,0.0,0.00476
502,2020-01-23 09:39:45,N,AAPL,316.28,2.0,316.35,1.0,1.0,0.0,2020-01-23 09:39:45.084954,316.28,316.35,0,0.07000000000005002,0.021028972521094147,1,-1,0.3333333333333333,0.00505
503,2020-01-23 09:39:46,N,AAPL,316.28,1.0,316.35,1.0,-1.0,0.0,2020-01-23 09:39:46.014640,316.48,316.53,1,0.07000000000005002,0.017757268826983363,1,1,0.0,0.00505
504,2020-01-23 09:39:48,N,AAPL,316.48,2.0,316.53,1.0,0.0,-1.0,2020-01-23 09:39:48.096531,316.5,316.56,0,0.049999999999954525,0.017491698311346227,1,-1,0.3333333333333333,0.00505
505,2020-01-23 09:39:49,N,AAPL,316.5,4.0,316.56,1.0,3.0,0.0,2020-01-23 09:39:49.005596,316.6,316.66,1,0.060000000000002274,0.01693394054058217,1,1,0.6,0.00505
506,2020-01-23 09:39:50,N,AAPL,316.6,2.0,316.66,2.0,1.0,1.0,2020-01-23 09:39:50.074788,316.63,316.68,0,0.060000000000002274,0.015673417510470244,1,1,0.0,0.00505
507,2020-01-23 09:39:51,N,AAPL,316.63,1.0,316.68,2.0,0.0,1.0,2020-01-23 09:39:51.347056,316.66,316.72,0,0.05000000000001137,0.01574893971411484,1,-1,-0.3333333333333333,0.00505
508,2020-01-23 09:39:52,N,AAPL,316.66,4.0,316.72,1.0,1.0,0.0,2020-01-23 09:39:52.015786,316.76,316.79,1,0.060000000000002274,0.01553810614672102,1,1,0.6,0.00505
509,2020-01-23 09:39:53,N,AAPL,316.76,4.0,316.79,1.0,-1.0,0.0,2020-01-23 09:39:53.047602,316.78,316.85,0,0.03000000000002956,0.012859338061446124,1,-1,0.6,0.00505
510,2020-01-23 09:39:54,N,AAPL,316.78,3.0,316.85,1.0,1.0,0.0,2020-01-23 09:39:54.413249,316.78,316.84,0,0.07000000000005002,0.010679717619439089,1,1,0.5,0.00505
511,2020-01-23 09:39:55,N,AAPL,316.78,2.0,316.84,1.0,1.0,0.0,2020-01-23 09:39:55.146359,316.81,316.88,0,0.060000000000002274,0.009518642717694092,1,-1,0.3333333333333333,0.00505
512,2020-01-23 09:39:56,N,AAPL,316.81,4.0,316.88,4.0,0.0,3.0,2020-01-23 09:39:56.022043,316.83,316.86,0,0.06999999999999318,0.01313240370194535,1,1,0.0,0.00505
513,2020-01-23 09:39:57,N,AAPL,316.83,2.0,316.86,1.0,1.0,-3.0,2020-01-23 09:39:57.466590,316.81,316.83,0,0.03000000000002956,0.009155154381289776,1,-1,0.3333333333333333,0.00505
514,2020-01-23 09:39:59,N,AAPL,316.81,2.0,316.83,6.0,0.0,5.0,2020-01-23 09:39:59.887936,316.72,316.77,-1,0.01999999999998181,0.010639979602274252,1,-1,-0.5,0.00505
515,2020-01-23 09:40:00,N,AAPL,316.72,1.0,316.77,1.0,-4.0,0.0,2020-01-23 09:40:00.000371,316.78,316.83,1,0.049999999999954525,0.04284342181813372,1,1,0.0,0.00505
516,2020-01-23 09:40:01,N,AAPL,316.78,4.0,316.83,2.0,3.0,0.0,2020-01-23 09:40:01.030070,316.79,316.83,0,0.05000000000001137,0.04156329921664792,1,1,0.3333333333333333,0.00505
517,2020-01-23 09:40:03,N,AAPL,316.79,1.0,316.83,2.0,0.0,0.0,2020-01-23 09:40:03.915920,316.8,316.85,0,0.03999999999996362,0.04126391023845599,1,-1,-0.3333333333333333,0.00505
518,2020-01-23 09:40:04,N,AAPL,316.8,1.0,316.85,1.0,-4.0,0.0,2020-01-23 09:40:04.135145,316.75,316.77,-1,0.05000000000001137,0.047601674560155516,1,1,0.0,0.00505
519,2020-01-23 09:40:05,N,AAPL,316.75,2.0,316.77,2.0,-3.0,0.0,2020-01-23 09:40:05.197494,316.72,316.77,0,0.01999999999998181,0.05157489069802068,1,-1,0.0,0.00505
520,2020-01-23 09:40:06,N,AAPL,316.72,2.0,316.77,1.0,1.0,0.0,2020-01-23 09:40:06.080743,316.75,316.83,0,0.049999999999954525,0.05050153807997049,1,1,0.3333333333333333,0.00505
521,2020-01-23 09:40:07,N,AAPL,316.75,1.0,316.83,3.0,0.0,1.0,2020-01-23 09:40:07.045666,316.67,316.73,-1,0.07999999999998408,0.05096243193850114,1,1,-0.5,0.00505
522,2020-01-23 09:40:08,N,AAPL,316.67,3.0,316.73,1.0,0.0,0.0,2020-01-23 09:40:08.783068,316.68,316.75,0,0.060000000000002274,0.04886638499817764,1,-1,0.5,0.00505
523,2020-01-23 09:40:09,N,AAPL,316.68,2.0,316.75,1.0,0.0,-1.0,2020-01-23 09:40:09.076838,316.71,316.78,0,0.06999999999999318,0.04695485070487848,1,1,0.3333333333333333,0.00505
524,2020-01-23 09:40:10,N,AAPL,316.71,1.0,316.78,2.0,-1.0,1.0,2020-01-23 09:40:10.000979,316.73,316.8,0,0.06999999999999318,0.04795461285135616,1,1,-0.3333333333333333,0.00505
525,2020-01-23 09:40:11,N,AAPL,316.73,2.0,316.8,1.0,1.0,-1.0,2020-01-23 09:40:11.706999,316.75,316.83,0,0.06999999999999318,0.04729091704751909,1,1,0.3333333333333333,0.00505
526,2020-01-23 09:40:12,N,AAPL,316.75,1.0,316.83,3.0,0.0,2.0,2020-01-23 09:40:12.785446,316.75,316.77,0,0.07999999999998408,0.04897936535462577,1,1,-0.5,0.00505
527,2020-01-23 09:40:13,N,AAPL,316.75,1.0,316.77,1.0,0.0,-2.0,2020-01-23 09:40:13.078427,316.8,316.84,1,0.01999999999998181,0.04754780352755006,1,-1,0.0,0.00505
528,2020-01-23 09:40:14,N,AAPL,316.8,2.0,316.84,2.0,1.0,-1.0,2020-01-23 09:40:14.570963,316.89,316.94,1,0.03999999999996362,0.0471358491419096,1,1,0.0,0.00505
529,2020-01-23 09:40:15,N,AAPL,316.89,1.0,316.94,1.0,0.0,-1.0,2020-01-23 09:40:15.217510,316.9,316.97,0,0.05000000000001137,0.04669216007908972,1,1,0.0,0.00505
530,2020-01-23 09:40:16,N,AAPL,316.9,2.0,316.97,2.0,1.0,0.0,2020-01-23 09:40:16.028712,316.84,316.9,0,0.07000000000005002,0.04674875406169576,1,1,0.0,0.00505
531,2020-01-23 09:40:17,N,AAPL,316.84,2.0,316.9,2.0,1.0,-1.0,2020-01-23 09:40:17.035975,316.86,316.91,0,0.060000000000002274,0.044052753672986,1,-1,0.0,0.00505
532,2020-01-23 09:40:18,N,AAPL,316.86,1.0,316.91,2.0,0.0,0.0,2020-01-23 09:40:18.177351,316.89,316.97,0,0.05000000000001137,0.04403103818589216,1,-1,-0.3333333333333333,0.00505
533,2020-01-23 09:40:19,N,AAPL,316.89,1.0,316.97,2.0,0.0,0.0,2020-01-23 09:40:19.005430,317.0,317.05,1,0.08000000000004093,0.04495147679324418,1,1,-0.3333333333333333,0.00505
534,2020-01-23 09:40:20,N,AAPL,317.0,1.0,317.05,1.0,0.0,-3.0,2020-01-23 09:40:20.045081,316.98,317.02,0,0.05000000000001137,0.046000582380372634,1,-1,0.0,0.00505
535,2020-01-23 09:40:21,N,AAPL,316.98,2.0,317.02,1.0,1.0,0.0,2020-01-23 09:40:21.052217,317.0,317.04,0,0.03999999999996362,0.046131354488920806,1,-1,0.3333333333333333,0.00505
536,2020-01-23 09:40:22,N,AAPL,317.0,1.0,317.04,1.0,0.0,0.0,2020-01-23 09:40:22.031065,317.1,317.16,1,0.040000000000020464,0.04502277802748722,1,1,0.0,0.00505
537,2020-01-23 09:40:23,N,AAPL,317.1,2.0,317.16,1.0,-1.0,0.0,2020-01-23 09:40:23.550290,317.01,317.07,-1,0.060000000000002274,0.044041443392927704,1,1,0.3333333333333333,0.00505
538,2020-01-23 09:40:24,N,AAPL,317.01,2.0,317.07,1.0,1.0,0.0,2020-01-23 09:40:24.071504,316.96,317.02,0,0.060000000000002274,0.04308225393947396,1,1,0.3333333333333333,0.00505
539,2020-01-23 09:40:25,N,AAPL,316.96,1.0,317.02,1.0,0.0,0.0,2020-01-23 09:40:25.013240,316.92,316.98,0,0.060000000000002274,0.042979380367967224,1,1,0.0,0.00505
540,2020-01-23 09:40:26,N,AAPL,316.92,1.0,316.98,1.0,0.0,0.0,2020-01-23 09:40:26.506782,316.91,316.98,0,0.060000000000002274,0.04287125392181679,1,1,0.0,0.00505
541,2020-01-23 09:40:27,N,AAPL,316.91,2.0,316.98,1.0,1.0,0.0,2020-01-23 09:40:27.056891,316.89,316.95,0,0.06999999999999318,0.04177080665817812,1,1,0.3333333333333333,0.00505
542,2020-01-23 09:40:28,N,AAPL,316.89,2.0,316.95,1.0,1.0,0.0,2020-01-23 09:40:28.476535,316.89,316.94,0,0.060000000000002274,0.040797816888527905,1,-1,0.3333333333333333,0.00505
543,2020-01-23 09:40:29,N,AAPL,316.89,2.0,316.94,1.0,-5.0,0.0,2020-01-23 09:40:29.413181,316.89,316.95,0,0.05000000000001137,0.04365814963108505,1,-1,0.3333333333333333,0.00505
544,2020-01-23 09:40:30,N,AAPL,316.89,2.0,316.95,1.0,-2.0,0.0,2020-01-23 09:40:30.063299,316.87,316.93,0,0.060000000000002274,0.043819042871405145,1,1,0.3333333333333333,0.00505
545,2020-01-23 09:40:31,N,AAPL,316.87,2.0,316.93,2.0,-1.0,1.0,2020-01-23 09:40:31.054599,316.88,316.91,0,0.060000000000002274,0.04511631010348083,1,1,0.0,0.00505
546,2020-01-23 09:40:33,N,AAPL,316.88,4.0,316.91,1.0,2.0,0.0,2020-01-23 09:40:33.150893,316.86,316.9,0,0.03000000000002956,0.043517843567087766,1,-1,0.6,0.00505
547,2020-01-23 09:40:34,N,AAPL,316.86,2.0,316.9,3.0,0.0,2.0,2020-01-23 09:40:34.505687,316.84,316.89,0,0.03999999999996362,0.04445427180507977,1,1,-0.2,0.00505
548,2020-01-23 09:40:35,N,AAPL,316.84,4.0,316.89,1.0,0.0,0.0,2020-01-23 09:40:35.152773,316.85,316.87,0,0.05000000000001137,0.04248758339520009,1,1,0.6,0.00505
549,2020-01-23 09:40:36,N,AAPL,316.85,1.0,316.87,1.0,0.0,0.0,2020-01-23 09:40:36.154582,316.7,316.76,-1,0.01999999999998181,0.042282317506817435,1,-1,0.0,0.00505
550,2020-01-23 09:40:37,N,AAPL,316.7,2.0,316.76,1.0,0.0,0.0,2020-01-23 09:40:37.217605,316.71,316.77,0,0.060000000000002274,0.042146290667687936,1,1,0.3333333333333333,0.00505
551,2020-01-23 09:40:38,N,AAPL,316.71,1.0,316.77,2.0,-1.0,1.0,2020-01-23 09:40:38.102450,316.81,316.92,1,0.060000000000002274,0.042709971349552234,1,1,-0.3333333333333333,0.00505
552,2020-01-23 09:40:39,N,AAPL,316.81,2.0,316.92,1.0,1.0,0.0,2020-01-23 09:40:39.114184,316.8,316.85,0,0.11000000000001364,0.042125411744507346,1,1,0.3333333333333333,0.00505
553,2020-01-23 09:40:40,N,AAPL,316.8,1.0,316.85,1.0,0.0,0.0,2020-01-23 09:40:40.727714,316.8,316.85,0,0.05000000000001137,0.042182370820910364,1,-1,0.0,0.00505
554,2020-01-23 09:40:41,N,AAPL,316.8,3.0,316.85,1.0,2.0,0.0,2020-01-23 09:40:41.727116,316.8,316.85,0,0.05000000000001137,0.040842769305982074,1,1,0.5,0.00505
555,2020-01-23 09:40:42,N,AAPL,316.8,1.0,316.85,1.0,-3.0,0.0,2020-01-23 09:40:42.132711,316.8,316.85,0,0.05000000000001137,0.04076940807601659,1,1,0.0,0.00505
556,2020-01-23 09:40:43,N,AAPL,316.8,4.0,316.85,1.0,2.0,0.0,2020-01-23 09:40:43.122050,316.85,316.92,0,0.05000000000001137,0.03924840202790847,1,1,0.6,0.00505
557,2020-01-23 09:40:44,N,AAPL,316.85,4.0,316.92,2.0,-1.0,1.0,2020-01-23 09:40:44.324432,316.85,316.91,0,0.06999999999999318,0.038493317385587034,1,1,0.3333333333333333,0.00505
558,2020-01-23 09:40:45,N,AAPL,316.85,2.0,316.91,1.0,0.0,0.0,2020-01-23 09:40:45.374936,316.88,316.91,0,0.060000000000002274,0.0379522543304347,1,-1,0.3333333333333333,0.00505
559,2020-01-23 09:40:46,N,AAPL,316.88,1.0,316.91,1.0,-1.0,0.0,2020-01-23 09:40:46.029269,316.88,316.94,0,0.03000000000002956,0.03771050154495015,1,-1,0.0,0.00505
560,2020-01-23 09:40:47,N,AAPL,316.88,5.0,316.94,1.0,1.0,-1.0,2020-01-23 09:40:47.021419,316.86,316.93,0,0.060000000000002274,0.03496683476464568,1,1,0.6666666666666666,0.00505
561,2020-01-23 09:40:48,N,AAPL,316.86,2.0,316.93,2.0,0.0,1.0,2020-01-23 09:40:48.158288,316.82,316.88,0,0.06999999999999318,0.03605179736098307,1,1,0.0,0.00505
562,2020-01-23 09:40:49,N,AAPL,316.82,31.0,316.88,2.0,0.0,1.0,2020-01-23 09:40:49.202979,316.79,316.84,0,0.060000000000002274,0.01907257991086908,1,-1,0.8787878787878788,0.00505
563,2020-01-23 09:40:50,N,AAPL,316.79,4.0,316.84,1.0,2.0,0.0,2020-01-23 09:40:50.631376,316.75,316.8,0,0.049999999999954525,0.017607283152131004,1,-1,0.6,0.00587
564,2020-01-23 09:40:51,N,AAPL,316.75,1.0,316.8,4.0,-1.0,3.0,2020-01-23 09:40:51.063522,316.7,316.75,0,0.05000000000001137,0.019296330024701547,1,1,-0.6,0.00587
565,2020-01-23 09:40:52,N,AAPL,316.7,4.0,316.75,1.0,2.0,0.0,2020-01-23 09:40:52.349760,316.69,316.75,0,0.05000000000001137,0.01790147881700932,1,1,0.6,0.00587
566,2020-01-23 09:40:53,N,AAPL,316.69,3.0,316.75,1.0,2.0,0.0,2020-01-23 09:40:53.000193,316.76,316.84,1,0.060000000000002274,0.017223217562900572,1,1,0.5,0.00587
567,2020-01-23 09:40:54,N,AAPL,316.76,1.0,316.84,1.0,0.0,-1.0,2020-01-23 09:40:54.282523,316.72,316.78,0,0.07999999999998408,0.017722332312530398,1,1,0.0,0.00587
568,2020-01-23 09:40:55,N,AAPL,316.72,1.0,316.78,2.0,-1.0,0.0,2020-01-23 09:40:55.073721,316.76,316.83,0,0.05999999999994543,0.01931785540261899,1,-1,-0.3333333333333333,0.00587
569,2020-01-23 09:40:56,N,AAPL,316.76,4.0,316.83,2.0,3.0,0.0,2020-01-23 09:40:56.715260,316.74,316.83,0,0.06999999999999318,0.018898417558091296,1,1,0.3333333333333333,0.00587
570,2020-01-23 09:40:57,N,AAPL,316.74,2.0,316.83,2.0,1.0,0.0,2020-01-23 09:40:57.008722,316.65,316.71,-1,0.08999999999997499,0.01895648454063803,1,1,0.0,0.00587
571,2020-01-23 09:40:58,N,AAPL,316.65,1.0,316.71,1.0,0.0,0.0,2020-01-23 09:40:58.587768,316.66,316.72,0,0.060000000000002274,0.01899941590909293,1,-1,0.0,0.00587
572,2020-01-23 09:41:00,N,AAPL,316.66,4.0,316.72,3.0,3.0,2.0,2020-01-23 09:41:00.008877,316.64,316.69,0,0.060000000000002274,0.01867117378799321,1,1,0.14285714285714285,0.00587
573,2020-01-23 09:41:01,N,AAPL,316.64,2.0,316.69,1.0,1.0,0.0,2020-01-23 09:41:01.006642,316.68,316.72,0,0.05000000000001137,0.020042685469547905,1,-1,0.3333333333333333,0.00587
574,2020-01-23 09:41:02,N,AAPL,316.68,1.0,316.72,3.0,0.0,1.0,2020-01-23 09:41:02.053816,316.65,316.7,0,0.040000000000020464,0.02047522602384788,1,-1,-0.5,0.00587
575,2020-01-23 09:41:03,N,AAPL,316.65,1.0,316.7,1.0,-2.0,0.0,2020-01-23 09:41:03.130814,316.65,316.71,0,0.05000000000001137,0.020042430115040588,1,1,0.0,0.00587
576,2020-01-23 09:41:04,N,AAPL,316.65,3.0,316.71,1.0,2.0,0.0,2020-01-23 09:41:04.006468,316.68,316.74,0,0.060000000000002274,0.019501515260003544,1,1,0.5,0.00587
577,2020-01-23 09:41:05,N,AAPL,316.68,2.0,316.74,1.0,-2.0,0.0,2020-01-23 09:41:05.041201,316.7,316.76,0,0.060000000000002274,0.019256614914013426,1,1,0.3333333333333333,0.00587
578,2020-01-23 09:41:06,N,AAPL,316.7,4.0,316.76,1.0,3.0,-1.0,2020-01-23 09:41:06.021141,316.71,316.75,0,0.060000000000002274,0.018098058118766858,1,1,0.6,0.00587
579,2020-01-23 09:41:07,N,AAPL,316.71,1.0,316.75,1.0,-1.0,0.0,2020-01-23 09:41:07.052140,316.7,316.75,0,0.040000000000020464,0.018083248633786297,1,-1,0.0,0.00587
580,2020-01-23 09:41:08,N,AAPL,316.7,1.0,316.75,1.0,0.0,0.0,2020-01-23 09:41:08.019162,316.69,316.74,0,0.05000000000001137,0.017753015716721166,1,1,0.0,0.00587
581,2020-01-23 09:41:10,N,AAPL,316.69,1.0,316.74,1.0,0.0,0.0,2020-01-23 09:41:10.017827,316.67,316.71,0,0.05000000000001137,0.017214234751179447,1,1,0.0,0.00587
582,2020-01-23 09:41:11,N,AAPL,316.67,2.0,316.71,1.0,0.0,-2.0,2020-01-23 09:41:11.392570,316.6,316.65,-1,0.03999999999996362,0.01676708088388068,1,-1,0.3333333333333333,0.00587
583,2020-01-23 09:41:12,N,AAPL,316.6,2.0,316.65,1.0,1.0,0.0,2020-01-23 09:41:12.154937,316.56,316.61,0,0.049999999999954525,0.016568952171098772,1,1,0.3333333333333333,0.00587
584,2020-01-23 09:41:13,N,AAPL,316.56,2.0,316.61,1.0,0.0,-1.0,2020-01-23 09:41:13.710487,316.56,316.61,0,0.05000000000001137,0.016268867819007937,1,1,0.3333333333333333,0.00587
585,2020-01-23 09:41:14,N,AAPL,316.56,1.0,316.61,1.0,0.0,0.0,2020-01-23 09:41:14.017437,316.53,316.59,0,0.05000000000001137,0.01655651677918968,1,1,0.0,0.00587
586,2020-01-23 09:41:15,N,AAPL,316.53,1.0,316.59,1.0,-1.0,0.0,2020-01-23 09:41:15.320600,316.54,316.59,0,0.060000000000002274,0.016563901345307386,1,1,0.0,0.00587
587,2020-01-23 09:41:16,N,AAPL,316.54,1.0,316.59,2.0,0.0,1.0,2020-01-23 09:41:16.258736,316.53,316.56,0,0.049999999999954525,0.016898834907010496,1,-1,-0.3333333333333333,0.00587
588,2020-01-23 09:41:17,N,AAPL,316.53,4.0,316.56,1.0,3.0,0.0,2020-01-23 09:41:17.813300,316.58,316.64,1,0.03000000000002956,0.016411348593635466,1,-1,0.6,0.00587
589,2020-01-23 09:41:18,N,AAPL,316.58,2.0,316.64,1.0,1.0,0.0,2020-01-23 09:41:18.006793,316.58,316.64,0,0.060000000000002274,0.016229062322452137,1,1,0.3333333333333333,0.00587
590,2020-01-23 09:41:19,N,AAPL,316.58,2.0,316.64,2.0,0.0,0.0,2020-01-23 09:41:19.264854,316.62,316.7,0,0.060000000000002274,0.01639194838395497,1,1,0.0,0.00587
591,2020-01-23 09:41:20,N,AAPL,316.62,1.0,316.7,2.0,0.0,1.0,2020-01-23 09:41:20.491446,316.65,316.66,0,0.07999999999998408,0.016484695168173857,1,1,-0.3333333333333333,0.00587
