,last_interval,Exchange,Symbol,Best_Bid_Price,FB0,Best_Offer_Price,FA0,FB2,FA2,p_time,Next_Best_Bid,Next_Best_Offer,outcome,Spread,AWS,Anomaly,Spread Change,Quote IMB,VPIN
0,2020-01-02 09:30:05,N,AAPL,296.14,4.0,296.19,4.0,2.0,2.0,2020-01-02 09:30:05.489204,296.03,296.07,-1,0.05000000000001137,0.05000000000001137,0,0,0.0,0.00031
1,2020-01-02 09:30:06,N,AAPL,296.03,1.0,296.07,4.0,0.0,2.0,2020-01-02 09:30:06.278858,295.65,295.74,-1,0.040000000000020464,0.012000000000000455,0,-1,-0.6,0.00031
2,2020-01-02 09:30:14,N,AAPL,295.65,6.0,295.74,1.0,5.0,-3.0,2020-01-02 09:30:14.710996,295.52,295.63,-1,0.09000000000003183,0.22393939393941764,1,1,0.7142857142857143,0.00031
3,2020-01-02 09:30:17,N,AAPL,295.52,3.0,295.63,1.0,2.0,0.0,2020-01-02 09:30:17.317319,295.54,295.68,0,0.11000000000001364,0.2517142857143426,1,1,0.5,0.00031
4,2020-01-02 09:30:28,N,AAPL,295.54,2.0,295.68,1.0,-1.0,0.0,2020-01-02 09:30:28.784184,295.62,295.69,0,0.13999999999998636,0.25005681818186076,1,1,0.3333333333333333,0.00031
5,2020-01-02 09:30:29,N,AAPL,295.62,1.0,295.69,2.0,0.0,1.0,2020-01-02 09:30:29.169562,295.67,295.79,0,0.06999999999999318,0.20923076923082817,0,-1,-0.3333333333333333,0.00031
6,2020-01-02 09:30:34,N,AAPL,295.67,2.0,295.79,1.0,0.0,0.0,2020-01-02 09:30:34.896431,295.71,295.82,0,0.12000000000000455,0.2055639097744688,0,1,0.3333333333333333,0.00031
7,2020-01-02 09:30:35,N,AAPL,295.71,1.0,295.82,2.0,0.0,0.0,2020-01-02 09:30:35.039662,295.78,295.86,0,0.11000000000001364,0.19125000000008185,0,-1,-0.3333333333333333,0.00031
8,2020-01-02 09:30:36,N,AAPL,295.78,2.0,295.86,2.0,1.0,-2.0,2020-01-02 09:30:36.001904,295.75,295.82,0,0.08000000000004093,0.17969696969709048,0,-1,0.0,0.00031
9,2020-01-02 09:30:39,N,AAPL,295.75,2.0,295.82,4.0,-1.0,3.0,2020-01-02 09:30:39.045859,295.73,295.76,0,0.06999999999999318,0.1603787878788694,0,-1,-0.3333333333333333,0.00031
10,2020-01-02 09:30:42,N,AAPL,295.73,1.0,295.76,2.0,-1.0,-2.0,2020-01-02 09:30:42.022349,295.75,295.81,0,0.029999999999972715,0.148900000000026,0,-1,-0.3333333333333333,0.00031
11,2020-01-02 09:30:43,N,AAPL,295.75,1.0,295.81,7.0,0.0,5.0,2020-01-02 09:30:43.021394,295.76,295.8,0,0.060000000000002274,0.13002481389582954,0,1,-0.75,0.00031
12,2020-01-02 09:30:45,N,AAPL,295.76,3.0,295.8,2.0,1.0,1.0,2020-01-02 09:30:45.339249,295.74,295.8,0,0.040000000000020464,0.12387669801466927,1,-1,0.2,0.00031
13,2020-01-02 09:30:46,N,AAPL,295.74,1.0,295.8,4.0,0.0,-33.0,2020-01-02 09:30:46.034987,295.77,295.81,0,0.060000000000002274,0.11655855855860864,1,1,-0.6,0.00031
14,2020-01-02 09:30:47,N,AAPL,295.77,3.0,295.81,6.0,-2.0,-31.0,2020-01-02 09:30:47.290570,295.86,295.92,1,0.040000000000020464,0.10707540521502779,1,-1,-0.3333333333333333,0.00031
15,2020-01-02 09:30:48,N,AAPL,295.86,2.0,295.92,1.0,1.0,-2.0,2020-01-02 09:30:48.601657,295.81,295.87,0,0.060000000000002274,0.10213636363641854,1,1,0.3333333333333333,0.00031
16,2020-01-02 09:30:49,N,AAPL,295.81,2.0,295.87,3.0,1.0,2.0,2020-01-02 09:30:49.210460,295.84,295.9,0,0.060000000000002274,0.09999424956868097,1,1,-0.2,0.00031
17,2020-01-02 09:30:50,N,AAPL,295.84,2.0,295.9,1.0,1.0,0.0,2020-01-02 09:30:50.039620,295.83,295.91,0,0.060000000000002274,0.09663461538457341,1,1,0.3333333333333333,0.00031
18,2020-01-02 09:30:51,N,AAPL,295.83,11.0,295.91,4.0,5.0,3.0,2020-01-02 09:30:51.831976,295.83,295.91,0,0.08000000000004093,0.08552307692309569,1,1,0.4666666666666667,0.00031
19,2020-01-02 09:30:52,N,AAPL,295.83,11.0,295.91,1.0,0.0,-1.0,2020-01-02 09:30:52.212856,295.88,295.92,0,0.08000000000004093,0.07676461490876818,1,1,0.8333333333333334,0.00031
20,2020-01-02 09:30:53,N,AAPL,295.88,2.0,295.92,1.0,-9.0,0.0,2020-01-02 09:30:53.519973,295.82,295.87,-1,0.040000000000020464,0.07484126984127215,1,-1,0.3333333333333333,0.00031
21,2020-01-02 09:30:55,N,AAPL,295.82,2.0,295.87,2.0,0.0,1.0,2020-01-02 09:30:55.832868,295.74,295.81,-1,0.05000000000001137,0.07410714285714448,1,1,0.0,0.00031
22,2020-01-02 09:30:57,N,AAPL,295.74,2.0,295.81,3.0,1.0,2.0,2020-01-02 09:30:57.493968,295.74,295.8,0,0.06999999999999318,0.07284846951682766,1,1,-0.2,0.00031
23,2020-01-02 09:30:59,N,AAPL,295.74,2.0,295.8,1.0,0.0,-1.0,2020-01-02 09:30:59.367432,295.7,295.75,0,0.060000000000002274,0.0732318840579751,1,-1,0.3333333333333333,0.00031
24,2020-01-02 09:31:00,N,AAPL,295.7,1.0,295.75,2.0,0.0,0.0,2020-01-02 09:31:00.012426,295.63,295.72,0,0.05000000000001137,0.07091705069120735,1,-1,-0.3333333333333333,0.00031
25,2020-01-02 09:31:01,N,AAPL,295.63,6.0,295.72,2.0,4.0,0.0,2020-01-02 09:31:01.328937,295.69,295.75,0,0.09000000000003183,0.07894736842104066,1,1,0.5,0.00031
26,2020-01-02 09:31:02,N,AAPL,295.69,2.0,295.75,2.0,-1.0,0.0,2020-01-02 09:31:02.497931,295.69,295.76,0,0.060000000000002274,0.07798368298369951,1,-1,0.0,0.00031
27,2020-01-02 09:31:03,N,AAPL,295.69,10.0,295.76,3.0,7.0,2.0,2020-01-02 09:31:03.258547,295.67,295.71,0,0.06999999999999318,0.08334815546766094,1,1,0.5384615384615384,0.00031
28,2020-01-02 09:31:04,N,AAPL,295.67,2.0,295.71,2.0,-8.0,-1.0,2020-01-02 09:31:04.184381,295.64,295.73,0,0.03999999999996362,0.08157902973391629,1,-1,0.0,0.00031
29,2020-01-02 09:31:05,N,AAPL,295.64,3.0,295.73,1.0,0.0,-1.0,2020-01-02 09:31:05.029024,295.66,295.71,0,0.09000000000003183,0.08390232974903711,1,1,0.5,0.00031
30,2020-01-02 09:31:06,N,AAPL,295.66,1.0,295.71,1.0,0.0,0.0,2020-01-02 09:31:06.134486,295.7,295.74,0,0.049999999999954525,0.08314339842604568,1,-1,0.0,0.00031
31,2020-01-02 09:31:07,N,AAPL,295.7,1.0,295.74,2.0,0.0,1.0,2020-01-02 09:31:07.073901,295.74,295.79,0,0.040000000000020464,0.08110175438599754,1,-1,-0.3333333333333333,0.00031
32,2020-01-02 09:31:08,N,AAPL,295.74,1.0,295.79,1.0,0.0,0.0,2020-01-02 09:31:08.074821,295.8,295.86,1,0.05000000000001137,0.08065241228069908,1,1,0.0,0.00031
33,2020-01-02 09:31:09,N,AAPL,295.8,1.0,295.86,2.0,-1.0,1.0,2020-01-02 09:31:09.092888,295.89,295.94,1,0.060000000000002274,0.08082077716102276,1,1,-0.3333333333333333,0.00031
34,2020-01-02 09:31:10,N,AAPL,295.89,2.0,295.94,5.0,0.0,3.0,2020-01-02 09:31:10.684075,295.85,295.89,0,0.05000000000001137,0.084371425094389,1,-1,-0.42857142857142855,0.00031
35,2020-01-02 09:31:11,N,AAPL,295.85,1.0,295.89,4.0,-1.0,-3.0,2020-01-02 09:31:11.900925,295.83,295.87,0,0.03999999999996362,0.08565287356333329,1,-1,-0.6,0.00031
36,2020-01-02 09:31:14,N,AAPL,295.83,3.0,295.87,1.0,2.0,-1.0,2020-01-02 09:31:14.253478,295.76,295.82,-1,0.040000000000020464,0.08386584289502252,1,1,0.5,0.00036
37,2020-01-02 09:31:15,N,AAPL,295.76,6.0,295.82,3.0,5.0,0.0,2020-01-02 09:31:15.264478,295.78,295.84,0,0.060000000000002274,0.08309406190141999,1,1,0.3333333333333333,0.00036
38,2020-01-02 09:31:16,N,AAPL,295.78,1.0,295.84,5.0,-1.0,4.0,2020-01-02 09:31:16.196505,295.72,295.75,-1,0.060000000000002274,0.08272348484848635,1,1,-0.6666666666666666,0.00036
39,2020-01-02 09:31:18,N,AAPL,295.72,7.0,295.75,2.0,6.0,0.0,2020-01-02 09:31:18.166764,295.67,295.73,0,0.029999999999972715,0.08325658468521624,1,-1,0.5555555555555556,0.00036
40,2020-01-02 09:31:19,N,AAPL,295.67,1.0,295.73,2.0,0.0,0.0,2020-01-02 09:31:19.057134,295.71,295.75,0,0.060000000000002274,0.08177288135601657,1,1,-0.3333333333333333,0.00036
41,2020-01-02 09:31:20,N,AAPL,295.71,2.0,295.75,2.0,1.0,0.0,2020-01-02 09:31:20.878410,295.72,295.77,0,0.040000000000020464,0.08081372549031585,1,-1,0.0,0.00036
42,2020-01-02 09:31:21,N,AAPL,295.72,1.0,295.77,2.0,-1.0,1.0,2020-01-02 09:31:21.052979,295.77,295.82,0,0.049999999999954525,0.07981722822643178,1,1,-0.3333333333333333,0.00036
43,2020-01-02 09:31:22,N,AAPL,295.77,4.0,295.82,9.0,2.0,7.0,2020-01-02 09:31:22.337638,295.75,295.79,0,0.05000000000001137,0.07808424778767176,1,1,-0.38461538461538464,0.00036
44,2020-01-02 09:31:23,N,AAPL,295.75,4.0,295.79,1.0,1.0,0.0,2020-01-02 09:31:23.223947,295.75,295.82,0,0.040000000000020464,0.07790493676054666,1,-1,0.6,0.00036
45,2020-01-02 09:31:24,N,AAPL,295.75,4.0,295.82,28.0,1.0,27.0,2020-01-02 09:31:24.031168,295.76,295.82,0,0.06999999999999318,0.07521920999687381,1,1,-0.75,0.00036
46,2020-01-02 09:31:25,N,AAPL,295.76,2.0,295.82,3.0,-2.0,1.0,2020-01-02 09:31:25.388111,295.76,295.8,0,0.060000000000002274,0.0749246487867481,1,-1,-0.2,0.00036
47,2020-01-02 09:31:26,N,AAPL,295.76,2.0,295.8,2.0,0.0,0.0,2020-01-02 09:31:26.762409,295.75,295.79,0,0.040000000000020464,0.07444609960771231,1,-1,0.0,0.00036
48,2020-01-02 09:31:27,N,AAPL,295.75,4.0,295.79,1.0,0.0,-1.0,2020-01-02 09:31:27.000006,295.67,295.73,-1,0.040000000000020464,0.07435691010164192,1,1,0.6,0.00036
49,2020-01-02 09:31:28,N,AAPL,295.67,2.0,295.73,2.0,0.0,1.0,2020-01-02 09:31:28.782832,295.62,295.67,0,0.060000000000002274,0.07422191142194379,1,1,0.0,0.00036
50,2020-01-02 09:31:29,N,AAPL,295.62,2.0,295.67,1.0,0.0,-1.0,2020-01-02 09:31:29.309442,295.59,295.62,0,0.05000000000001137,0.07503128568168904,1,-1,0.3333333333333333,0.00036
51,2020-01-02 09:31:31,N,AAPL,295.59,2.0,295.62,2.0,-1.0,0.0,2020-01-02 09:31:31.090720,295.53,295.59,0,0.03000000000002956,0.07452981192483321,1,-1,0.0,0.00036
52,2020-01-02 09:31:32,N,AAPL,295.53,3.0,295.59,3.0,2.0,1.0,2020-01-02 09:31:32.040411,295.52,295.59,0,0.060000000000002274,0.07442051282055218,1,1,0.0,0.00036
53,2020-01-02 09:31:33,N,AAPL,295.52,4.0,295.59,5.0,2.0,3.0,2020-01-02 09:31:33.176218,295.49,295.53,0,0.06999999999999318,0.07313099943536372,1,1,-0.1111111111111111,0.00036
54,2020-01-02 09:31:34,N,AAPL,295.49,2.0,295.53,1.0,-2.0,-4.0,2020-01-02 09:31:34.562323,295.39,295.43,-1,0.03999999999996362,0.07459401709400026,1,-1,0.3333333333333333,0.00036
55,2020-01-02 09:31:35,N,AAPL,295.39,1.0,295.43,2.0,-1.0,1.0,2020-01-02 09:31:35.248801,295.4,295.46,0,0.040000000000020464,0.07214696287087463,1,1,-0.3333333333333333,0.00036
56,2020-01-02 09:31:36,N,AAPL,295.4,17.0,295.46,1.0,0.0,-3.0,2020-01-02 09:31:36.079270,295.37,295.42,0,0.060000000000002274,0.10281086729355593,0,1,0.8888888888888888,0.00036
57,2020-01-02 09:31:37,N,AAPL,295.37,3.0,295.42,2.0,1.0,1.0,2020-01-02 09:31:37.682129,295.38,295.42,0,0.05000000000001137,0.10383267363573623,0,-1,0.2,0.00036
58,2020-01-02 09:31:38,N,AAPL,295.38,1.0,295.42,2.0,-28.0,-1.0,2020-01-02 09:31:38.683472,295.33,295.36,-1,0.040000000000020464,0.10110664184554707,0,-1,-0.3333333333333333,0.00036
59,2020-01-02 09:31:39,N,AAPL,295.33,1.0,295.36,2.0,-2.0,1.0,2020-01-02 09:31:39.283513,295.34,295.39,0,0.03000000000002956,0.09804371263345502,0,-1,-0.3333333333333333,0.00036
60,2020-01-02 09:31:40,N,AAPL,295.34,1.0,295.39,3.0,0.0,1.0,2020-01-02 09:31:40.061661,295.38,295.41,0,0.05000000000001137,0.09308812260530885,0,1,-0.5,0.00036
61,2020-01-02 09:31:41,N,AAPL,295.38,2.0,295.41,2.0,0.0,1.0,2020-01-02 09:31:41.014659,295.37,295.41,0,0.03000000000002956,0.09225462037954912,0,-1,0.0,0.00036
62,2020-01-02 09:31:42,N,AAPL,295.37,10.0,295.41,4.0,8.0,2.0,2020-01-02 09:31:42.074155,295.41,295.45,0,0.040000000000020464,0.10058333333330438,0,1,0.42857142857142855,0.00036
63,2020-01-02 09:31:43,N,AAPL,295.41,2.0,295.45,4.0,0.0,1.0,2020-01-02 09:31:43.184490,295.43,295.48,0,0.03999999999996362,0.09628025549079666,0,-1,-0.3333333333333333,0.00045
64,2020-01-02 09:31:44,N,AAPL,295.43,3.0,295.48,1.0,1.0,0.0,2020-01-02 09:31:44.303769,295.35,295.41,-1,0.05000000000001137,0.098373439429281,0,1,0.5,0.00045
65,2020-01-02 09:31:45,N,AAPL,295.35,2.0,295.41,1.0,0.0,-2.0,2020-01-02 09:31:45.665575,295.37,295.41,0,0.060000000000002274,0.09963905549250285,0,1,0.3333333333333333,0.00045
66,2020-01-02 09:31:46,N,AAPL,295.37,1.0,295.41,2.0,0.0,0.0,2020-01-02 09:31:46.715349,295.39,295.44,0,0.040000000000020464,0.09735957446810062,0,-1,-0.3333333333333333,0.00045
67,2020-01-02 09:31:47,N,AAPL,295.39,1.0,295.44,4.0,-1.0,2.0,2020-01-02 09:31:47.528316,295.35,295.42,0,0.05000000000001137,0.0920864427861261,0,1,-0.6,0.00045
68,2020-01-02 09:31:48,N,AAPL,295.35,1.0,295.42,1.0,-3.0,-1.0,2020-01-02 09:31:48.359844,295.38,295.43,0,0.06999999999999318,0.09190068229628423,0,1,0.0,0.00045
69,2020-01-02 09:31:49,N,AAPL,295.38,6.0,295.43,1.0,4.0,-1.0,2020-01-02 09:31:49.074231,295.44,295.49,1,0.05000000000001137,0.09825733544812465,0,-1,0.7142857142857143,0.00045
70,2020-01-02 09:31:50,N,AAPL,295.44,2.0,295.49,4.0,0.0,2.0,2020-01-02 09:31:50.338615,295.51,295.56,1,0.05000000000001137,0.0950461760462531,0,1,-0.3333333333333333,0.00045
71,2020-01-02 09:31:51,N,AAPL,295.51,2.0,295.56,2.0,0.0,0.0,2020-01-02 09:31:51.029114,295.49,295.53,0,0.05000000000001137,0.09451792452836116,0,1,0.0,0.00045
72,2020-01-02 09:31:53,N,AAPL,295.49,2.0,295.53,2.0,0.0,0.0,2020-01-02 09:31:53.132260,295.48,295.52,0,0.03999999999996362,0.09389145923938713,0,-1,0.0,0.00045
73,2020-01-02 09:31:54,N,AAPL,295.48,4.0,295.52,1.0,3.0,-1.0,2020-01-02 09:31:54.409972,295.48,295.52,0,0.03999999999996362,0.09583630858230663,0,1,0.6,0.00045
74,2020-01-02 09:31:55,N,AAPL,295.48,1.0,295.52,4.0,0.0,2.0,2020-01-02 09:31:55.113309,295.48,295.53,0,0.03999999999996362,0.09237178214550568,0,1,-0.6,0.00045
75,2020-01-02 09:31:56,N,AAPL,295.48,2.0,295.53,1.0,1.0,-1.0,2020-01-02 09:31:56.188922,295.5,295.53,0,0.049999999999954525,0.09285067873310027,0,1,0.3333333333333333,0.00045
76,2020-01-02 09:31:57,N,AAPL,295.5,2.0,295.53,2.0,0.0,0.0,2020-01-02 09:31:57.274988,295.48,295.53,0,0.029999999999972715,0.09217467435405524,0,-1,0.0,0.00045
77,2020-01-02 09:31:58,N,AAPL,295.48,1.0,295.53,3.0,-2.0,2.0,2020-01-02 09:31:58.268544,295.49,295.53,0,0.049999999999954525,0.09005868544602436,1,1,-0.5,0.00045
78,2020-01-02 09:31:59,N,AAPL,295.49,3.0,295.53,2.0,1.0,1.0,2020-01-02 09:31:59.193104,295.49,295.52,0,0.03999999999996362,0.09017026943962492,0,-1,0.2,0.00045
79,2020-01-02 09:32:00,N,AAPL,295.49,3.0,295.52,4.0,0.0,3.0,2020-01-02 09:32:00.020308,295.45,295.5,0,0.029999999999972715,0.08831129640657309,1,-1,-0.14285714285714285,0.00045
80,2020-01-02 09:32:01,N,AAPL,295.45,1.0,295.5,3.0,-1.0,1.0,2020-01-02 09:32:01.020332,295.41,295.49,0,0.05000000000001137,0.0861068211067959,1,1,-0.5,0.00045
81,2020-01-02 09:32:02,N,AAPL,295.41,2.0,295.49,2.0,-1.0,0.0,2020-01-02 09:32:02.060306,295.4,295.43,0,0.07999999999998408,0.08597543684851416,1,1,0.0,0.00045
82,2020-01-02 09:32:03,N,AAPL,295.4,1.0,295.43,1.0,-3.0,0.0,2020-01-02 09:32:03.545316,295.4,295.46,0,0.03000000000002956,0.08568717948713811,1,-1,0.0,0.00045
83,2020-01-02 09:32:04,N,AAPL,295.4,1.0,295.46,2.0,0.0,0.0,2020-01-02 09:32:04.033828,295.39,295.46,0,0.060000000000002274,0.0844133470802717,1,1,-0.3333333333333333,0.00045
84,2020-01-02 09:32:05,N,AAPL,295.39,4.0,295.46,1.0,2.0,-1.0,2020-01-02 09:32:05.197063,295.44,295.48,0,0.06999999999999318,0.08730162225646154,1,1,0.6,0.00045
85,2020-01-02 09:32:06,N,AAPL,295.44,2.0,295.48,17.0,-2.0,16.0,2020-01-02 09:32:06.080817,295.48,295.5,0,0.040000000000020464,0.07271928190363042,1,-1,-0.7894736842105263,0.00045
86,2020-01-02 09:32:07,N,AAPL,295.48,3.0,295.5,1.0,0.0,0.0,2020-01-02 09:32:07.829073,295.45,295.48,0,0.01999999999998181,0.07368552578964227,1,-1,0.5,0.00045
87,2020-01-02 09:32:08,N,AAPL,295.45,4.0,295.48,1.0,-3.0,-1.0,2020-01-02 09:32:08.293452,295.42,295.49,0,0.03000000000002956,0.07558263680289201,1,1,0.6,0.00045
88,2020-01-02 09:32:09,N,AAPL,295.42,3.0,295.49,2.0,0.0,-1.0,2020-01-02 09:32:09.007555,295.39,295.44,0,0.06999999999999318,0.0763175410805843,1,1,0.2,0.00045
89,2020-01-02 09:32:10,N,AAPL,295.39,2.0,295.44,3.0,1.0,1.0,2020-01-02 09:32:10.058697,295.38,295.47,0,0.05000000000001137,0.07509818683735148,1,-1,-0.2,0.00045
90,2020-01-02 09:32:11,N,AAPL,295.38,2.0,295.47,1.0,0.0,-3.0,2020-01-02 09:32:11.071946,295.38,295.46,0,0.09000000000003183,0.07607037123148075,1,1,0.3333333333333333,0.00045
91,2020-01-02 09:32:12,N,AAPL,295.38,2.0,295.46,2.0,0.0,0.0,2020-01-02 09:32:12.115836,295.3,295.34,-1,0.07999999999998408,0.07608697642484685,1,-1,0.0,0.00045
92,2020-01-02 09:32:13,N,AAPL,295.3,8.0,295.34,4.0,7.0,1.0,2020-01-02 09:32:13.186878,295.27,295.34,0,0.03999999999996362,0.08011655860718747,1,-1,0.3333333333333333,0.00045
93,2020-01-02 09:32:14,N,AAPL,295.27,2.0,295.34,4.0,0.0,3.0,2020-01-02 09:32:14.312928,295.22,295.25,-1,0.06999999999999318,0.07740248643574432,1,1,-0.3333333333333333,0.00045
94,2020-01-02 09:32:16,N,AAPL,295.22,2.0,295.25,1.0,-4.0,0.0,2020-01-02 09:32:16.006946,295.22,295.28,0,0.029999999999972715,0.07860594795550924,1,-1,0.3333333333333333,0.00045
95,2020-01-02 09:32:17,N,AAPL,295.22,4.0,295.28,4.0,2.0,3.0,2020-01-02 09:32:17.544612,295.24,295.3,0,0.05999999999994543,0.07822535673284392,1,1,0.0,0.00045
96,2020-01-02 09:32:18,N,AAPL,295.24,5.0,295.3,2.0,3.0,-3.0,2020-01-02 09:32:18.391228,295.27,295.31,0,0.060000000000002274,0.08180202504672707,1,1,0.42857142857142855,0.00045
97,2020-01-02 09:32:19,N,AAPL,295.27,2.0,295.31,1.0,0.0,0.0,2020-01-02 09:32:19.215015,295.23,295.28,0,0.040000000000020464,0.08273392198213969,1,-1,0.3333333333333333,0.00045
98,2020-01-02 09:32:20,N,AAPL,295.23,3.0,295.28,2.0,-1.0,-2.0,2020-01-02 09:32:20.238774,295.22,295.26,0,0.049999999999954525,0.08364785979631506,1,1,0.2,0.00045
99,2020-01-02 09:32:21,N,AAPL,295.22,2.0,295.26,2.0,-1.0,-1.0,2020-01-02 09:32:21.072314,295.2,295.26,0,0.03999999999996362,0.08323891547053108,1,-1,0.0,0.00083
100,2020-01-02 09:32:22,N,AAPL,295.2,1.0,295.26,3.0,0.0,2.0,2020-01-02 09:32:22.412379,295.2,295.23,0,0.060000000000002274,0.08024475524479158,1,1,-0.5,0.00083
101,2020-01-02 09:32:23,N,AAPL,295.2,1.0,295.23,2.0,0.0,-1.0,2020-01-02 09:32:23.150850,295.28,295.32,1,0.03000000000002956,0.07851480836251312,1,-1,-0.3333333333333333,0.00083
102,2020-01-02 09:32:25,N,AAPL,295.28,1.0,295.32,3.0,0.0,2.0,2020-01-02 09:32:25.038723,295.35,295.42,1,0.040000000000020464,0.07601467412655438,1,1,-0.5,0.00083
103,2020-01-02 09:32:26,N,AAPL,295.35,2.0,295.42,1.0,0.0,-4.0,2020-01-02 09:32:26.081334,295.32,295.42,0,0.06999999999999318,0.07674429334639399,1,1,0.3333333333333333,0.00083
104,2020-01-02 09:32:27,N,AAPL,295.32,2.0,295.42,2.0,-4.0,1.0,2020-01-02 09:32:27.228873,295.38,295.41,0,0.10000000000002274,0.07687086885727012,1,1,0.0,0.00083
105,2020-01-02 09:32:29,N,AAPL,295.38,1.0,295.41,1.0,-1.0,-3.0,2020-01-02 09:32:29.181923,295.37,295.43,0,0.03000000000002956,0.07669405762817405,1,-1,0.0,0.00083
106,2020-01-02 09:32:30,N,AAPL,295.37,2.0,295.43,2.0,0.0,-3.0,2020-01-02 09:32:30.116562,295.38,295.42,0,0.060000000000002274,0.07655058354362154,1,1,0.0,0.00083
107,2020-01-02 09:32:33,N,AAPL,295.38,3.0,295.42,4.0,1.0,2.0,2020-01-02 09:32:33.310386,295.43,295.46,1,0.040000000000020464,0.07538058043388673,1,-1,-0.14285714285714285,0.00083
108,2020-01-02 09:32:34,N,AAPL,295.43,1.0,295.46,1.0,-2.0,0.0,2020-01-02 09:32:34.165576,295.48,295.54,1,0.029999999999972715,0.0752185288832834,1,-1,0.0,0.00083
109,2020-01-02 09:32:35,N,AAPL,295.48,5.0,295.54,1.0,3.0,0.0,2020-01-02 09:32:35.217182,295.5,295.57,0,0.060000000000002274,0.07627486619099955,1,1,0.6666666666666666,0.00083
110,2020-01-02 09:32:37,N,AAPL,295.5,4.0,295.57,3.0,3.0,2.0,2020-01-02 09:32:37.025767,295.6,295.66,1,0.06999999999999318,0.07639697550786195,1,1,0.14285714285714285,0.00083
111,2020-01-02 09:32:38,N,AAPL,295.6,2.0,295.66,1.0,0.0,0.0,2020-01-02 09:32:38.167976,295.64,295.68,0,0.060000000000002274,0.07622602222460273,1,-1,0.3333333333333333,0.00083
112,2020-01-02 09:32:39,N,AAPL,295.64,2.0,295.68,1.0,0.0,0.0,2020-01-02 09:32:39.419383,295.63,295.69,0,0.040000000000020464,0.0758679487179279,1,-1,0.3333333333333333,0.00083
113,2020-01-02 09:32:40,N,AAPL,295.63,3.0,295.69,1.0,-4.0,0.0,2020-01-02 09:32:40.781249,295.66,295.69,0,0.060000000000002274,0.07540199335545594,1,1,0.5,0.00083
114,2020-01-02 09:32:41,N,AAPL,295.66,2.0,295.69,1.0,-1.0,0.0,2020-01-02 09:32:41.071366,295.63,295.67,0,0.029999999999972715,0.07496385819035822,1,-1,0.3333333333333333,0.00083
115,2020-01-02 09:32:42,N,AAPL,295.63,1.0,295.67,2.0,-1.0,1.0,2020-01-02 09:32:42.903648,295.63,295.67,0,0.040000000000020464,0.0749584160873269,1,1,-0.3333333333333333,0.00083
116,2020-01-02 09:32:43,N,AAPL,295.63,1.0,295.67,1.0,0.0,-2.0,2020-01-02 09:32:43.087403,295.6,295.67,0,0.040000000000020464,0.07485317847772421,1,1,0.0,0.00083
117,2020-01-02 09:32:44,N,AAPL,295.6,10.0,295.67,2.0,9.0,-1.0,2020-01-02 09:32:44.038067,295.51,295.59,-1,0.06999999999999318,0.07398611922405962,1,1,0.6666666666666666,0.00083
118,2020-01-02 09:32:45,N,AAPL,295.51,2.0,295.59,2.0,0.0,-1.0,2020-01-02 09:32:45.192083,295.52,295.58,0,0.07999999999998408,0.07400091905458339,1,1,0.0,0.00083
119,2020-01-02 09:32:46,N,AAPL,295.52,1.0,295.58,4.0,-1.0,2.0,2020-01-02 09:32:46.011433,295.55,295.59,0,0.060000000000002274,0.07337522614403724,1,-1,-0.6,0.00083
120,2020-01-02 09:32:48,N,AAPL,295.55,4.0,295.59,1.0,-1.0,0.0,2020-01-02 09:32:48.726735,295.63,295.66,1,0.03999999999996362,0.0734049893841302,1,-1,0.6,0.00083
121,2020-01-02 09:32:49,N,AAPL,295.63,2.0,295.66,1.0,1.0,0.0,2020-01-02 09:32:49.591903,295.63,295.69,0,0.03000000000002956,0.07309007232072418,1,-1,0.3333333333333333,0.00083
122,2020-01-02 09:32:50,N,AAPL,295.63,2.0,295.69,4.0,0.0,3.0,2020-01-02 09:32:50.010892,295.74,295.79,1,0.060000000000002274,0.07335330997591427,1,1,-0.3333333333333333,0.00083
123,2020-01-02 09:32:51,N,AAPL,295.74,2.0,295.79,2.0,0.0,1.0,2020-01-02 09:32:51.206774,295.73,295.78,0,0.05000000000001137,0.07327430726343209,1,-1,0.0,0.00083
124,2020-01-02 09:32:55,N,AAPL,295.73,2.0,295.78,2.0,0.0,-1.0,2020-01-02 09:32:55.891231,295.71,295.76,0,0.049999999999954525,0.073191734466036,1,-1,0.0,0.00083
125,2020-01-02 09:32:56,N,AAPL,295.71,5.0,295.76,5.0,1.0,3.0,2020-01-02 09:32:56.964539,295.71,295.76,0,0.05000000000001137,0.07296832413157972,1,1,0.0,0.00083
126,2020-01-02 09:32:57,N,AAPL,295.71,5.0,295.76,2.0,0.0,-2.0,2020-01-02 09:32:57.027006,295.67,295.72,0,0.05000000000001137,0.07170159219299421,1,1,0.42857142857142855,0.00083
127,2020-01-02 09:32:58,N,AAPL,295.67,2.0,295.72,2.0,0.0,1.0,2020-01-02 09:32:58.057246,295.64,295.73,0,0.05000000000001137,0.07161059970218275,1,1,0.0,0.00083
128,2020-01-02 09:32:59,N,AAPL,295.64,4.0,295.73,2.0,3.0,0.0,2020-01-02 09:32:59.048216,295.67,295.72,0,0.09000000000003183,0.0713759148370059,1,1,0.3333333333333333,0.00083
129,2020-01-02 09:33:00,N,AAPL,295.67,1.0,295.72,4.0,-3.0,3.0,2020-01-02 09:33:00.000573,295.69,295.74,0,0.05000000000001137,0.07199814781426994,1,-1,-0.6,0.00083
130,2020-01-02 09:33:01,N,AAPL,295.69,1.0,295.74,3.0,0.0,2.0,2020-01-02 09:33:01.051560,295.76,295.8,1,0.05000000000001137,0.0725064402715816,1,1,-0.5,0.00083
131,2020-01-02 09:33:04,N,AAPL,295.76,3.0,295.8,3.0,1.0,1.0,2020-01-02 09:33:04.162765,295.82,295.87,1,0.040000000000020464,0.07231626314114692,1,-1,0.0,0.00083
132,2020-01-02 09:33:05,N,AAPL,295.82,3.0,295.87,1.0,0.0,-1.0,2020-01-02 09:33:05.077590,295.82,295.88,0,0.05000000000001137,0.07096739130435026,1,1,0.5,0.00083
133,2020-01-02 09:33:06,N,AAPL,295.82,12.0,295.88,4.0,6.0,3.0,2020-01-02 09:33:06.532464,295.87,295.93,0,0.060000000000002274,0.06596425878450418,1,1,0.5,0.00083
134,2020-01-02 09:33:07,N,AAPL,295.87,1.0,295.93,2.0,-11.0,0.0,2020-01-02 09:33:07.073372,295.86,295.93,0,0.060000000000002274,0.06680552751424784,1,1,-0.3333333333333333,0.00083
135,2020-01-02 09:33:08,N,AAPL,295.86,10.0,295.93,3.0,6.0,2.0,2020-01-02 09:33:08.350740,295.9,295.93,0,0.06999999999999318,0.062146242432106646,1,1,0.5384615384615384,0.00083
136,2020-01-02 09:33:10,N,AAPL,295.9,1.0,295.93,1.0,-9.0,0.0,2020-01-02 09:33:10.402317,295.9,295.93,0,0.03000000000002956,0.06213732394365934,1,-1,0.0,0.00107
137,2020-01-02 09:33:11,N,AAPL,295.9,4.0,295.93,2.0,3.0,1.0,2020-01-02 09:33:11.014742,295.97,295.99,1,0.03000000000002956,0.06057953484423706,1,1,0.3333333333333333,0.00107
138,2020-01-02 09:33:12,N,AAPL,295.97,2.0,295.99,1.0,0.0,0.0,2020-01-02 09:33:12.710558,295.99,296.03,0,0.01999999999998181,0.059633362342424334,1,-1,0.3333333333333333,0.00107
139,2020-01-02 09:33:14,N,AAPL,295.99,2.0,296.03,2.0,-2.0,1.0,2020-01-02 09:33:14.693135,295.98,296.0,0,0.03999999999996362,0.05974166666663905,1,1,0.0,0.00107
140,2020-01-02 09:33:15,N,AAPL,295.98,4.0,296.0,21.0,2.0,19.0,2020-01-02 09:33:15.013814,296.07,296.11,1,0.01999999999998181,0.07470316519840026,1,-1,-0.68,0.00107
141,2020-01-02 09:33:16,N,AAPL,296.07,2.0,296.11,1.0,1.0,0.0,2020-01-02 09:33:16.299696,296.07,296.12,0,0.040000000000020464,0.07353764217367598,1,1,0.3333333333333333,0.00107
142,2020-01-02 09:33:17,N,AAPL,296.07,4.0,296.12,2.0,2.0,1.0,2020-01-02 09:33:17.347185,296.11,296.16,0,0.05000000000001137,0.07130818089433433,1,1,0.3333333333333333,0.00107
143,2020-01-02 09:33:18,N,AAPL,296.11,4.0,296.16,1.0,0.0,0.0,2020-01-02 09:33:18.008255,296.14,296.19,0,0.05000000000001137,0.06772940585977949,1,1,0.6,0.00107
144,2020-01-02 09:33:19,N,AAPL,296.14,2.0,296.19,1.0,-2.0,0.0,2020-01-02 09:33:19.263065,296.13,296.17,0,0.05000000000001137,0.0665218961737537,1,1,0.3333333333333333,0.00107
145,2020-01-02 09:33:20,N,AAPL,296.13,1.0,296.17,1.0,-1.0,-7.0,2020-01-02 09:33:20.353424,296.18,296.25,1,0.040000000000020464,0.06654843567008584,1,-1,0.0,0.00107
146,2020-01-02 09:33:21,N,AAPL,296.18,1.0,296.25,2.0,-2.0,1.0,2020-01-02 09:33:21.089381,296.22,296.26,0,0.06999999999999318,0.06810617335582947,1,1,-0.3333333333333333,0.00107
147,2020-01-02 09:33:22,N,AAPL,296.22,2.0,296.26,2.0,0.0,1.0,2020-01-02 09:33:22.350288,296.24,296.28,0,0.03999999999996362,0.068173913043438,1,-1,0.0,0.00107
148,2020-01-02 09:33:23,N,AAPL,296.24,4.0,296.28,1.0,2.0,-3.0,2020-01-02 09:33:23.568805,296.29,296.35,1,0.03999999999996362,0.06386214863300665,1,1,0.6,0.00107
149,2020-01-02 09:33:24,N,AAPL,296.29,4.0,296.35,1.0,2.0,0.0,2020-01-02 09:33:24.270930,296.3,296.35,0,0.060000000000002274,0.05936220303914297,1,1,0.6,0.00107
150,2020-01-02 09:33:25,N,AAPL,296.3,1.0,296.35,1.0,-6.0,0.0,2020-01-02 09:33:25.202383,296.25,296.32,0,0.05000000000001137,0.05947593861299083,1,-1,0.0,0.00107
151,2020-01-02 09:33:26,N,AAPL,296.25,6.0,296.32,4.0,4.0,2.0,2020-01-02 09:33:26.434093,296.39,296.45,1,0.06999999999999318,0.05728932016404542,1,1,0.2,0.00107
152,2020-01-02 09:33:27,N,AAPL,296.39,4.0,296.45,4.0,2.0,3.0,2020-01-02 09:33:27.013699,296.41,296.47,0,0.060000000000002274,0.05794025317601381,1,-1,0.0,0.00107
153,2020-01-02 09:33:28,N,AAPL,296.41,4.0,296.47,2.0,0.0,1.0,2020-01-02 09:33:28.152062,296.53,296.58,1,0.060000000000002274,0.054861766086332864,1,1,0.3333333333333333,0.00107
154,2020-01-02 09:33:29,N,AAPL,296.53,2.0,296.58,5.0,0.0,4.0,2020-01-02 09:33:29.426493,296.57,296.64,0,0.05000000000001137,0.061531056839100984,1,-1,-0.42857142857142855,0.00107
155,2020-01-02 09:33:31,N,AAPL,296.57,1.0,296.64,2.0,-5.0,1.0,2020-01-02 09:33:31.028697,296.61,296.65,0,0.06999999999999318,0.06395093450294098,1,1,-0.3333333333333333,0.00107
156,2020-01-02 09:33:32,N,AAPL,296.61,1.0,296.65,3.0,0.0,0.0,2020-01-02 09:33:32.181682,296.68,296.72,1,0.03999999999996362,0.06850841357845638,1,-1,-0.5,0.00107
157,2020-01-02 09:33:33,N,AAPL,296.68,4.0,296.72,4.0,2.0,2.0,2020-01-02 09:33:33.096487,296.68,296.72,0,0.040000000000020464,0.06894445092780188,1,1,0.0,0.00107
158,2020-01-02 09:33:36,N,AAPL,296.68,2.0,296.72,1.0,-3.0,-2.0,2020-01-02 09:33:36.053622,296.72,296.76,0,0.040000000000020464,0.06684015868756887,1,1,0.3333333333333333,0.00107
159,2020-01-02 09:33:38,N,AAPL,296.72,2.0,296.76,1.0,0.0,-4.0,2020-01-02 09:33:38.020499,296.71,296.76,0,0.03999999999996362,0.06468315018321391,1,-1,0.3333333333333333,0.00107
160,2020-01-02 09:33:40,N,AAPL,296.71,14.0,296.76,1.0,13.0,0.0,2020-01-02 09:33:40.921470,296.7,296.74,0,0.05000000000001137,0.03650314764826135,1,1,0.8666666666666667,0.00107
161,2020-01-02 09:33:41,N,AAPL,296.7,2.0,296.74,2.0,-12.0,1.0,2020-01-02 09:33:41.692940,296.64,296.68,-1,0.040000000000020464,0.03699372091972464,1,-1,0.0,0.00107
162,2020-01-02 09:33:42,N,AAPL,296.64,2.0,296.68,4.0,1.0,3.0,2020-01-02 09:33:42.247574,296.51,296.59,-1,0.040000000000020464,0.04174812225517144,1,1,-0.3333333333333333,0.00107
163,2020-01-02 09:33:43,N,AAPL,296.51,2.0,296.59,2.0,1.0,-2.0,2020-01-02 09:33:43.434077,296.48,296.58,0,0.07999999999998408,0.04228119249171414,1,1,0.0,0.00107
164,2020-01-02 09:33:44,N,AAPL,296.48,2.0,296.58,2.0,0.0,1.0,2020-01-02 09:33:44.053972,296.43,296.47,-1,0.0999999999999659,0.042885736938671926,1,1,0.0,0.00107
165,2020-01-02 09:33:45,N,AAPL,296.43,1.0,296.47,5.0,0.0,2.0,2020-01-02 09:33:45.352473,296.37,296.4,-1,0.040000000000020464,0.04940885186755395,1,-1,-0.6666666666666666,0.00107
166,2020-01-02 09:33:46,N,AAPL,296.37,2.0,296.4,1.0,0.0,0.0,2020-01-02 09:33:46.592254,296.41,296.48,1,0.029999999999972715,0.04816642829905504,1,-1,0.3333333333333333,0.00107
167,2020-01-02 09:33:47,N,AAPL,296.41,2.0,296.48,1.0,-1.0,-3.0,2020-01-02 09:33:47.040645,296.48,296.53,0,0.06999999999999318,0.04695627048647566,1,1,0.3333333333333333,0.00107
168,2020-01-02 09:33:48,N,AAPL,296.48,3.0,296.53,2.0,0.0,1.0,2020-01-02 09:33:48.148554,296.49,296.51,0,0.049999999999954525,0.045752577319603915,1,-1,0.2,0.00107
169,2020-01-02 09:33:49,N,AAPL,296.49,2.0,296.51,2.0,-1.0,0.0,2020-01-02 09:33:49.179622,296.55,296.64,1,0.01999999999998181,0.04594869317185157,1,-1,0.0,0.00107
170,2020-01-02 09:33:50,N,AAPL,296.55,2.0,296.64,3.0,0.0,1.0,2020-01-02 09:33:50.026532,296.65,296.68,1,0.08999999999997499,0.04837935709201702,1,1,-0.2,0.0012
171,2020-01-02 09:33:51,N,AAPL,296.65,2.0,296.68,1.0,0.0,-34.0,2020-01-02 09:33:51.758830,296.64,296.69,0,0.03000000000002956,0.046687550802403166,1,-1,0.3333333333333333,0.0012
172,2020-01-02 09:33:52,N,AAPL,296.64,4.0,296.69,2.0,0.0,1.0,2020-01-02 09:33:52.551294,296.71,296.77,1,0.05000000000001137,0.043491883116985264,1,1,0.3333333333333333,0.0012
173,2020-01-02 09:33:55,N,AAPL,296.71,2.0,296.77,22.0,-2.0,20.0,2020-01-02 09:33:55.033714,296.69,296.71,0,0.060000000000002274,0.08493308788905551,0,1,-0.8333333333333334,0.0012
174,2020-01-02 09:33:57,N,AAPL,296.69,2.0,296.71,1.0,0.0,-21.0,2020-01-02 09:33:57.442628,296.63,296.66,-1,0.01999999999998181,0.08304847486908784,0,-1,0.3333333333333333,0.0012
175,2020-01-02 09:33:58,N,AAPL,296.63,2.0,296.66,3.0,-2.0,1.0,2020-01-02 09:33:58.589814,296.58,296.61,-1,0.03000000000002956,0.08472965461481863,0,1,-0.2,0.0012
176,2020-01-02 09:33:59,N,AAPL,296.58,2.0,296.61,2.0,0.0,-1.0,2020-01-02 09:33:59.103857,296.51,296.55,-1,0.03000000000002956,0.08468228444456827,0,1,0.0,0.0012
177,2020-01-02 09:34:02,N,AAPL,296.51,2.0,296.55,2.0,1.0,1.0,2020-01-02 09:34:02.534603,296.42,296.46,-1,0.040000000000020464,0.08466005219770523,0,1,0.0,0.0012
178,2020-01-02 09:34:03,N,AAPL,296.42,2.0,296.46,2.0,-2.0,0.0,2020-01-02 09:34:03.341944,296.31,296.42,0,0.03999999999996362,0.08461674063119062,0,-1,0.0,0.0012
179,2020-01-02 09:34:04,N,AAPL,296.31,2.0,296.42,2.0,0.0,1.0,2020-01-02 09:34:04.053917,296.3,296.35,0,0.11000000000001364,0.08483891610757155,0,1,0.0,0.0012
180,2020-01-02 09:34:05,N,AAPL,296.3,1.0,296.35,1.0,-1.0,-1.0,2020-01-02 09:34:05.064653,296.13,296.22,-1,0.05000000000001137,0.08482365119971291,0,-1,0.0,0.0012
181,2020-01-02 09:34:06,N,AAPL,296.13,4.0,296.22,1.0,3.0,0.0,2020-01-02 09:34:06.453889,296.25,296.36,1,0.09000000000003183,0.08284641605308707,0,1,0.6,0.0012
182,2020-01-02 09:34:07,N,AAPL,296.25,5.0,296.36,2.0,3.0,0.0,2020-01-02 09:34:07.294559,296.25,296.36,0,0.11000000000001364,0.08039154118802116,0,1,0.42857142857142855,0.0012
183,2020-01-02 09:34:08,N,AAPL,296.25,6.0,296.36,1.0,5.0,0.0,2020-01-02 09:34:08.373239,296.37,296.41,1,0.11000000000001364,0.0761341546886456,1,1,0.7142857142857143,0.0012
184,2020-01-02 09:34:09,N,AAPL,296.37,2.0,296.41,2.0,-4.0,1.0,2020-01-02 09:34:09.201857,296.37,296.43,0,0.040000000000020464,0.07615604009276922,1,-1,0.0,0.0012
185,2020-01-02 09:34:10,N,AAPL,296.37,1.0,296.43,2.0,-1.0,1.0,2020-01-02 09:34:10.234914,296.43,296.49,0,0.060000000000002274,0.0773393430229703,1,1,-0.3333333333333333,0.0012
186,2020-01-02 09:34:12,N,AAPL,296.43,2.0,296.49,1.0,1.0,0.0,2020-01-02 09:34:12.754194,296.43,296.5,0,0.060000000000002274,0.07620363552700837,1,1,0.3333333333333333,0.0012
187,2020-01-02 09:34:13,N,AAPL,296.43,2.0,296.5,2.0,-1.0,0.0,2020-01-02 09:34:13.187828,296.51,296.57,1,0.06999999999999318,0.07636061307124464,1,1,0.0,0.0012
188,2020-01-02 09:34:14,N,AAPL,296.51,1.0,296.57,1.0,0.0,0.0,2020-01-02 09:34:14.060138,296.52,296.57,0,0.060000000000002274,0.07642943506368738,1,-1,0.0,0.0012
189,2020-01-02 09:34:15,N,AAPL,296.52,1.0,296.57,2.0,-1.0,1.0,2020-01-02 09:34:15.045963,296.61,296.67,1,0.05000000000001137,0.07786351065209374,1,-1,-0.3333333333333333,0.0012
190,2020-01-02 09:34:16,N,AAPL,296.61,2.0,296.67,2.0,1.0,1.0,2020-01-02 09:34:16.266873,296.57,296.64,0,0.060000000000002274,0.07801453653593171,1,1,0.0,0.0012
191,2020-01-02 09:34:17,N,AAPL,296.57,4.0,296.64,2.0,2.0,0.0,2020-01-02 09:34:17.332499,296.6,296.65,0,0.06999999999999318,0.07538123752487991,1,1,0.3333333333333333,0.0012
192,2020-01-02 09:34:18,N,AAPL,296.6,6.0,296.65,5.0,4.0,4.0,2020-01-02 09:34:18.919070,296.57,296.62,0,0.049999999999954525,0.07425987056421945,1,-1,0.09090909090909091,0.0012
193,2020-01-02 09:34:19,N,AAPL,296.57,4.0,296.62,2.0,-2.0,-3.0,2020-01-02 09:34:19.328532,296.55,296.6,0,0.05000000000001137,0.07167136721540146,1,1,0.3333333333333333,0.0012
194,2020-01-02 09:34:22,N,AAPL,296.55,5.0,296.6,3.0,4.0,1.0,2020-01-02 09:34:22.295192,296.51,296.58,0,0.05000000000001137,0.06927860933330976,1,1,0.25,0.0012
195,2020-01-02 09:34:23,N,AAPL,296.51,4.0,296.58,2.0,2.0,0.0,2020-01-02 09:34:23.150333,296.52,296.58,0,0.06999999999999318,0.06708156796275944,1,1,0.3333333333333333,0.0012
196,2020-01-02 09:34:24,N,AAPL,296.52,1.0,296.58,2.0,0.0,1.0,2020-01-02 09:34:24.025346,296.55,296.59,0,0.060000000000002274,0.06848179611648675,1,-1,-0.3333333333333333,0.0012
197,2020-01-02 09:34:26,N,AAPL,296.55,2.0,296.59,2.0,1.0,0.0,2020-01-02 09:34:26.311412,296.57,296.63,0,0.03999999999996362,0.06859134618684948,1,-1,0.0,0.0012
198,2020-01-02 09:34:27,N,AAPL,296.57,2.0,296.63,1.0,-2.0,-1.0,2020-01-02 09:34:27.217914,296.57,296.62,0,0.060000000000002274,0.06740046277275269,1,1,0.3333333333333333,0.0012
199,2020-01-02 09:34:28,N,AAPL,296.57,3.0,296.62,1.0,1.0,0.0,2020-01-02 09:34:28.553144,296.54,296.57,0,0.05000000000001137,0.06493031980500064,1,-1,0.5,0.0012
200,2020-01-02 09:34:29,N,AAPL,296.54,2.0,296.57,2.0,-1.0,1.0,2020-01-02 09:34:29.645610,296.59,296.64,1,0.029999999999972715,0.06501981791132039,1,-1,0.0,0.0012
201,2020-01-02 09:34:31,N,AAPL,296.59,2.0,296.64,1.0,0.0,-1.0,2020-01-02 09:34:31.070006,296.67,296.74,1,0.05000000000001137,0.0638198764015101,1,1,0.3333333333333333,0.0012
202,2020-01-02 09:34:33,N,AAPL,296.67,2.0,296.74,2.0,-6.0,0.0,2020-01-02 09:34:33.372924,296.73,296.78,0,0.06999999999999318,0.064109614590393,1,1,0.0,0.0012
203,2020-01-02 09:34:38,N,AAPL,296.73,5.0,296.78,4.0,3.0,2.0,2020-01-02 09:34:38.808504,296.74,296.8,0,0.049999999999954525,0.0630649051064438,1,-1,0.1111111111111111,0.0012
204,2020-01-02 09:34:39,N,AAPL,296.74,3.0,296.8,4.0,-2.0,2.0,2020-01-02 09:34:39.275642,296.76,296.8,0,0.060000000000002274,0.06510281728424161,1,1,-0.14285714285714285,0.0012
205,2020-01-02 09:34:40,N,AAPL,296.76,4.0,296.8,4.0,1.0,0.0,2020-01-02 09:34:40.174488,296.77,296.81,0,0.040000000000020464,0.06547212654680834,1,-1,0.0,0.00129
206,2020-01-02 09:34:41,N,AAPL,296.77,2.0,296.81,1.0,0.0,0.0,2020-01-02 09:34:41.280242,296.83,296.88,1,0.040000000000020464,0.06404284005725458,1,1,0.3333333333333333,0.00129
207,2020-01-02 09:34:44,N,AAPL,296.83,1.0,296.88,2.0,-1.0,1.0,2020-01-02 09:34:44.775149,296.75,296.81,-1,0.05000000000001137,0.06590290661716836,1,1,-0.3333333333333333,0.00129
208,2020-01-02 09:34:47,N,AAPL,296.75,3.0,296.81,3.0,2.0,1.0,2020-01-02 09:34:47.194261,296.74,296.8,0,0.060000000000002274,0.06626937893742024,1,1,0.0,0.00129
209,2020-01-02 09:34:48,N,AAPL,296.74,1.0,296.8,3.0,-3.0,2.0,2020-01-02 09:34:48.752051,296.74,296.8,0,0.060000000000002274,0.06949835730222276,1,1,-0.5,0.00129
210,2020-01-02 09:34:49,N,AAPL,296.74,3.0,296.8,1.0,2.0,-2.0,2020-01-02 09:34:49.144549,296.79,296.82,0,0.060000000000002274,0.06673949579823102,1,1,0.5,0.00129
211,2020-01-02 09:34:50,N,AAPL,296.79,3.0,296.82,2.0,0.0,1.0,2020-01-02 09:34:50.465272,296.84,296.88,1,0.029999999999972715,0.06537558284304623,1,-1,0.2,0.00129
212,2020-01-02 09:34:51,N,AAPL,296.84,2.0,296.88,2.0,-1.0,0.0,2020-01-02 09:34:51.704996,296.83,296.86,0,0.040000000000020464,0.06556969696970327,1,1,0.0,0.00129
213,2020-01-02 09:34:52,N,AAPL,296.83,3.0,296.86,2.0,1.0,0.0,2020-01-02 09:34:52.827831,296.87,296.9,1,0.03000000000002956,0.0641809070589261,1,-1,0.2,0.00129
214,2020-01-02 09:34:53,N,AAPL,296.87,4.0,296.9,2.0,2.0,-1.0,2020-01-02 09:34:53.725313,296.84,296.88,0,0.029999999999972715,0.06117527759766972,1,-1,0.3333333333333333,0.00129
215,2020-01-02 09:34:54,N,AAPL,296.84,6.0,296.88,1.0,3.0,-1.0,2020-01-02 09:34:54.581674,296.87,296.92,0,0.040000000000020464,0.05370265861290591,1,1,0.7142857142857143,0.00129
216,2020-01-02 09:34:56,N,AAPL,296.87,2.0,296.92,1.0,-4.0,0.0,2020-01-02 09:34:56.657645,296.86,296.89,0,0.05000000000001137,0.052312569456660185,1,1,0.3333333333333333,0.00129
217,2020-01-02 09:34:58,N,AAPL,296.86,2.0,296.89,2.0,0.0,1.0,2020-01-02 09:34:58.608362,296.88,296.94,0,0.029999999999972715,0.052554329830456936,1,-1,0.0,0.00129
218,2020-01-02 09:34:59,N,AAPL,296.88,2.0,296.94,5.0,0.0,4.0,2020-01-02 09:34:59.009572,297.0,297.01,1,0.060000000000002274,0.05801998295538624,1,1,-0.42857142857142855,0.00129
219,2020-01-02 09:35:01,N,AAPL,297.0,3.0,297.01,2.0,1.0,-3.0,2020-01-02 09:35:01.698024,297.1,297.13,1,0.009999999999990905,0.0564735224653532,1,-1,0.2,0.00129
220,2020-01-02 09:35:02,N,AAPL,297.1,2.0,297.13,1.0,0.0,0.0,2020-01-02 09:35:02.263174,297.19,297.23,1,0.029999999999972715,0.05474761031075559,1,1,0.3333333333333333,0.00129
221,2020-01-02 09:35:04,N,AAPL,297.19,2.0,297.23,1.0,1.0,0.0,2020-01-02 09:35:04.688696,297.18,297.23,0,0.040000000000020464,0.05292732333737149,1,1,0.3333333333333333,0.00129
222,2020-01-02 09:35:05,N,AAPL,297.18,1.0,297.23,3.0,-5.0,2.0,2020-01-02 09:35:05.011078,297.18,297.24,0,0.05000000000001137,0.05745933014355842,1,1,-0.5,0.00129
223,2020-01-02 09:35:06,N,AAPL,297.18,4.0,297.24,16.0,-2.0,14.0,2020-01-02 09:35:06.007335,297.25,297.28,1,0.060000000000002274,0.08347633368128982,0,1,-0.6,0.00129
224,2020-01-02 09:35:07,N,AAPL,297.25,4.0,297.28,1.0,1.0,-2.0,2020-01-02 09:35:07.816765,297.24,297.29,0,0.029999999999972715,0.07741163530027961,0,-1,0.6,0.00129
225,2020-01-02 09:35:08,N,AAPL,297.24,2.0,297.29,3.0,-1.0,2.0,2020-01-02 09:35:08.824878,297.24,297.29,0,0.05000000000001137,0.07976510656413893,0,1,-0.2,0.00129
226,2020-01-02 09:35:09,N,AAPL,297.24,4.0,297.29,3.0,2.0,0.0,2020-01-02 09:35:09.073564,297.24,297.26,0,0.05000000000001137,0.07810535288189158,0,1,0.14285714285714285,0.00129
227,2020-01-02 09:35:10,N,AAPL,297.24,2.0,297.26,2.0,0.0,-1.0,2020-01-02 09:35:10.070153,297.12,297.19,-1,0.01999999999998181,0.07822862893203819,0,-1,0.0,0.00129
228,2020-01-02 09:35:11,N,AAPL,297.12,2.0,297.19,2.0,0.0,0.0,2020-01-02 09:35:11.084137,297.13,297.19,0,0.06999999999999318,0.07848669705111888,0,1,0.0,0.00129
229,2020-01-02 09:35:12,N,AAPL,297.13,1.0,297.19,2.0,-1.0,0.0,2020-01-02 09:35:12.032918,297.14,297.19,0,0.060000000000002274,0.08048837846354218,0,-1,-0.3333333333333333,0.00129
230,2020-01-02 09:35:13,N,AAPL,297.14,6.0,297.19,2.0,4.0,1.0,2020-01-02 09:35:13.148071,297.13,297.19,0,0.05000000000001137,0.07357012341390146,1,-1,0.5,0.00129
231,2020-01-02 09:35:14,N,AAPL,297.13,4.0,297.19,1.0,0.0,0.0,2020-01-02 09:35:14.699143,297.18,297.24,0,0.060000000000002274,0.06849141074468434,1,1,0.6,0.00129
232,2020-01-02 09:35:16,N,AAPL,297.18,2.0,297.24,2.0,0.0,1.0,2020-01-02 09:35:16.250766,297.2,297.24,0,0.060000000000002274,0.06878469775966778,1,1,0.0,0.00129
233,2020-01-02 09:35:18,N,AAPL,297.2,5.0,297.24,2.0,3.0,1.0,2020-01-02 09:35:18.218150,297.21,297.25,0,0.040000000000020464,0.06360393052887048,1,-1,0.42857142857142855,0.00129
234,2020-01-02 09:35:19,N,AAPL,297.21,2.0,297.25,5.0,-3.0,3.0,2020-01-02 09:35:19.067217,297.17,297.22,0,0.040000000000020464,0.06962226351481604,1,1,-0.42857142857142855,0.00129
235,2020-01-02 09:35:21,N,AAPL,297.17,1.0,297.22,2.0,0.0,1.0,2020-01-02 09:35:21.245541,297.23,297.25,1,0.05000000000001137,0.07159499630137134,1,1,-0.3333333333333333,0.00129
236,2020-01-02 09:35:22,N,AAPL,297.23,2.0,297.25,2.0,0.0,1.0,2020-01-02 09:35:22.004421,297.23,297.28,0,0.01999999999998181,0.07174064066992969,1,-1,0.0,0.00129
237,2020-01-02 09:35:23,N,AAPL,297.23,2.0,297.28,2.0,0.0,1.0,2020-01-02 09:35:23.582150,297.26,297.29,0,0.049999999999954525,0.07198072038517012,1,1,0.0,0.00129
238,2020-01-02 09:35:24,N,AAPL,297.26,2.0,297.29,2.0,0.0,0.0,2020-01-02 09:35:24.802319,297.24,297.29,0,0.03000000000002956,0.07216043061009714,1,-1,0.0,0.00129
239,2020-01-02 09:35:25,N,AAPL,297.24,2.0,297.29,1.0,-2.0,0.0,2020-01-02 09:35:25.115510,297.29,297.31,0,0.05000000000001137,0.07048061644485415,1,1,0.3333333333333333,0.00129
240,2020-01-02 09:35:26,N,AAPL,297.29,12.0,297.31,2.0,8.0,0.0,2020-01-02 09:35:26.214977,297.24,297.33,0,0.01999999999998181,0.0523257525334202,1,-1,0.7142857142857143,0.00129
241,2020-01-02 09:35:27,N,AAPL,297.24,4.0,297.33,26.0,1.0,22.0,2020-01-02 09:35:27.558340,297.25,297.32,0,0.08999999999997499,0.0946231884057056,1,1,-0.7333333333333333,0.00153
242,2020-01-02 09:35:28,N,AAPL,297.25,2.0,297.32,4.0,0.0,-23.0,2020-01-02 09:35:28.306819,297.31,297.35,0,0.06999999999999318,0.09833761835517407,1,-1,-0.3333333333333333,0.00153
243,2020-01-02 09:35:29,N,AAPL,297.31,4.0,297.35,2.0,2.0,1.0,2020-01-02 09:35:29.448085,297.31,297.37,0,0.040000000000020464,0.09480372772327428,1,-1,0.3333333333333333,0.00153
244,2020-01-02 09:35:30,N,AAPL,297.31,2.0,297.37,2.0,0.0,0.0,2020-01-02 09:35:30.093566,297.37,297.41,0,0.060000000000002274,0.09492522188827479,1,1,0.0,0.00153
245,2020-01-02 09:35:31,N,AAPL,297.37,4.0,297.41,1.0,2.0,-1.0,2020-01-02 09:35:31.280397,297.4,297.44,0,0.040000000000020464,0.08942493072623847,1,-1,0.6,0.00153
246,2020-01-02 09:35:32,N,AAPL,297.4,3.0,297.44,1.0,1.0,-4.0,2020-01-02 09:35:32.479265,297.33,297.36,-1,0.040000000000020464,0.08573961499484994,1,1,0.5,0.00153
247,2020-01-02 09:35:33,N,AAPL,297.33,1.0,297.36,4.0,-1.0,2.0,2020-01-02 09:35:33.812627,297.3,297.37,0,0.03000000000002956,0.09115792131314038,1,-1,-0.6,0.00153
248,2020-01-02 09:35:34,N,AAPL,297.3,1.0,297.37,2.0,0.0,-2.0,2020-01-02 09:35:34.023524,297.32,297.37,0,0.06999999999999318,0.09303107053381154,1,1,-0.3333333333333333,0.00153
249,2020-01-02 09:35:36,N,AAPL,297.32,2.0,297.37,1.0,1.0,-1.0,2020-01-02 09:35:36.670723,297.29,297.32,0,0.05000000000001137,0.09134547228433121,1,-1,0.3333333333333333,0.00153
250,2020-01-02 09:35:37,N,AAPL,297.29,1.0,297.32,2.0,-1.0,0.0,2020-01-02 09:35:37.131841,297.31,297.37,0,0.029999999999972715,0.09306508013594339,1,-1,-0.3333333333333333,0.00153
251,2020-01-02 09:35:38,N,AAPL,297.31,1.0,297.37,1.0,-1.0,-1.0,2020-01-02 09:35:38.562867,297.17,297.22,-1,0.060000000000002274,0.09312562638427835,1,1,0.0,0.00153
252,2020-01-02 09:35:39,N,AAPL,297.17,1.0,297.22,2.0,0.0,-2.0,2020-01-02 09:35:39.023955,297.17,297.22,0,0.05000000000001137,0.09469407177584799,1,-1,-0.3333333333333333,0.00153
253,2020-01-02 09:35:40,N,AAPL,297.17,5.0,297.22,2.0,4.0,0.0,2020-01-02 09:35:40.172932,297.17,297.2,0,0.05000000000001137,0.09027489290684798,1,1,0.42857142857142855,0.00153
254,2020-01-02 09:35:41,N,AAPL,297.17,3.0,297.2,4.0,-2.0,2.0,2020-01-02 09:35:41.750555,297.05,297.09,-1,0.029999999999972715,0.09178213346467601,1,-1,-0.14285714285714285,0.00153
255,2020-01-02 09:35:42,N,AAPL,297.05,2.0,297.09,2.0,1.0,0.0,2020-01-02 09:35:42.086850,297.11,297.14,1,0.03999999999996362,0.09179842946906547,1,1,0.0,0.00153
256,2020-01-02 09:35:43,N,AAPL,297.11,2.0,297.14,2.0,1.0,-1.0,2020-01-02 09:35:43.510412,297.12,297.17,0,0.029999999999972715,0.0917950113746997,1,-1,0.0,0.00153
257,2020-01-02 09:35:45,N,AAPL,297.12,2.0,297.17,2.0,0.0,0.0,2020-01-02 09:35:45.056302,297.18,297.23,1,0.05000000000001137,0.09185106193899628,1,1,0.0,0.00153
258,2020-01-02 09:35:46,N,AAPL,297.18,2.0,297.23,2.0,0.0,1.0,2020-01-02 09:35:46.270393,297.2,297.26,0,0.05000000000001137,0.09191640961375924,1,1,0.0,0.00153
259,2020-01-02 09:35:47,N,AAPL,297.2,2.0,297.26,2.0,0.0,1.0,2020-01-02 09:35:47.254681,297.23,297.3,0,0.060000000000002274,0.09201301968926145,1,1,0.0,0.00153
260,2020-01-02 09:35:48,N,AAPL,297.23,1.0,297.3,2.0,-1.0,0.0,2020-01-02 09:35:48.795561,297.27,297.31,0,0.06999999999999318,0.093651675786532,1,1,-0.3333333333333333,0.00153
261,2020-01-02 09:35:49,N,AAPL,297.27,2.0,297.31,2.0,1.0,0.0,2020-01-02 09:35:49.452446,297.25,297.33,0,0.040000000000020464,0.09369082784661487,1,-1,0.0,0.00153
262,2020-01-02 09:35:50,N,AAPL,297.25,1.0,297.33,4.0,0.0,2.0,2020-01-02 09:35:50.781477,297.26,297.32,0,0.07999999999998408,0.09854886964166099,1,1,-0.6,0.00153
263,2020-01-02 09:35:51,N,AAPL,297.26,2.0,297.32,4.0,1.0,2.0,2020-01-02 09:35:51.179937,297.2,297.25,-1,0.060000000000002274,0.1017334854241767,1,-1,-0.3333333333333333,0.00153
264,2020-01-02 09:35:54,N,AAPL,297.2,1.0,297.25,1.0,-1.0,-1.0,2020-01-02 09:35:54.222589,297.28,297.33,1,0.05000000000001137,0.10173818771920651,1,-1,0.0,0.00153
265,2020-01-02 09:35:55,N,AAPL,297.28,1.0,297.33,2.0,-1.0,1.0,2020-01-02 09:35:55.047042,297.31,297.37,0,0.05000000000001137,0.10330683228374937,1,1,-0.3333333333333333,0.00153
266,2020-01-02 09:35:56,N,AAPL,297.31,2.0,297.37,4.0,0.0,-13.0,2020-01-02 09:35:56.742273,297.34,297.38,0,0.060000000000002274,0.10654945370902169,1,1,-0.3333333333333333,0.00153
267,2020-01-02 09:35:57,N,AAPL,297.34,4.0,297.38,2.0,2.0,0.0,2020-01-02 09:35:57.040174,297.31,297.36,0,0.040000000000020464,0.10330183191132392,1,-1,0.3333333333333333,0.00153
268,2020-01-02 09:35:59,N,AAPL,297.31,3.0,297.36,2.0,1.0,1.0,2020-01-02 09:35:59.264526,297.27,297.32,0,0.05000000000001137,0.10175970454457683,1,1,0.2,0.00153
269,2020-01-02 09:36:00,N,AAPL,297.27,2.0,297.32,2.0,1.0,0.0,2020-01-02 09:36:00.348041,297.28,297.35,0,0.05000000000001137,0.10177391702768546,1,1,0.0,0.00153
270,2020-01-02 09:36:01,N,AAPL,297.28,4.0,297.35,2.0,2.0,0.0,2020-01-02 09:36:01.038645,297.24,297.27,-1,0.07000000000005002,0.09885983881218863,1,1,0.3333333333333333,0.00153
271,2020-01-02 09:36:02,N,AAPL,297.24,1.0,297.27,1.0,0.0,0.0,2020-01-02 09:36:02.407222,297.25,297.3,0,0.029999999999972715,0.09884370193697123,1,-1,0.0,0.00153
272,2020-01-02 09:36:03,N,AAPL,297.25,3.0,297.3,1.0,1.0,-1.0,2020-01-02 09:36:03.010689,297.31,297.36,1,0.05000000000001137,0.09598174612699495,1,1,0.5,0.00153
273,2020-01-02 09:36:05,N,AAPL,297.31,2.0,297.36,1.0,1.0,-2.0,2020-01-02 09:36:05.011814,297.33,297.37,0,0.05000000000001137,0.09449947004651449,1,1,0.3333333333333333,0.00153
274,2020-01-02 09:36:06,N,AAPL,297.33,2.0,297.37,2.0,0.0,0.0,2020-01-02 09:36:06.081758,297.36,297.4,0,0.040000000000020464,0.09453056197122578,1,-1,0.0,0.00153
275,2020-01-02 09:36:07,N,AAPL,297.36,1.0,297.4,2.0,0.0,1.0,2020-01-02 09:36:07.003709,297.36,297.4,0,0.03999999999996362,0.09612150043733436,1,-1,-0.3333333333333333,0.00153
276,2020-01-02 09:36:08,N,AAPL,297.36,1.0,297.4,2.0,0.0,0.0,2020-01-02 09:36:08.273923,297.34,297.37,0,0.03999999999996362,0.09769907022496227,1,1,-0.3333333333333333,0.00153
277,2020-01-02 09:36:09,N,AAPL,297.34,6.0,297.37,2.0,5.0,0.0,2020-01-02 09:36:09.826941,297.33,297.38,0,0.03000000000002956,0.09163610270917388,1,-1,0.5,0.00153
278,2020-01-02 09:36:10,N,AAPL,297.33,1.0,297.38,2.0,-1.0,0.0,2020-01-02 09:36:10.202290,297.25,297.32,-1,0.05000000000001137,0.0931912632820513,1,1,-0.3333333333333333,0.00169
279,2020-01-02 09:36:11,N,AAPL,297.25,5.0,297.32,5.0,3.0,3.0,2020-01-02 09:36:11.238383,297.31,297.35,0,0.06999999999999318,0.09344632628739191,1,1,0.0,0.00169
280,2020-01-02 09:36:12,N,AAPL,297.31,1.0,297.35,2.0,-1.0,1.0,2020-01-02 09:36:12.741194,297.34,297.37,0,0.040000000000020464,0.09491086623251022,1,-1,-0.3333333333333333,0.00169
281,2020-01-02 09:36:14,N,AAPL,297.34,5.0,297.37,4.0,3.0,1.0,2020-01-02 09:36:14.044139,297.32,297.35,0,0.03000000000002956,0.09344067116398946,1,-1,0.1111111111111111,0.00169
282,2020-01-02 09:36:15,N,AAPL,297.32,3.0,297.35,4.0,1.0,2.0,2020-01-02 09:36:15.057409,297.39,297.42,1,0.03000000000002956,0.09485781762094803,1,1,-0.14285714285714285,0.00169
283,2020-01-02 09:36:16,N,AAPL,297.39,2.0,297.42,1.0,1.0,-1.0,2020-01-02 09:36:16.525445,297.32,297.37,-1,0.03000000000002956,0.09335174859228346,1,1,0.3333333333333333,0.00169
284,2020-01-02 09:36:17,N,AAPL,297.32,2.0,297.37,2.0,0.0,0.0,2020-01-02 09:36:17.022907,297.32,297.39,0,0.05000000000001137,0.09340217509958393,1,1,0.0,0.00169
285,2020-01-02 09:36:18,N,AAPL,297.32,5.0,297.39,1.0,0.0,-1.0,2020-01-02 09:36:18.043271,297.36,297.42,0,0.06999999999999318,0.08786434997500692,1,1,0.6666666666666666,0.00169
286,2020-01-02 09:36:20,N,AAPL,297.36,4.0,297.42,1.0,2.0,-1.0,2020-01-02 09:36:20.110001,297.43,297.47,1,0.060000000000002274,0.0836244159565922,0,-1,0.6,0.00169
287,2020-01-02 09:36:21,N,AAPL,297.43,1.0,297.47,2.0,-1.0,1.0,2020-01-02 09:36:21.573076,297.46,297.49,0,0.040000000000020464,0.08522221328729529,1,-1,-0.3333333333333333,0.00169
288,2020-01-02 09:36:23,N,AAPL,297.46,2.0,297.49,1.0,0.0,0.0,2020-01-02 09:36:23.053177,297.48,297.54,0,0.03000000000002956,0.08370952937247012,0,-1,0.3333333333333333,0.00169
289,2020-01-02 09:36:24,N,AAPL,297.48,2.0,297.54,4.0,1.0,1.0,2020-01-02 09:36:24.425126,297.46,297.52,0,0.060000000000002274,0.08711264667016394,1,1,-0.3333333333333333,0.00169
290,2020-01-02 09:36:25,N,AAPL,297.46,2.0,297.52,1.0,-6.0,-2.0,2020-01-02 09:36:25.073928,297.47,297.51,0,0.060000000000002274,0.08564937250082494,1,1,0.3333333333333333,0.00169
291,2020-01-02 09:36:26,N,AAPL,297.47,5.0,297.51,4.0,0.0,2.0,2020-01-02 09:36:26.403784,297.44,297.47,0,0.03999999999996362,0.08429183884464919,0,-1,0.1111111111111111,0.00169
292,2020-01-02 09:36:27,N,AAPL,297.44,6.0,297.47,4.0,1.0,0.0,2020-01-02 09:36:27.137958,297.45,297.52,0,0.03000000000002956,0.0814751461281844,0,-1,0.2,0.00169
293,2020-01-02 09:36:28,N,AAPL,297.45,5.0,297.52,3.0,0.0,1.0,2020-01-02 09:36:28.348509,297.53,297.59,1,0.06999999999999318,0.07881994261111913,0,1,0.25,0.00169
294,2020-01-02 09:36:29,N,AAPL,297.53,2.0,297.59,4.0,0.0,0.0,2020-01-02 09:36:29.240584,297.57,297.6,0,0.060000000000002274,0.0822441854210183,0,-1,-0.3333333333333333,0.00169
295,2020-01-02 09:36:30,N,AAPL,297.57,4.0,297.6,8.0,3.0,-13.0,2020-01-02 09:36:30.257422,297.59,297.63,0,0.03000000000002956,0.0888455162183277,1,-1,-0.3333333333333333,0.00169
296,2020-01-02 09:36:31,N,AAPL,297.59,2.0,297.63,4.0,0.0,2.0,2020-01-02 09:36:31.396061,297.6,297.64,0,0.040000000000020464,0.09217507283483428,1,1,-0.3333333333333333,0.00169
297,2020-01-02 09:36:32,N,AAPL,297.6,2.0,297.64,2.0,0.0,1.0,2020-01-02 09:36:32.040359,297.49,297.54,-1,0.03999999999996362,0.09223411654272695,1,-1,0.0,0.00169
298,2020-01-02 09:36:33,N,AAPL,297.49,1.0,297.54,4.0,-6.0,-1.0,2020-01-02 09:36:33.295929,297.49,297.54,0,0.05000000000001137,0.09673813488433325,1,1,-0.6,0.00169
299,2020-01-02 09:36:34,N,AAPL,297.49,3.0,297.54,1.0,1.0,0.0,2020-01-02 09:36:34.005001,297.55,297.59,1,0.05000000000001137,0.09385035119106533,1,1,0.5,0.00169
300,2020-01-02 09:36:35,N,AAPL,297.55,2.0,297.59,2.0,-4.0,0.0,2020-01-02 09:36:35.667565,297.53,297.57,0,0.03999999999996362,0.09389101205249517,1,-1,0.0,0.00169
301,2020-01-02 09:36:36,N,AAPL,297.53,2.0,297.57,3.0,0.0,1.0,2020-01-02 09:36:36.053132,297.61,297.64,1,0.040000000000020464,0.09569936446268912,1,1,-0.2,0.00169
302,2020-01-02 09:36:38,N,AAPL,297.61,1.0,297.64,2.0,-2.0,-1.0,2020-01-02 09:36:38.244889,297.58,297.62,0,0.029999999999972715,0.09858721916998547,1,-1,-0.3333333333333333,0.00169
303,2020-01-02 09:36:39,N,AAPL,297.58,2.0,297.62,2.0,1.0,0.0,2020-01-02 09:36:39.072727,297.64,297.68,1,0.040000000000020464,0.09481267200771981,1,1,0.0,0.00169
304,2020-01-02 09:36:41,N,AAPL,297.64,5.0,297.68,1.0,3.0,-1.0,2020-01-02 09:36:41.543096,297.67,297.71,0,0.040000000000020464,0.08653864457238569,1,1,0.6666666666666666,0.00169
305,2020-01-02 09:36:42,N,AAPL,297.67,3.0,297.71,5.0,-2.0,4.0,2020-01-02 09:36:42.091452,297.68,297.71,0,0.03999999999996362,0.08900163095535163,1,-1,-0.25,0.00169
306,2020-01-02 09:36:43,N,AAPL,297.68,2.0,297.71,2.0,-1.0,-3.0,2020-01-02 09:36:43.568376,297.68,297.72,0,0.029999999999972715,0.0899940047961536,1,-1,0.0,0.00169
307,2020-01-02 09:36:44,N,AAPL,297.68,5.0,297.72,2.0,4.0,0.0,2020-01-02 09:36:44.116612,297.74,297.77,1,0.040000000000020464,0.08439654925638251,0,1,0.42857142857142855,0.00169
308,2020-01-02 09:36:45,N,AAPL,297.74,4.0,297.77,3.0,2.0,2.0,2020-01-02 09:36:45.445791,297.75,297.78,0,0.029999999999972715,0.08355682499700379,0,-1,0.14285714285714285,0.00169
309,2020-01-02 09:36:47,N,AAPL,297.75,2.0,297.78,1.0,-1.0,-2.0,2020-01-02 09:36:47.129845,297.77,297.81,0,0.029999999999972715,0.08199145799557073,0,1,0.3333333333333333,0.00169
310,2020-01-02 09:36:48,N,AAPL,297.77,3.0,297.81,1.0,1.0,-1.0,2020-01-02 09:36:48.115219,297.77,297.84,0,0.040000000000020464,0.0802890621472443,0,1,0.5,0.00169
311,2020-01-02 09:36:49,N,AAPL,297.77,2.0,297.84,4.0,0.0,1.0,2020-01-02 09:36:49.350092,297.74,297.78,0,0.06999999999999318,0.0849977506658206,0,1,-0.3333333333333333,0.00207
312,2020-01-02 09:36:50,N,AAPL,297.74,3.0,297.78,4.0,1.0,0.0,2020-01-02 09:36:50.137792,297.72,297.77,0,0.03999999999996362,0.09170961502644559,1,-1,-0.14285714285714285,0.00207
313,2020-01-02 09:36:52,N,AAPL,297.72,6.0,297.77,1.0,4.0,-1.0,2020-01-02 09:36:52.035351,297.7,297.76,0,0.049999999999954525,0.08325641709461706,0,1,0.7142857142857143,0.00207
314,2020-01-02 09:36:53,N,AAPL,297.7,2.0,297.76,2.0,-1.0,0.0,2020-01-02 09:36:53.030330,297.75,297.78,0,0.060000000000002274,0.08601649143014356,1,1,0.0,0.00207
315,2020-01-02 09:36:54,N,AAPL,297.75,2.0,297.78,1.0,0.0,-1.0,2020-01-02 09:36:54.375452,297.71,297.76,0,0.029999999999972715,0.08729767031934443,1,-1,0.3333333333333333,0.00207
316,2020-01-02 09:36:55,N,AAPL,297.71,2.0,297.76,2.0,-3.0,0.0,2020-01-02 09:36:55.073681,297.7,297.73,0,0.05000000000001137,0.08693959725457034,1,1,0.0,0.00207
317,2020-01-02 09:36:56,N,AAPL,297.7,3.0,297.73,4.0,1.0,2.0,2020-01-02 09:36:56.491261,297.71,297.75,0,0.03000000000002956,0.08966488650327165,1,-1,-0.14285714285714285,0.00207
318,2020-01-02 09:36:57,N,AAPL,297.71,3.0,297.75,1.0,0.0,-1.0,2020-01-02 09:36:57.461158,297.75,297.79,0,0.040000000000020464,0.0860641548090939,1,1,0.5,0.00207
319,2020-01-02 09:36:58,N,AAPL,297.75,1.0,297.79,3.0,-1.0,2.0,2020-01-02 09:36:58.633246,297.79,297.83,0,0.040000000000020464,0.08500528884394498,0,1,-0.5,0.00207
320,2020-01-02 09:36:59,N,AAPL,297.79,1.0,297.83,2.0,-1.0,0.0,2020-01-02 09:36:59.371839,297.83,297.86,0,0.03999999999996362,0.07990838182297466,0,-1,-0.3333333333333333,0.00207
321,2020-01-02 09:37:00,N,AAPL,297.83,2.0,297.86,3.0,0.0,1.0,2020-01-02 09:37:00.038895,297.81,297.86,0,0.03000000000002956,0.08116270850445062,0,-1,-0.2,0.00207
322,2020-01-02 09:37:01,N,AAPL,297.81,1.0,297.86,3.0,-3.0,0.0,2020-01-02 09:37:01.020795,297.82,297.88,0,0.05000000000001137,0.08483709481123469,0,1,-0.5,0.00207
323,2020-01-02 09:37:02,N,AAPL,297.82,5.0,297.88,2.0,0.0,0.0,2020-01-02 09:37:02.236948,297.83,297.87,0,0.060000000000002274,0.08093153057842528,0,1,0.42857142857142855,0.00207
324,2020-01-02 09:37:03,N,AAPL,297.83,5.0,297.87,1.0,3.0,0.0,2020-01-02 09:37:03.905048,297.83,297.87,0,0.040000000000020464,0.0735174815559958,1,-1,0.6666666666666666,0.00207
325,2020-01-02 09:37:04,N,AAPL,297.83,6.0,297.87,2.0,4.0,1.0,2020-01-02 09:37:04.533270,297.88,297.91,1,0.040000000000020464,0.06809163168156829,1,1,0.5,0.00207
326,2020-01-02 09:37:05,N,AAPL,297.88,2.0,297.91,1.0,1.0,-7.0,2020-01-02 09:37:05.861976,297.87,297.91,0,0.03000000000002956,0.06258548209689252,1,-1,0.3333333333333333,0.00207
327,2020-01-02 09:37:06,N,AAPL,297.87,9.0,297.91,4.0,7.0,2.0,2020-01-02 09:37:06.028860,297.89,297.92,0,0.040000000000020464,0.05470801375611245,1,1,0.38461538461538464,0.00207
328,2020-01-02 09:37:08,N,AAPL,297.89,2.0,297.92,2.0,-2.0,-35.0,2020-01-02 09:37:08.010264,297.88,297.94,0,0.03000000000002956,0.048375490690148126,1,-1,0.0,0.00207
329,2020-01-02 09:37:09,N,AAPL,297.88,7.0,297.94,3.0,0.0,-2.0,2020-01-02 09:37:09.014001,297.91,297.94,0,0.060000000000002274,0.04227685327560948,1,1,0.4,0.00207
330,2020-01-02 09:37:10,N,AAPL,297.91,2.0,297.94,16.0,0.0,-1.0,2020-01-02 09:37:10.028238,297.91,297.94,0,0.029999999999972715,0.06471411034539187,1,-1,-0.7777777777777778,0.00207
331,2020-01-02 09:37:11,N,AAPL,297.91,4.0,297.94,1.0,3.0,-12.0,2020-01-02 09:37:11.290970,297.9,297.94,0,0.029999999999972715,0.05982541145800724,1,1,0.6,0.00207
332,2020-01-02 09:37:12,N,AAPL,297.9,10.0,297.94,2.0,8.0,1.0,2020-01-02 09:37:12.067130,297.89,297.92,0,0.040000000000020464,0.04808417419400257,1,1,0.6666666666666666,0.00207
333,2020-01-02 09:37:13,N,AAPL,297.89,5.0,297.92,3.0,3.0,2.0,2020-01-02 09:37:13.103426,297.85,297.89,0,0.03000000000002956,0.04520014232343783,1,-1,0.25,0.00207
334,2020-01-02 09:37:14,N,AAPL,297.85,1.0,297.89,4.0,0.0,2.0,2020-01-02 09:37:14.280673,297.83,297.89,0,0.03999999999996362,0.051077792485500595,1,1,-0.6,0.00207
335,2020-01-02 09:37:15,N,AAPL,297.83,5.0,297.89,2.0,3.0,0.0,2020-01-02 09:37:15.871083,297.82,297.87,0,0.060000000000002274,0.04937098618671598,1,1,0.42857142857142855,0.00207
336,2020-01-02 09:37:16,N,AAPL,297.82,1.0,297.87,2.0,-2.0,1.0,2020-01-02 09:37:16.035789,297.82,297.85,0,0.05000000000001137,0.05380640315053142,1,-1,-0.3333333333333333,0.00207
337,2020-01-02 09:37:17,N,AAPL,297.82,4.0,297.85,2.0,2.0,0.0,2020-01-02 09:37:17.403064,297.83,297.85,0,0.03000000000002956,0.049395336249233424,1,-1,0.3333333333333333,0.00207
338,2020-01-02 09:37:18,N,AAPL,297.83,2.0,297.85,1.0,-1.0,-2.0,2020-01-02 09:37:18.008681,297.76,297.81,-1,0.020000000000038654,0.04530619363202959,1,-1,0.3333333333333333,0.00207
339,2020-01-02 09:37:19,N,AAPL,297.76,2.0,297.81,3.0,-2.0,0.0,2020-01-02 09:37:19.052205,297.76,297.8,0,0.05000000000001137,0.050972814721944815,1,1,-0.2,0.00207
340,2020-01-02 09:37:20,N,AAPL,297.76,2.0,297.8,3.0,1.0,-1.0,2020-01-02 09:37:20.073953,297.73,297.76,0,0.040000000000020464,0.04773581011357919,1,-1,-0.2,0.00207
341,2020-01-02 09:37:21,N,AAPL,297.73,1.0,297.76,4.0,-1.0,2.0,2020-01-02 09:37:21.741995,297.7,297.73,0,0.029999999999972715,0.053200000000060754,1,-1,-0.6,0.00402
342,2020-01-02 09:37:22,N,AAPL,297.7,2.0,297.73,2.0,1.0,1.0,2020-01-02 09:37:22.507751,297.75,297.79,1,0.03000000000002956,0.053467647058823786,1,1,0.0,0.00402
343,2020-01-02 09:37:24,N,AAPL,297.75,2.0,297.79,5.0,0.0,2.0,2020-01-02 09:37:24.036087,297.83,297.88,1,0.040000000000020464,0.05902271593157593,1,1,-0.42857142857142855,0.00402
344,2020-01-02 09:37:25,N,AAPL,297.83,2.0,297.88,11.0,0.0,0.0,2020-01-02 09:37:25.263617,297.8,297.87,0,0.05000000000001137,0.07828880158604079,0,1,-0.6923076923076923,0.00402
345,2020-01-02 09:37:26,N,AAPL,297.8,5.0,297.87,2.0,3.0,0.0,2020-01-02 09:37:26.555496,297.83,297.88,0,0.06999999999999318,0.07128886293975256,1,1,0.42857142857142855,0.00402
346,2020-01-02 09:37:27,N,AAPL,297.83,2.0,297.88,3.0,0.0,1.0,2020-01-02 09:37:27.768152,297.75,297.83,0,0.05000000000001137,0.100012320923895,1,-1,-0.2,0.00402
347,2020-01-02 09:37:28,N,AAPL,297.75,2.0,297.83,5.0,-2.0,0.0,2020-01-02 09:37:28.018714,297.73,297.8,0,0.07999999999998408,0.10584806260396817,1,1,-0.42857142857142855,0.00402
348,2020-01-02 09:37:29,N,AAPL,297.73,2.0,297.8,5.0,1.0,2.0,2020-01-02 09:37:29.043019,297.71,297.76,0,0.06999999999999318,0.11036199529502255,1,-1,-0.42857142857142855,0.00402
349,2020-01-02 09:37:30,N,AAPL,297.71,4.0,297.76,100.0,2.0,98.0,2020-01-02 09:37:30.095776,297.71,297.75,0,0.05000000000001137,0.21716117684684377,1,-1,-0.9230769230769231,0.00402
350,2020-01-02 09:37:31,N,AAPL,297.71,4.0,297.75,1.0,0.0,-1.0,2020-01-02 09:37:31.113757,297.73,297.77,0,0.040000000000020464,0.21340859728508121,1,-1,0.6,0.00402
351,2020-01-02 09:37:32,N,AAPL,297.73,2.0,297.77,2.0,-26.0,0.0,2020-01-02 09:37:32.705095,297.73,297.76,0,0.03999999999996362,0.2118426055167788,1,-1,0.0,0.00402
352,2020-01-02 09:37:33,N,AAPL,297.73,1.0,297.76,2.0,-1.0,0.0,2020-01-02 09:37:33.705681,297.71,297.75,0,0.029999999999972715,0.21290527240427082,1,-1,-0.3333333333333333,0.00402
353,2020-01-02 09:37:34,N,AAPL,297.71,4.0,297.75,2.0,3.0,1.0,2020-01-02 09:37:34.150335,297.66,297.7,-1,0.040000000000020464,0.21030814479638593,1,1,0.3333333333333333,0.00402
354,2020-01-02 09:37:35,N,AAPL,297.66,6.0,297.7,3.0,-1.0,1.0,2020-01-02 09:37:35.086237,297.71,297.74,1,0.03999999999996362,0.20802337836539664,1,-1,0.3333333333333333,0.00402
355,2020-01-02 09:37:36,N,AAPL,297.71,1.0,297.74,4.0,-2.0,2.0,2020-01-02 09:37:36.113171,297.66,297.71,0,0.03000000000002956,0.20940713152361923,1,-1,-0.6,0.00491
356,2020-01-02 09:37:37,N,AAPL,297.66,5.0,297.71,4.0,1.0,2.0,2020-01-02 09:37:37.168632,297.7,297.74,0,0.049999999999954525,0.20916530522106314,1,1,0.1111111111111111,0.00491
357,2020-01-02 09:37:38,N,AAPL,297.7,1.0,297.74,3.0,-1.0,1.0,2020-01-02 09:37:38.174476,297.67,297.71,0,0.040000000000020464,0.18627930298936235,1,-1,-0.5,0.00491
358,2020-01-02 09:37:39,N,AAPL,297.67,2.0,297.71,2.0,0.0,1.0,2020-01-02 09:37:39.957436,297.68,297.72,0,0.03999999999996362,0.1843340778703464,1,-1,0.0,0.00491
359,2020-01-02 09:37:40,N,AAPL,297.68,2.0,297.72,1.0,0.0,-1.0,2020-01-02 09:37:40.288480,297.65,297.68,0,0.040000000000020464,0.18472045496031342,1,1,0.3333333333333333,0.00491
360,2020-01-02 09:37:41,N,AAPL,297.65,1.0,297.68,2.0,-2.0,-1.0,2020-01-02 09:37:41.219602,297.71,297.74,1,0.03000000000002956,0.18718048352280903,1,-1,-0.3333333333333333,0.00491
361,2020-01-02 09:37:42,N,AAPL,297.71,2.0,297.74,4.0,0.0,2.0,2020-01-02 09:37:42.429404,297.74,297.77,0,0.03000000000002956,0.19204827521565448,1,1,-0.3333333333333333,0.00491
362,2020-01-02 09:37:45,N,AAPL,297.74,4.0,297.77,4.0,3.0,-3.0,2020-01-02 09:37:45.367291,297.75,297.77,0,0.029999999999972715,0.1912449781531791,1,-1,0.0,0.00491
363,2020-01-02 09:37:47,N,AAPL,297.75,5.0,297.77,3.0,1.0,1.0,2020-01-02 09:37:47.130025,297.7,297.74,-1,0.01999999999998181,0.1784929456459281,1,-1,0.25,0.00491
364,2020-01-02 09:37:48,N,AAPL,297.7,5.0,297.74,1.0,3.0,0.0,2020-01-02 09:37:48.088425,297.67,297.71,0,0.040000000000020464,0.17733773554516574,1,1,0.6666666666666666,0.00491
365,2020-01-02 09:37:49,N,AAPL,297.67,2.0,297.71,2.0,-3.0,-1.0,2020-01-02 09:37:49.026122,297.61,297.65,-1,0.03999999999996362,0.17376108677211732,1,-1,0.0,0.00491
366,2020-01-02 09:37:50,N,AAPL,297.61,1.0,297.65,4.0,0.0,2.0,2020-01-02 09:37:50.257755,297.64,297.68,0,0.03999999999996362,0.17421041494225165,1,1,-0.6,0.00491
367,2020-01-02 09:37:51,N,AAPL,297.64,2.0,297.68,1.0,1.0,0.0,2020-01-02 09:37:51.006231,297.69,297.73,1,0.040000000000020464,0.1747784548218192,1,1,0.3333333333333333,0.00491
368,2020-01-02 09:37:52,N,AAPL,297.69,1.0,297.73,2.0,-4.0,-1.0,2020-01-02 09:37:52.296438,297.72,297.75,0,0.040000000000020464,0.18062748982595167,1,1,-0.3333333333333333,0.00491
369,2020-01-02 09:37:53,N,AAPL,297.72,3.0,297.75,6.0,1.0,4.0,2020-01-02 09:37:53.296659,297.73,297.78,0,0.029999999999972715,0.1825639769218128,1,-1,-0.3333333333333333,0.00491
370,2020-01-02 09:37:54,N,AAPL,297.73,3.0,297.78,3.0,1.0,-3.0,2020-01-02 09:37:54.422386,297.74,297.78,0,0.049999999999954525,0.17349196677383816,1,1,0.0,0.00491
371,2020-01-02 09:37:55,N,AAPL,297.74,4.0,297.78,1.0,2.0,0.0,2020-01-02 09:37:55.640045,297.76,297.8,0,0.03999999999996362,0.17339520606452652,1,-1,0.6,0.00491
372,2020-01-02 09:37:56,N,AAPL,297.76,3.0,297.8,2.0,-1.0,0.0,2020-01-02 09:37:56.605826,297.76,297.8,0,0.040000000000020464,0.17194711346201075,1,1,0.2,0.00491
373,2020-01-02 09:37:57,N,AAPL,297.76,2.0,297.8,2.0,1.0,0.0,2020-01-02 09:37:57.273190,297.74,297.78,0,0.040000000000020464,0.1716384642455182,1,1,0.0,0.00491
374,2020-01-02 09:37:58,N,AAPL,297.74,1.0,297.78,103.0,-1.0,102.0,2020-01-02 09:37:58.336019,297.69,297.72,-1,0.03999999999996362,0.24623670423505928,1,-1,-0.9807692307692307,0.00491
375,2020-01-02 09:37:59,N,AAPL,297.69,4.0,297.72,2.0,2.0,0.0,2020-01-02 09:37:59.199311,297.65,297.69,0,0.03000000000002956,0.2481571358022734,1,-1,0.3333333333333333,0.0077
376,2020-01-02 09:38:00,N,AAPL,297.65,2.0,297.69,2.0,0.0,0.0,2020-01-02 09:38:00.044154,297.7,297.73,1,0.040000000000020464,0.24577453590120513,1,1,0.0,0.0077
377,2020-01-02 09:38:01,N,AAPL,297.7,1.0,297.73,2.0,0.0,-98.0,2020-01-02 09:38:01.227958,297.67,297.71,0,0.03000000000002956,0.24598111782489696,1,-1,-0.3333333333333333,0.0077
378,2020-01-02 09:38:02,N,AAPL,297.67,1.0,297.71,4.0,-2.0,2.0,2020-01-02 09:38:02.028992,297.67,297.74,0,0.03999999999996362,0.25056841046284717,1,1,-0.6,0.0077
379,2020-01-02 09:38:03,N,AAPL,297.67,3.0,297.74,101.0,0.0,100.0,2020-01-02 09:38:03.190787,297.64,297.68,0,0.06999999999999318,0.3042587897007252,1,1,-0.9423076923076923,0.0077
380,2020-01-02 09:38:04,N,AAPL,297.64,4.0,297.68,4.0,3.0,2.0,2020-01-02 09:38:04.052821,297.64,297.68,0,0.040000000000020464,0.3035704673454802,1,-1,0.0,0.0077
381,2020-01-02 09:38:05,N,AAPL,297.64,4.0,297.68,4.0,-1.0,-3.0,2020-01-02 09:38:05.299726,297.62,297.66,0,0.040000000000020464,0.30468427528006714,1,1,0.0,0.0077
382,2020-01-02 09:38:06,N,AAPL,297.62,3.0,297.66,2.0,-1.0,0.0,2020-01-02 09:38:06.100717,297.63,297.68,0,0.040000000000020464,0.3025413822572318,1,1,0.2,0.0077
383,2020-01-02 09:38:07,N,AAPL,297.63,1.0,297.68,2.0,-2.0,0.0,2020-01-02 09:38:07.784663,297.61,297.63,0,0.05000000000001137,0.3024085271946433,1,1,-0.3333333333333333,0.0077
384,2020-01-02 09:38:08,N,AAPL,297.61,2.0,297.63,4.0,1.0,2.0,2020-01-02 09:38:08.360109,297.56,297.6,-1,0.01999999999998181,0.30370189707156214,1,-1,-0.3333333333333333,0.0077
385,2020-01-02 09:38:09,N,AAPL,297.56,10.0,297.6,4.0,8.0,1.0,2020-01-02 09:38:09.015424,297.5,297.53,-1,0.040000000000020464,0.291846222791321,1,1,0.42857142857142855,0.0077
386,2020-01-02 09:38:10,N,AAPL,297.5,10.0,297.53,2.0,-2.0,0.0,2020-01-02 09:38:10.066627,297.47,297.5,0,0.029999999999972715,0.30901591469296363,1,-1,0.6666666666666666,0.0077
387,2020-01-02 09:38:11,N,AAPL,297.47,2.0,297.5,2.0,0.0,0.0,2020-01-02 09:38:11.047298,297.51,297.54,1,0.029999999999972715,0.3048088166247567,1,1,0.0,0.0077
388,2020-01-02 09:38:12,N,AAPL,297.51,2.0,297.54,2.0,1.0,-1.0,2020-01-02 09:38:12.000450,297.53,297.58,0,0.03000000000002956,0.2987531761273772,1,1,0.0,0.0077
389,2020-01-02 09:38:13,N,AAPL,297.53,2.0,297.58,1.0,0.0,-1.0,2020-01-02 09:38:13.073666,297.55,297.6,0,0.05000000000001137,0.29558503726275376,1,1,0.3333333333333333,0.00834
390,2020-01-02 09:38:14,N,AAPL,297.55,2.0,297.6,1.0,0.0,0.0,2020-01-02 09:38:14.234933,297.56,297.6,0,0.05000000000001137,0.2958359916543145,1,1,0.3333333333333333,0.00834
391,2020-01-02 09:38:15,N,AAPL,297.56,2.0,297.6,1.0,0.0,0.0,2020-01-02 09:38:15.285198,297.55,297.57,0,0.040000000000020464,0.29270747835983,1,-1,0.3333333333333333,0.00834
392,2020-01-02 09:38:18,N,AAPL,297.55,1.0,297.57,4.0,-1.0,3.0,2020-01-02 09:38:18.001239,297.56,297.62,0,0.01999999999998181,0.2928341249071309,1,-1,-0.6,0.00834
393,2020-01-02 09:38:19,N,AAPL,297.56,2.0,297.62,3.0,0.0,0.0,2020-01-02 09:38:19.004738,297.56,297.59,0,0.060000000000002274,0.2839056955052115,1,1,-0.2,0.00834
394,2020-01-02 09:38:20,N,AAPL,297.56,3.0,297.59,2.0,1.0,0.0,2020-01-02 09:38:20.067770,297.59,297.62,0,0.029999999999972715,0.285504622236715,1,-1,0.2,0.00834
395,2020-01-02 09:38:22,N,AAPL,297.59,1.0,297.62,1.0,0.0,-2.0,2020-01-02 09:38:22.430444,297.61,297.65,0,0.03000000000002956,0.2828362844996377,1,1,0.0,0.00834
396,2020-01-02 09:38:23,N,AAPL,297.61,2.0,297.65,4.0,1.0,3.0,2020-01-02 09:38:23.484697,297.63,297.66,0,0.03999999999996362,0.28179471078743745,1,1,-0.3333333333333333,0.00834
397,2020-01-02 09:38:27,N,AAPL,297.63,4.0,297.66,2.0,2.0,1.0,2020-01-02 09:38:27.194325,297.63,297.66,0,0.03000000000002956,0.2727865529819269,1,-1,0.3333333333333333,0.00834
398,2020-01-02 09:38:28,N,AAPL,297.63,2.0,297.66,1.0,-6.0,-1.0,2020-01-02 09:38:28.690407,297.63,297.66,0,0.03000000000002956,0.26937725519474043,1,1,0.3333333333333333,0.00834
399,2020-01-02 09:38:29,N,AAPL,297.63,1.0,297.66,2.0,-1.0,1.0,2020-01-02 09:38:29.333117,297.61,297.64,0,0.03000000000002956,0.2667180970010463,1,1,-0.3333333333333333,0.00834
400,2020-01-02 09:38:30,N,AAPL,297.61,2.0,297.64,1.0,-2.0,-2.0,2020-01-02 09:38:30.150942,297.62,297.66,0,0.029999999999972715,0.26512179043550077,1,-1,0.3333333333333333,0.00834
401,2020-01-02 09:38:31,N,AAPL,297.62,2.0,297.66,4.0,0.0,0.0,2020-01-02 09:38:31.050486,297.69,297.73,1,0.040000000000020464,0.2685420839547987,1,1,-0.3333333333333333,0.00834
402,2020-01-02 09:38:33,N,AAPL,297.69,2.0,297.73,1.0,0.0,0.0,2020-01-02 09:38:33.136673,297.68,297.7,0,0.040000000000020464,0.2690267344860331,1,1,0.3333333333333333,0.00834
403,2020-01-02 09:38:35,N,AAPL,297.68,2.0,297.7,1.0,0.0,-1.0,2020-01-02 09:38:35.544630,297.63,297.65,-1,0.01999999999998181,0.27128514583057495,1,-1,0.3333333333333333,0.00834
404,2020-01-02 09:38:36,N,AAPL,297.63,1.0,297.65,4.0,-1.0,2.0,2020-01-02 09:38:36.040966,297.58,297.62,-1,0.01999999999998181,0.2696271193099733,1,1,-0.6,0.00834
405,2020-01-02 09:38:37,N,AAPL,297.58,1.0,297.62,1.0,0.0,-1.0,2020-01-02 09:38:37.065871,297.55,297.59,0,0.040000000000020464,0.2686979842281403,1,1,0.0,0.00834
406,2020-01-02 09:38:38,N,AAPL,297.55,1.0,297.59,3.0,0.0,1.0,2020-01-02 09:38:38.475316,297.55,297.59,0,0.03999999999996362,0.268660101748992,1,-1,-0.5,0.00834
407,2020-01-02 09:38:39,N,AAPL,297.55,1.0,297.59,2.0,0.0,0.0,2020-01-02 09:38:39.132646,297.5,297.54,-1,0.03999999999996362,0.26808074360366163,1,1,-0.3333333333333333,0.00834
408,2020-01-02 09:38:41,N,AAPL,297.5,6.0,297.54,1.0,3.0,-1.0,2020-01-02 09:38:41.513361,297.45,297.49,-1,0.040000000000020464,0.2661883318935452,1,1,0.7142857142857143,0.00834
409,2020-01-02 09:38:42,N,AAPL,297.45,14.0,297.49,4.0,4.0,3.0,2020-01-02 09:38:42.310913,297.45,297.48,0,0.040000000000020464,0.2602232472325454,1,1,0.5555555555555556,0.00834
410,2020-01-02 09:38:43,N,AAPL,297.45,13.0,297.48,4.0,-1.0,2.0,2020-01-02 09:38:43.909409,297.45,297.49,0,0.03000000000002956,0.24753560088009863,1,-1,0.5294117647058824,0.00834
411,2020-01-02 09:38:44,N,AAPL,297.45,13.0,297.49,3.0,0.0,0.0,2020-01-02 09:38:44.014589,297.41,297.45,0,0.040000000000020464,0.240137449006113,1,1,0.625,0.00834
412,2020-01-02 09:38:45,N,AAPL,297.41,4.0,297.45,1.0,2.0,-1.0,2020-01-02 09:38:45.448655,297.5,297.54,1,0.03999999999996362,0.23694254050093377,1,-1,0.6,0.00834
413,2020-01-02 09:38:46,N,AAPL,297.5,4.0,297.54,3.0,2.0,2.0,2020-01-02 09:38:46.598876,297.54,297.56,0,0.040000000000020464,0.23389159367906132,1,1,0.14285714285714285,0.00834
414,2020-01-02 09:38:47,N,AAPL,297.54,1.0,297.56,2.0,-1.0,1.0,2020-01-02 09:38:47.479923,297.5,297.51,-1,0.01999999999998181,0.23029036331945463,1,-1,-0.3333333333333333,0.00834
415,2020-01-02 09:38:48,N,AAPL,297.5,1.0,297.51,2.0,0.0,-1.0,2020-01-02 09:38:48.121246,297.54,297.57,1,0.009999999999990905,0.22837189345835895,1,-1,-0.3333333333333333,0.00834
416,2020-01-02 09:38:49,N,AAPL,297.54,4.0,297.57,1.0,2.0,-1.0,2020-01-02 09:38:49.624608,297.57,297.6,0,0.029999999999972715,0.22801920253255048,1,1,0.6,0.00834
417,2020-01-02 09:38:50,N,AAPL,297.57,2.0,297.6,11.0,0.0,10.0,2020-01-02 09:38:50.386738,297.54,297.58,0,0.03000000000002956,0.22939474335186105,1,1,-0.6923076923076923,0.00834
418,2020-01-02 09:38:51,N,AAPL,297.54,4.0,297.58,1.0,2.0,-1.0,2020-01-02 09:38:51.278041,297.58,297.6,0,0.03999999999996362,0.21340512961143077,1,1,0.6,0.00834
419,2020-01-02 09:38:52,N,AAPL,297.58,2.0,297.6,10.0,0.0,0.0,2020-01-02 09:38:52.193904,297.57,297.6,0,0.020000000000038654,0.21411472448045288,1,-1,-0.6666666666666666,0.00834
420,2020-01-02 09:38:55,N,AAPL,297.57,2.0,297.6,2.0,0.0,1.0,2020-01-02 09:38:55.840717,297.57,297.61,0,0.03000000000002956,0.21815899534090022,1,1,0.0,0.00858
421,2020-01-02 09:38:57,N,AAPL,297.57,1.0,297.61,3.0,-1.0,1.0,2020-01-02 09:38:57.911478,297.59,297.65,0,0.040000000000020464,0.21264632802694905,1,1,-0.5,0.00858
422,2020-01-02 09:38:58,N,AAPL,297.59,1.0,297.65,5.0,-1.0,2.0,2020-01-02 09:38:58.005310,297.65,297.69,0,0.060000000000002274,0.2114750237909675,1,1,-0.6666666666666666,0.00858
423,2020-01-02 09:39:00,N,AAPL,297.65,1.0,297.69,1.0,-1.0,0.0,2020-01-02 09:39:00.107837,297.73,297.76,1,0.040000000000020464,0.2137558788460865,1,-1,0.0,0.00858
424,2020-01-02 09:39:01,N,AAPL,297.73,4.0,297.76,1.0,3.0,0.0,2020-01-02 09:39:01.351726,297.74,297.77,0,0.029999999999972715,0.21110907497325115,1,-1,0.6,0.00858
425,2020-01-02 09:39:03,N,AAPL,297.74,1.0,297.77,1.0,0.0,-1.0,2020-01-02 09:39:03.118669,297.78,297.82,1,0.029999999999972715,0.21040503843454417,1,1,0.0,0.00858
426,2020-01-02 09:39:04,N,AAPL,297.78,1.0,297.82,1.0,-1.0,0.0,2020-01-02 09:39:04.355773,297.83,297.87,1,0.040000000000020464,0.20905350456024507,1,1,0.0,0.00858
427,2020-01-02 09:39:06,N,AAPL,297.83,2.0,297.87,2.0,1.0,1.0,2020-01-02 09:39:06.007717,297.88,297.92,1,0.040000000000020464,0.20289708403367968,1,1,0.0,0.00858
428,2020-01-02 09:39:07,N,AAPL,297.88,2.0,297.92,2.0,-2.0,0.0,2020-01-02 09:39:07.832761,297.88,297.93,0,0.040000000000020464,0.20178589840850236,1,1,0.0,0.00858
429,2020-01-02 09:39:08,N,AAPL,297.88,3.0,297.93,4.0,1.0,2.0,2020-01-02 09:39:08.266201,297.84,297.88,0,0.05000000000001137,0.19717288682244316,1,1,-0.14285714285714285,0.00858
430,2020-01-02 09:39:10,N,AAPL,297.84,2.0,297.88,2.0,-1.0,-2.0,2020-01-02 09:39:10.758179,297.79,297.83,-1,0.040000000000020464,0.2009036687442176,1,-1,0.0,0.00858
431,2020-01-02 09:39:11,N,AAPL,297.79,4.0,297.83,1.0,2.0,-1.0,2020-01-02 09:39:11.945791,297.74,297.8,0,0.03999999999996362,0.2014077100114946,1,-1,0.6,0.00858
432,2020-01-02 09:39:13,N,AAPL,297.74,3.0,297.8,2.0,-1.0,1.0,2020-01-02 09:39:13.356276,297.82,297.88,1,0.060000000000002274,0.19967961249420796,1,1,0.2,0.00858
433,2020-01-02 09:39:14,N,AAPL,297.82,2.0,297.88,2.0,0.0,-1.0,2020-01-02 09:39:14.854681,297.82,297.87,0,0.060000000000002274,0.19570745705902937,1,1,0.0,0.00858
434,2020-01-02 09:39:15,N,AAPL,297.82,1.0,297.87,1.0,-1.0,-1.0,2020-01-02 09:39:15.164734,297.85,297.89,0,0.05000000000001137,0.18137119480411457,1,-1,0.0,0.00858
435,2020-01-02 09:39:16,N,AAPL,297.85,2.0,297.89,1.0,-2.0,-2.0,2020-01-02 09:39:16.288535,297.77,297.82,-1,0.03999999999996362,0.18151196127479352,1,-1,0.3333333333333333,0.00858
436,2020-01-02 09:39:17,N,AAPL,297.77,2.0,297.82,5.0,-1.0,2.0,2020-01-02 09:39:17.755453,297.76,297.79,0,0.05000000000001137,0.169829572484673,1,1,-0.42857142857142855,0.00858
437,2020-01-02 09:39:18,N,AAPL,297.76,4.0,297.79,1.0,2.0,-1.0,2020-01-02 09:39:18.912967,297.75,297.78,0,0.03000000000002956,0.16760405255632804,1,-1,0.6,0.00858
438,2020-01-02 09:39:20,N,AAPL,297.75,1.0,297.78,1.0,0.0,0.0,2020-01-02 09:39:20.294297,297.72,297.75,0,0.029999999999972715,0.16365438361304996,1,-1,0.0,0.00858
439,2020-01-02 09:39:21,N,AAPL,297.72,3.0,297.75,1.0,2.0,-4.0,2020-01-02 09:39:21.177498,297.69,297.73,0,0.029999999999972715,0.16062477839892608,1,1,0.5,0.00858
440,2020-01-02 09:39:22,N,AAPL,297.69,2.0,297.73,1.0,0.0,-1.0,2020-01-02 09:39:22.132761,297.77,297.81,1,0.040000000000020464,0.15946865859814352,1,1,0.3333333333333333,0.00858
441,2020-01-02 09:39:23,N,AAPL,297.77,2.0,297.81,6.0,-2.0,4.0,2020-01-02 09:39:23.135076,297.74,297.8,0,0.040000000000020464,0.18226877351480653,1,1,-0.5,0.00858
442,2020-01-02 09:39:24,N,AAPL,297.74,2.0,297.8,7.0,-2.0,5.0,2020-01-02 09:39:24.186547,297.73,297.77,0,0.060000000000002274,0.18168521221451783,1,1,-0.5555555555555556,0.00858
443,2020-01-02 09:39:25,N,AAPL,297.73,2.0,297.77,2.0,0.0,0.0,2020-01-02 09:39:25.485313,297.73,297.77,0,0.03999999999996362,0.17790565543828052,1,-1,0.0,0.00858
444,2020-01-02 09:39:26,N,AAPL,297.73,2.0,297.77,2.0,1.0,0.0,2020-01-02 09:39:26.282530,297.69,297.74,0,0.03999999999996362,0.1729926579357084,1,1,0.0,0.00858
445,2020-01-02 09:39:27,N,AAPL,297.69,3.0,297.74,2.0,1.0,0.0,2020-01-02 09:39:27.005118,297.57,297.6,-1,0.05000000000001137,0.1705384600354023,1,1,0.2,0.00858
446,2020-01-02 09:39:28,N,AAPL,297.57,1.0,297.6,2.0,0.0,0.0,2020-01-02 09:39:28.264454,297.56,297.6,0,0.03000000000002956,0.17025425640343883,1,-1,-0.3333333333333333,0.00858
447,2020-01-02 09:39:29,N,AAPL,297.56,1.0,297.6,2.0,-1.0,0.0,2020-01-02 09:39:29.031613,297.55,297.59,0,0.040000000000020464,0.17110011494986566,1,1,-0.3333333333333333,0.00858
448,2020-01-02 09:39:30,N,AAPL,297.55,1.0,297.59,3.0,0.0,1.0,2020-01-02 09:39:30.170554,297.51,297.56,0,0.03999999999996362,0.1707589150607305,1,-1,-0.5,0.00858
449,2020-01-02 09:39:31,N,AAPL,297.51,4.0,297.56,2.0,2.0,0.0,2020-01-02 09:39:31.000307,297.53,297.57,0,0.05000000000001137,0.16598253029013676,1,1,0.3333333333333333,0.00858
450,2020-01-02 09:39:32,N,AAPL,297.53,2.0,297.57,2.0,0.0,0.0,2020-01-02 09:39:32.078124,297.49,297.51,-1,0.040000000000020464,0.16176987385478014,1,-1,0.0,0.00858
451,2020-01-02 09:39:34,N,AAPL,297.49,2.0,297.51,2.0,-3.0,0.0,2020-01-02 09:39:34.981368,297.45,297.5,0,0.01999999999998181,0.16124775812915004,1,-1,0.0,0.00858
452,2020-01-02 09:39:35,N,AAPL,297.45,9.0,297.5,4.0,8.0,2.0,2020-01-02 09:39:35.636942,297.46,297.49,0,0.05000000000001137,0.15664770164181618,1,1,0.38461538461538464,0.00858
453,2020-01-02 09:39:36,N,AAPL,297.46,4.0,297.49,2.0,-5.0,-2.0,2020-01-02 09:39:36.521745,297.39,297.44,-1,0.03000000000002956,0.1554200345108825,1,-1,0.3333333333333333,0.00858
454,2020-01-02 09:39:37,N,AAPL,297.39,4.0,297.44,3.0,3.0,0.0,2020-01-02 09:39:37.046027,297.41,297.45,0,0.05000000000001137,0.1525096595161699,1,1,0.14285714285714285,0.00858
455,2020-01-02 09:39:39,N,AAPL,297.41,4.0,297.45,1.0,-6.0,-2.0,2020-01-02 09:39:39.593809,297.42,297.45,0,0.03999999999996362,0.154493116192441,1,-1,0.6,0.00858
456,2020-01-02 09:39:40,N,AAPL,297.42,4.0,297.45,2.0,0.0,0.0,2020-01-02 09:39:40.079784,297.41,297.46,0,0.029999999999972715,0.15475048177040662,1,-1,0.3333333333333333,0.00858
457,2020-01-02 09:39:43,N,AAPL,297.41,2.0,297.46,3.0,0.0,2.0,2020-01-02 09:39:43.103238,297.41,297.45,0,0.049999999999954525,0.15597974845985618,1,1,-0.2,0.00858
458,2020-01-02 09:39:44,N,AAPL,297.41,4.0,297.45,2.0,2.0,-1.0,2020-01-02 09:39:44.658095,297.42,297.46,0,0.03999999999996362,0.15535719485654909,1,-1,0.3333333333333333,0.00858
459,2020-01-02 09:39:45,N,AAPL,297.42,4.0,297.46,1.0,2.0,-1.0,2020-01-02 09:39:45.073958,297.49,297.53,1,0.03999999999996362,0.15416569021454052,1,1,0.6,0.00889
460,2020-01-02 09:39:47,N,AAPL,297.49,2.0,297.53,2.0,-2.0,1.0,2020-01-02 09:39:47.585440,297.42,297.45,-1,0.03999999999996362,0.15308544031660176,1,1,0.0,0.00889
461,2020-01-02 09:39:48,N,AAPL,297.42,5.0,297.45,2.0,4.0,0.0,2020-01-02 09:39:48.102098,297.45,297.5,0,0.029999999999972715,0.1425121622415304,1,-1,0.42857142857142855,0.00889
462,2020-01-02 09:39:49,N,AAPL,297.45,2.0,297.5,3.0,-2.0,0.0,2020-01-02 09:39:49.109060,297.44,297.48,0,0.05000000000001137,0.14211807317769853,1,1,-0.2,0.00889
463,2020-01-02 09:39:52,N,AAPL,297.44,3.0,297.48,2.0,2.0,0.0,2020-01-02 09:39:52.172489,297.46,297.49,0,0.040000000000020464,0.1431653239808952,1,-1,0.2,0.00889
464,2020-01-02 09:39:53,N,AAPL,297.46,1.0,297.49,2.0,-2.0,0.0,2020-01-02 09:39:53.044477,297.39,297.41,-1,0.03000000000002956,0.14267061257135083,1,-1,-0.3333333333333333,0.00889
465,2020-01-02 09:39:54,N,AAPL,297.39,1.0,297.41,2.0,0.0,1.0,2020-01-02 09:39:54.120419,297.36,297.41,0,0.020000000000038654,0.1420539723286538,1,-1,-0.3333333333333333,0.00889
466,2020-01-02 09:39:55,N,AAPL,297.36,2.0,297.41,3.0,-2.0,2.0,2020-01-02 09:39:55.781764,297.34,297.41,0,0.05000000000001137,0.1455198986456594,1,1,-0.2,0.00889
467,2020-01-02 09:39:56,N,AAPL,297.34,2.0,297.41,4.0,-1.0,1.0,2020-01-02 09:39:56.072154,297.32,297.36,0,0.07000000000005002,0.14382627044136598,1,1,-0.3333333333333333,0.00889
468,2020-01-02 09:39:57,N,AAPL,297.32,1.0,297.36,2.0,-4.0,0.0,2020-01-02 09:39:57.550382,297.22,297.27,-1,0.040000000000020464,0.1422462407035141,1,-1,-0.3333333333333333,0.00889
469,2020-01-02 09:39:58,N,AAPL,297.22,9.0,297.27,2.0,7.0,1.0,2020-01-02 09:39:58.265685,297.24,297.28,0,0.049999999999954525,0.14218016580599624,1,1,0.6363636363636364,0.00889
470,2020-01-02 09:39:59,N,AAPL,297.24,2.0,297.28,2.0,-7.0,0.0,2020-01-02 09:39:59.429425,297.29,297.33,1,0.03999999999996362,0.14183037764524897,1,-1,0.0,0.00889
471,2020-01-02 09:40:00,N,AAPL,297.29,1.0,297.33,2.0,-1.0,1.0,2020-01-02 09:40:00.333388,297.38,297.41,1,0.03999999999996362,0.14205739750434532,1,1,-0.3333333333333333,0.00889
472,2020-01-02 09:40:01,N,AAPL,297.38,1.0,297.41,1.0,-3.0,0.0,2020-01-02 09:40:01.115477,297.39,297.44,0,0.03000000000002956,0.14099264407639112,1,-1,0.0,0.00889
473,2020-01-02 09:40:02,N,AAPL,297.39,2.0,297.44,3.0,0.0,-1.0,2020-01-02 09:40:02.071149,297.39,297.44,0,0.05000000000001137,0.13872756517866947,1,1,-0.2,0.00889
474,2020-01-02 09:40:03,N,AAPL,297.39,1.0,297.44,2.0,-1.0,0.0,2020-01-02 09:40:03.030377,297.43,297.47,0,0.05000000000001137,0.15270093457934308,1,1,-0.3333333333333333,0.00889
475,2020-01-02 09:40:04,N,AAPL,297.43,2.0,297.47,1.0,0.0,-1.0,2020-01-02 09:40:04.388813,297.46,297.49,0,0.040000000000020464,0.1516618059696384,1,-1,0.3333333333333333,0.00889
476,2020-01-02 09:40:05,N,AAPL,297.46,1.0,297.49,2.0,-1.0,-2.0,2020-01-02 09:40:05.902963,297.42,297.49,0,0.03000000000002956,0.15215484249489464,1,-1,-0.3333333333333333,0.00889
477,2020-01-02 09:40:06,N,AAPL,297.42,2.0,297.49,2.0,1.0,0.0,2020-01-02 09:40:06.222579,297.47,297.5,0,0.06999999999999318,0.15181307531770472,1,1,0.0,0.00889
478,2020-01-02 09:40:08,N,AAPL,297.47,1.0,297.5,1.0,-1.0,-1.0,2020-01-02 09:40:08.294438,297.51,297.55,1,0.029999999999972715,0.15144727266249447,1,-1,0.0,0.00889
479,2020-01-02 09:40:09,N,AAPL,297.51,2.0,297.55,1.0,-2.0,0.0,2020-01-02 09:40:09.003740,297.47,297.52,0,0.040000000000020464,0.15091614217107008,1,1,0.3333333333333333,0.00889
480,2020-01-02 09:40:10,N,AAPL,297.47,6.0,297.52,4.0,5.0,-1.0,2020-01-02 09:40:10.043919,297.46,297.5,0,0.049999999999954525,0.14987990230667947,1,1,0.2,0.00889
481,2020-01-02 09:40:11,N,AAPL,297.46,2.0,297.5,2.0,1.0,0.0,2020-01-02 09:40:11.159500,297.48,297.52,0,0.040000000000020464,0.14947433484132944,1,-1,0.0,0.00889
482,2020-01-02 09:40:12,N,AAPL,297.48,1.0,297.52,2.0,-1.0,-2.0,2020-01-02 09:40:12.291878,297.53,297.55,1,0.03999999999996362,0.14449480501406242,1,-1,-0.3333333333333333,0.00889
483,2020-01-02 09:40:13,N,AAPL,297.53,1.0,297.55,5.0,-1.0,3.0,2020-01-02 09:40:13.839063,297.51,297.55,0,0.020000000000038654,0.1395843672729029,1,-1,-0.6666666666666666,0.00889
484,2020-01-02 09:40:14,N,AAPL,297.51,1.0,297.55,1.0,-2.0,0.0,2020-01-02 09:40:14.207564,297.51,297.54,0,0.040000000000020464,0.1321494363347142,1,1,0.0,0.00889
485,2020-01-02 09:40:16,N,AAPL,297.51,3.0,297.54,4.0,2.0,3.0,2020-01-02 09:40:16.283830,297.55,297.58,1,0.03000000000002956,0.1313879967349294,1,-1,-0.14285714285714285,0.00889
486,2020-01-02 09:40:17,N,AAPL,297.55,1.0,297.58,1.0,-1.0,0.0,2020-01-02 09:40:17.165926,297.58,297.62,0,0.029999999999972715,0.13211088416483108,1,-1,0.0,0.00889
487,2020-01-02 09:40:18,N,AAPL,297.58,2.0,297.62,1.0,1.0,0.0,2020-01-02 09:40:18.119728,297.6,297.64,0,0.040000000000020464,0.13041741688397224,1,1,0.3333333333333333,0.00889
488,2020-01-02 09:40:19,N,AAPL,297.6,2.0,297.64,4.0,0.0,2.0,2020-01-02 09:40:19.437610,297.57,297.59,-1,0.03999999999996362,0.12986459115847993,1,-1,-0.3333333333333333,0.00889
489,2020-01-02 09:40:20,N,AAPL,297.57,2.0,297.59,2.0,0.0,-1.0,2020-01-02 09:40:20.074094,297.55,297.57,0,0.01999999999998181,0.12941279816715223,1,-1,0.0,0.00889
490,2020-01-02 09:40:21,N,AAPL,297.55,2.0,297.57,3.0,0.0,1.0,2020-01-02 09:40:21.474468,297.55,297.58,0,0.01999999999998181,0.12991182311657212,1,1,-0.2,0.00889
491,2020-01-02 09:40:27,N,AAPL,297.55,6.0,297.58,2.0,5.0,0.0,2020-01-02 09:40:27.667299,297.52,297.55,0,0.029999999999972715,0.12889308601518223,1,1,0.5,0.00889
492,2020-01-02 09:40:28,N,AAPL,297.52,1.0,297.55,2.0,-5.0,0.0,2020-01-02 09:40:28.371168,297.54,297.57,0,0.03000000000002956,0.12630451192859482,1,1,-0.3333333333333333,0.00889
493,2020-01-02 09:40:30,N,AAPL,297.54,4.0,297.57,1.0,3.0,-1.0,2020-01-02 09:40:30.886974,297.54,297.57,0,0.029999999999972715,0.12410748122056248,1,-1,0.6,0.00889
494,2020-01-02 09:40:31,N,AAPL,297.54,4.0,297.57,4.0,0.0,3.0,2020-01-02 09:40:31.462971,297.51,297.52,-1,0.029999999999972715,0.12121597648513216,0,1,0.0,0.00889
495,2020-01-02 09:40:32,N,AAPL,297.51,1.0,297.52,2.0,0.0,1.0,2020-01-02 09:40:32.695239,297.49,297.53,0,0.009999999999990905,0.11830087037816384,0,-1,-0.3333333333333333,0.00889
496,2020-01-02 09:40:33,N,AAPL,297.49,3.0,297.53,1.0,-1.0,0.0,2020-01-02 09:40:33.002751,297.48,297.5,0,0.03999999999996362,0.11544553008747016,0,1,0.5,0.00889
497,2020-01-02 09:40:34,N,AAPL,297.48,1.0,297.5,2.0,-2.0,1.0,2020-01-02 09:40:34.328879,297.51,297.53,1,0.01999999999998181,0.1160060788578221,0,-1,-0.3333333333333333,0.00889
498,2020-01-02 09:40:37,N,AAPL,297.51,2.0,297.53,2.0,-1.0,0.0,2020-01-02 09:40:37.400173,297.51,297.54,0,0.01999999999998181,0.11545275779377562,0,1,0.0,0.00889
499,2020-01-02 09:40:38,N,AAPL,297.51,4.0,297.54,1.0,1.0,-1.0,2020-01-02 09:40:38.219025,297.49,297.51,0,0.03000000000002956,0.11398096138862002,0,1,0.6,0.00889
500,2020-01-02 09:40:39,N,AAPL,297.49,1.0,297.51,4.0,-1.0,3.0,2020-01-02 09:40:39.688104,297.49,297.52,0,0.01999999999998181,0.11127056054596096,0,-1,-0.6,0.0092
501,2020-01-02 09:40:41,N,AAPL,297.49,3.0,297.52,1.0,1.0,-1.0,2020-01-02 09:40:41.140371,297.48,297.51,0,0.029999999999972715,0.11082741480822733,0,1,0.5,0.0092
502,2020-01-02 09:40:42,N,AAPL,297.48,3.0,297.51,3.0,2.0,-1.0,2020-01-02 09:40:42.169010,297.46,297.5,0,0.029999999999972715,0.10934890094057437,1,1,0.0,0.0092
503,2020-01-02 09:40:43,N,AAPL,297.46,3.0,297.5,1.0,0.0,-1.0,2020-01-02 09:40:43.115932,297.54,297.55,1,0.040000000000020464,0.10900125902429636,1,1,0.5,0.0092
504,2020-01-02 09:40:44,N,AAPL,297.54,2.0,297.55,2.0,0.0,1.0,2020-01-02 09:40:44.783600,297.61,297.63,1,0.009999999999990905,0.10727365319650062,1,-1,0.0,0.0092
505,2020-01-02 09:40:45,N,AAPL,297.61,1.0,297.63,2.0,-1.0,0.0,2020-01-02 09:40:45.491661,297.66,297.69,1,0.01999999999998181,0.10745134114034727,1,1,-0.3333333333333333,0.0092
506,2020-01-02 09:40:46,N,AAPL,297.66,2.0,297.69,2.0,0.0,-1.0,2020-01-02 09:40:46.151741,297.69,297.71,0,0.029999999999972715,0.10666622460001918,1,1,0.0,0.0092
507,2020-01-02 09:40:47,N,AAPL,297.69,1.0,297.71,2.0,-1.0,0.0,2020-01-02 09:40:47.171479,297.66,297.69,0,0.01999999999998181,0.10560172543080171,1,-1,-0.3333333333333333,0.0092
508,2020-01-02 09:40:48,N,AAPL,297.66,6.0,297.69,4.0,4.0,0.0,2020-01-02 09:40:48.479247,297.6,297.63,-1,0.029999999999972715,0.10533737103344265,1,1,0.2,0.0092
509,2020-01-02 09:40:49,N,AAPL,297.6,1.0,297.63,4.0,0.0,2.0,2020-01-02 09:40:49.665078,297.6,297.64,0,0.029999999999972715,0.1047946007292353,1,1,-0.6,0.0092
510,2020-01-02 09:40:50,N,AAPL,297.6,6.0,297.64,1.0,5.0,-3.0,2020-01-02 09:40:50.409931,297.61,297.65,0,0.03999999999996362,0.105537300681533,1,1,0.7142857142857143,0.0092
511,2020-01-02 09:40:51,N,AAPL,297.61,1.0,297.65,1.0,-5.0,0.0,2020-01-02 09:40:51.219875,297.62,297.66,0,0.03999999999996362,0.10343621137621994,1,1,0.0,0.0092
512,2020-01-02 09:40:53,N,AAPL,297.62,2.0,297.66,2.0,1.0,0.0,2020-01-02 09:40:53.004469,297.64,297.65,0,0.040000000000020464,0.1021401203061032,1,1,0.0,0.0092
513,2020-01-02 09:40:54,N,AAPL,297.64,3.0,297.65,4.0,2.0,3.0,2020-01-02 09:40:54.134778,297.64,297.67,0,0.009999999999990905,0.10156432117190661,1,-1,-0.14285714285714285,0.0092
514,2020-01-02 09:40:56,N,AAPL,297.64,5.0,297.67,3.0,2.0,0.0,2020-01-02 09:40:56.174354,297.64,297.66,0,0.03000000000002956,0.0999241554432615,1,1,0.25,0.0092
515,2020-01-02 09:40:57,N,AAPL,297.64,6.0,297.66,4.0,1.0,1.0,2020-01-02 09:40:57.107091,297.61,297.66,0,0.020000000000038654,0.09745198452208115,1,-1,0.2,0.0092
516,2020-01-02 09:40:58,N,AAPL,297.61,5.0,297.66,2.0,3.0,-1.0,2020-01-02 09:40:58.886762,297.63,297.66,0,0.05000000000001137,0.09279181030677819,1,1,0.42857142857142855,0.0092
517,2020-01-02 09:40:59,N,AAPL,297.63,4.0,297.66,2.0,-1.0,0.0,2020-01-02 09:40:59.803426,297.65,297.68,0,0.03000000000002956,0.09146752345725417,1,-1,0.3333333333333333,0.0092
518,2020-01-02 09:41:00,N,AAPL,297.65,2.0,297.68,2.0,0.0,0.0,2020-01-02 09:41:00.319051,297.66,297.69,0,0.03000000000002956,0.09104818069698695,1,1,0.0,0.0092
519,2020-01-02 09:41:03,N,AAPL,297.66,4.0,297.69,1.0,3.0,-1.0,2020-01-02 09:41:03.088856,297.65,297.67,0,0.029999999999972715,0.09215458397028442,1,-1,0.6,0.0092
520,2020-01-02 09:41:05,N,AAPL,297.65,1.0,297.67,2.0,-1.0,1.0,2020-01-02 09:41:05.864634,297.6,297.63,-1,0.020000000000038654,0.09132292081193327,1,-1,-0.3333333333333333,0.0092
521,2020-01-02 09:41:06,N,AAPL,297.6,1.0,297.63,1.0,-1.0,-4.0,2020-01-02 09:41:06.068185,297.59,297.61,0,0.029999999999972715,0.09066545817142924,1,1,0.0,0.0092
522,2020-01-02 09:41:07,N,AAPL,297.59,2.0,297.61,4.0,1.0,1.0,2020-01-02 09:41:07.130836,297.5,297.53,-1,0.020000000000038654,0.09000016554114154,1,-1,-0.3333333333333333,0.0092
523,2020-01-02 09:41:10,N,AAPL,297.5,33.0,297.53,1.0,20.0,-1.0,2020-01-02 09:41:10.879673,297.52,297.54,0,0.029999999999972715,0.09224603754466898,1,1,0.9411764705882353,0.0092
524,2020-01-02 09:41:12,N,AAPL,297.52,2.0,297.54,2.0,-31.0,1.0,2020-01-02 09:41:12.572597,297.51,297.54,0,0.020000000000038654,0.09638147079448345,1,-1,0.0,0.0092
525,2020-01-02 09:41:13,N,AAPL,297.51,4.0,297.54,2.0,2.0,0.0,2020-01-02 09:41:13.239874,297.53,297.56,0,0.03000000000002956,0.09533495410522619,1,1,0.3333333333333333,0.0092
526,2020-01-02 09:41:15,N,AAPL,297.53,1.0,297.56,1.0,-1.0,-3.0,2020-01-02 09:41:15.361042,297.56,297.59,0,0.03000000000002956,0.09556245691925369,1,1,0.0,0.0092
527,2020-01-02 09:41:16,N,AAPL,297.56,2.0,297.59,2.0,1.0,1.0,2020-01-02 09:41:16.212491,297.58,297.61,0,0.029999999999972715,0.09501346102842945,1,-1,0.0,0.0092
528,2020-01-02 09:41:17,N,AAPL,297.58,2.0,297.61,1.0,0.0,-1.0,2020-01-02 09:41:17.074292,297.62,297.66,1,0.03000000000002956,0.09491809112938654,1,1,0.3333333333333333,0.0092
529,2020-01-02 09:41:18,N,AAPL,297.62,3.0,297.66,1.0,1.0,0.0,2020-01-02 09:41:18.084680,297.63,297.66,0,0.040000000000020464,0.09455169637232075,1,1,0.5,0.0092
530,2020-01-02 09:41:19,N,AAPL,297.63,2.0,297.66,1.0,-1.0,-1.0,2020-01-02 09:41:19.678765,297.63,297.67,0,0.03000000000002956,0.09475431130141487,1,-1,0.3333333333333333,0.0092
531,2020-01-02 09:41:20,N,AAPL,297.63,3.0,297.67,2.0,-1.0,0.0,2020-01-02 09:41:20.594044,297.64,297.67,0,0.040000000000020464,0.09254079811358906,1,1,0.2,0.0092
532,2020-01-02 09:41:21,N,AAPL,297.64,5.0,297.67,31.0,2.0,30.0,2020-01-02 09:41:21.333165,297.63,297.66,0,0.03000000000002956,0.09120642706722037,1,-1,-0.7222222222222222,0.00936
533,2020-01-02 09:41:22,N,AAPL,297.63,2.0,297.66,30.0,-3.0,29.0,2020-01-02 09:41:22.693520,297.61,297.64,0,0.03000000000002956,0.09126031455917882,1,1,-0.875,0.00936
534,2020-01-02 09:41:23,N,AAPL,297.61,4.0,297.64,5.0,3.0,-25.0,2020-01-02 09:41:23.517541,297.53,297.55,-1,0.029999999999972715,0.08964677952104694,1,-1,-0.1111111111111111,0.00936
535,2020-01-02 09:41:24,N,AAPL,297.53,1.0,297.55,1.0,-1.0,-26.0,2020-01-02 09:41:24.426536,297.52,297.56,0,0.020000000000038654,0.09056899641575455,1,-1,0.0,0.00936
536,2020-01-02 09:41:25,N,AAPL,297.52,2.0,297.56,2.0,-6.0,1.0,2020-01-02 09:41:25.197293,297.5,297.54,0,0.040000000000020464,0.09081913108326489,1,1,0.0,0.00936
537,2020-01-02 09:41:27,N,AAPL,297.5,9.0,297.54,3.0,7.0,1.0,2020-01-02 09:41:27.254369,297.48,297.5,0,0.040000000000020464,0.09109916182751476,1,1,0.5,0.00936
538,2020-01-02 09:41:28,N,AAPL,297.48,6.0,297.5,4.0,3.0,2.0,2020-01-02 09:41:28.273607,297.43,297.46,-1,0.01999999999998181,0.09101628778131499,1,-1,0.2,0.00936
539,2020-01-02 09:41:29,N,AAPL,297.43,1.0,297.46,2.0,0.0,1.0,2020-01-02 09:41:29.215064,297.43,297.45,0,0.029999999999972715,0.09078297459461737,1,1,-0.3333333333333333,0.00936
540,2020-01-02 09:41:30,N,AAPL,297.43,4.0,297.45,4.0,3.0,2.0,2020-01-02 09:41:30.862669,297.45,297.46,0,0.01999999999998181,0.09025167836375658,1,-1,0.0,0.00936
541,2020-01-02 09:41:31,N,AAPL,297.45,1.0,297.46,1.0,-3.0,-1.0,2020-01-02 09:41:31.231405,297.43,297.47,0,0.009999999999990905,0.08706661406313287,1,-1,0.0,0.00936
542,2020-01-02 09:41:32,N,AAPL,297.43,3.0,297.47,4.0,0.0,2.0,2020-01-02 09:41:32.031160,297.47,297.49,0,0.040000000000020464,0.09297561103886665,1,1,-0.14285714285714285,0.00936
543,2020-01-02 09:41:33,N,AAPL,297.47,2.0,297.49,2.0,-1.0,1.0,2020-01-02 09:41:33.899870,297.46,297.49,0,0.01999999999998181,0.09339368008375004,1,-1,0.0,0.00936
544,2020-01-02 09:41:34,N,AAPL,297.46,1.0,297.49,2.0,0.0,0.0,2020-01-02 09:41:34.002003,297.47,297.49,0,0.03000000000002956,0.09258447950213622,1,1,-0.3333333333333333,0.00936
545,2020-01-02 09:41:37,N,AAPL,297.47,2.0,297.49,5.0,0.0,0.0,2020-01-02 09:41:37.479926,297.34,297.38,-1,0.01999999999998181,0.09196916262379773,1,-1,-0.42857142857142855,0.00936
546,2020-01-02 09:41:44,N,AAPL,297.34,5.0,297.38,2.0,4.0,0.0,2020-01-02 09:41:44.671988,297.31,297.34,0,0.040000000000020464,0.09209069391243929,1,1,0.42857142857142855,0.00936
547,2020-01-02 09:41:45,N,AAPL,297.31,1.0,297.34,1.0,-4.0,-1.0,2020-01-02 09:41:45.124075,297.31,297.33,0,0.029999999999972715,0.09171674784084871,1,-1,0.0,0.00936
548,2020-01-02 09:41:46,N,AAPL,297.31,3.0,297.33,1.0,1.0,0.0,2020-01-02 09:41:46.244624,297.32,297.35,0,0.01999999999998181,0.09312520183124207,1,-1,0.5,0.00936
549,2020-01-02 09:41:47,N,AAPL,297.32,2.0,297.35,1.0,0.0,0.0,2020-01-02 09:41:47.784756,297.28,297.31,-1,0.03000000000002956,0.09363323584523187,1,1,0.3333333333333333,0.00936
550,2020-01-02 09:41:55,N,AAPL,297.28,2.0,297.31,2.0,-1.0,1.0,2020-01-02 09:41:55.300310,297.24,297.27,-1,0.03000000000002956,0.09335249696414394,1,1,0.0,0.00936
551,2020-01-02 09:41:56,N,AAPL,297.24,2.0,297.27,2.0,1.0,1.0,2020-01-02 09:41:56.048036,297.26,297.28,0,0.029999999999972715,0.09369632647894832,1,-1,0.0,0.00936
552,2020-01-02 09:41:57,N,AAPL,297.26,2.0,297.28,1.0,0.0,-2.0,2020-01-02 09:41:57.243775,297.24,297.27,0,0.01999999999998181,0.09402516437609165,1,-1,0.3333333333333333,0.00936
553,2020-01-02 09:41:58,N,AAPL,297.24,2.0,297.27,2.0,0.0,1.0,2020-01-02 09:41:58.081366,297.26,297.3,0,0.029999999999972715,0.09441075626642714,1,1,0.0,0.00936
554,2020-01-02 09:41:59,N,AAPL,297.26,2.0,297.3,2.0,-5.0,-1.0,2020-01-02 09:41:59.678153,297.25,297.27,0,0.040000000000020464,0.09297643442619119,1,1,0.0,0.00936
555,2020-01-02 09:42:00,N,AAPL,297.25,1.0,297.27,1.0,-1.0,-3.0,2020-01-02 09:42:00.135829,297.2,297.21,-1,0.01999999999998181,0.09328649524832144,1,-1,0.0,0.00936
556,2020-01-02 09:42:01,N,AAPL,297.2,1.0,297.21,4.0,0.0,2.0,2020-01-02 09:42:01.166361,297.13,297.15,-1,0.009999999999990905,0.0919077263829422,1,-1,-0.6,0.00936
557,2020-01-02 09:42:02,N,AAPL,297.13,5.0,297.15,3.0,2.0,1.0,2020-01-02 09:42:02.297398,297.08,297.1,-1,0.01999999999998181,0.0929371584699652,1,1,0.25,0.00936
558,2020-01-02 09:42:03,N,AAPL,297.08,1.0,297.1,1.0,-1.0,-1.0,2020-01-02 09:42:03.000172,297.1,297.11,0,0.020000000000038654,0.09284836660822293,1,1,0.0,0.00952
559,2020-01-02 09:42:04,N,AAPL,297.1,2.0,297.11,1.0,1.0,0.0,2020-01-02 09:42:04.008247,297.13,297.17,1,0.009999999999990905,0.09331685429367553,1,-1,0.3333333333333333,0.00952
560,2020-01-02 09:42:05,N,AAPL,297.13,1.0,297.17,3.0,-1.0,0.0,2020-01-02 09:42:05.895704,297.12,297.16,0,0.040000000000020464,0.0923607835754865,1,1,-0.5,0.00952
561,2020-01-02 09:42:06,N,AAPL,297.12,2.0,297.16,4.0,1.0,1.0,2020-01-02 09:42:06.369924,297.08,297.13,0,0.040000000000020464,0.09184229421668988,1,1,-0.3333333333333333,0.00952
562,2020-01-02 09:42:08,N,AAPL,297.08,1.0,297.13,2.0,-1.0,-3.0,2020-01-02 09:42:08.039443,297.05,297.08,0,0.05000000000001137,0.09139067576728621,1,1,-0.3333333333333333,0.00952
563,2020-01-02 09:42:10,N,AAPL,297.05,2.0,297.08,1.0,1.0,-1.0,2020-01-02 09:42:10.748532,297.04,297.08,0,0.029999999999972715,0.09289248378183856,1,-1,0.3333333333333333,0.00952
564,2020-01-02 09:42:11,N,AAPL,297.04,3.0,297.08,1.0,2.0,-1.0,2020-01-02 09:42:11.121917,297.06,297.08,0,0.03999999999996362,0.09472199984764984,1,1,0.5,0.00952
565,2020-01-02 09:42:12,N,AAPL,297.06,1.0,297.08,4.0,-1.0,2.0,2020-01-02 09:42:12.803359,297.05,297.08,0,0.01999999999998181,0.09314181197629523,1,-1,-0.6,0.00952
566,2020-01-02 09:42:13,N,AAPL,297.05,3.0,297.08,3.0,1.0,0.0,2020-01-02 09:42:13.794471,297.12,297.16,1,0.029999999999972715,0.09361388712875396,1,1,0.0,0.00952
567,2020-01-02 09:42:15,N,AAPL,297.12,1.0,297.16,2.0,-2.0,-1.0,2020-01-02 09:42:15.334193,297.11,297.12,0,0.040000000000020464,0.09368131549086911,1,1,-0.3333333333333333,0.00952
568,2020-01-02 09:42:18,N,AAPL,297.11,4.0,297.12,3.0,3.0,1.0,2020-01-02 09:42:18.307080,297.13,297.14,1,0.009999999999990905,0.09378026243626891,1,-1,0.14285714285714285,0.00952
569,2020-01-02 09:42:19,N,AAPL,297.13,1.0,297.14,1.0,0.0,0.0,2020-01-02 09:42:19.104410,297.16,297.19,1,0.009999999999990905,0.09347333555564319,1,1,0.0,0.00952
570,2020-01-02 09:42:20,N,AAPL,297.16,1.0,297.19,3.0,-1.0,1.0,2020-01-02 09:42:20.937664,297.15,297.18,0,0.029999999999972715,0.09259845970166225,1,1,-0.5,0.00952
571,2020-01-02 09:42:21,N,AAPL,297.15,1.0,297.18,4.0,0.0,1.0,2020-01-02 09:42:21.512625,297.17,297.2,0,0.03000000000002956,0.09058503024874653,1,1,-0.6,0.00952
572,2020-01-02 09:42:22,N,AAPL,297.17,1.0,297.2,1.0,0.0,-4.0,2020-01-02 09:42:22.167431,297.13,297.15,-1,0.029999999999972715,0.09060276807667833,1,-1,0.0,0.00952
573,2020-01-02 09:42:23,N,AAPL,297.13,1.0,297.15,1.0,-1.0,0.0,2020-01-02 09:42:23.022323,297.16,297.18,1,0.01999999999998181,0.08987376007729608,1,-1,0.0,0.00952
574,2020-01-02 09:42:27,N,AAPL,297.16,1.0,297.18,4.0,-1.0,1.0,2020-01-02 09:42:27.112184,297.15,297.19,0,0.01999999999998181,0.08829587800386207,1,1,-0.6,0.00952
575,2020-01-02 09:42:29,N,AAPL,297.15,5.0,297.19,3.0,0.0,1.0,2020-01-02 09:42:29.431971,297.11,297.14,-1,0.040000000000020464,0.08941608970036441,1,1,0.25,0.00952
576,2020-01-02 09:42:30,N,AAPL,297.11,2.0,297.14,4.0,1.0,2.0,2020-01-02 09:42:30.661373,297.1,297.13,0,0.029999999999972715,0.08883442871587022,1,-1,-0.3333333333333333,0.00952
577,2020-01-02 09:42:31,N,AAPL,297.1,1.0,297.13,2.0,0.0,0.0,2020-01-02 09:42:31.218611,297.08,297.12,0,0.029999999999972715,0.08864762386247094,1,1,-0.3333333333333333,0.00952
578,2020-01-02 09:42:32,N,AAPL,297.08,1.0,297.12,4.0,0.0,0.0,2020-01-02 09:42:32.289166,297.1,297.13,0,0.040000000000020464,0.08624510643699068,1,1,-0.6,0.00952
579,2020-01-02 09:42:33,N,AAPL,297.1,1.0,297.13,1.0,0.0,-1.0,2020-01-02 09:42:33.129512,297.12,297.16,0,0.029999999999972715,0.0865311317509736,1,-1,0.0,0.00952
580,2020-01-02 09:42:35,N,AAPL,297.12,2.0,297.16,2.0,1.0,0.0,2020-01-02 09:42:35.803764,297.04,297.07,-1,0.040000000000020464,0.08634145769957513,1,1,0.0,0.00952
581,2020-01-02 09:42:36,N,AAPL,297.04,3.0,297.07,1.0,1.0,-1.0,2020-01-02 09:42:36.517050,296.99,297.0,-1,0.029999999999972715,0.08790029077243844,1,-1,0.5,0.00952
582,2020-01-02 09:42:39,N,AAPL,296.99,2.0,297.0,2.0,-2.0,-1.0,2020-01-02 09:42:39.637897,296.96,296.99,0,0.009999999999990905,0.08777705188663276,1,-1,0.0,0.00952
583,2020-01-02 09:42:40,N,AAPL,296.96,2.0,296.99,1.0,1.0,-1.0,2020-01-02 09:42:40.775428,296.97,297.0,0,0.03000000000002956,0.08883072133954784,1,1,0.3333333333333333,0.00952
584,2020-01-02 09:42:41,N,AAPL,296.97,5.0,297.0,2.0,0.0,-2.0,2020-01-02 09:42:41.473076,296.97,296.99,0,0.029999999999972715,0.09091864094870061,1,-1,0.42857142857142855,0.00952
585,2020-01-02 09:42:42,N,AAPL,296.97,6.0,296.99,2.0,1.0,0.0,2020-01-02 09:42:42.255171,296.95,296.98,0,0.01999999999998181,0.09378653355008737,1,-1,0.5,0.00952
586,2020-01-02 09:42:43,N,AAPL,296.95,2.0,296.98,2.0,-1.0,0.0,2020-01-02 09:42:43.084403,296.95,296.99,0,0.03000000000002956,0.09284803538895403,1,1,0.0,0.00952
587,2020-01-02 09:42:44,N,AAPL,296.95,3.0,296.99,1.0,1.0,-1.0,2020-01-02 09:42:44.049608,296.89,296.93,-1,0.040000000000020464,0.09367062996341247,1,1,0.5,0.00952
588,2020-01-02 09:42:45,N,AAPL,296.89,1.0,296.93,2.0,-1.0,1.0,2020-01-02 09:42:45.966811,296.89,296.93,0,0.040000000000020464,0.09332008319495344,1,1,-0.3333333333333333,0.00952
589,2020-01-02 09:42:46,N,AAPL,296.89,2.0,296.93,2.0,1.0,0.0,2020-01-02 09:42:46.038763,296.85,296.89,0,0.040000000000020464,0.09349571762447795,1,1,0.0,0.00952
590,2020-01-02 09:42:47,N,AAPL,296.85,2.0,296.89,3.0,0.0,1.0,2020-01-02 09:42:47.719958,296.92,296.95,1,0.03999999999996362,0.0932921522023662,1,-1,-0.2,0.00952
591,2020-01-02 09:42:50,N,AAPL,296.92,1.0,296.95,3.0,0.0,0.0,2020-01-02 09:42:50.037722,296.89,296.92,0,0.029999999999972715,0.09204276568482328,1,-1,-0.5,0.00952
