,last_interval,Exchange,Symbol,Best_Bid_Price,FB0,Best_Offer_Price,FA0,FB2,FA2,p_time,Next_Best_Bid,Next_Best_Offer,outcome,Spread,AWS,Anomaly,Spread Change,Quote IMB,VPIN
0,2020-01-28 09:30:00,N,AAPL,312.37,1.0,312.48,1.0,0.0,0.0,2020-01-28 09:30:00.204632,312.37,312.43,0,0.11000000000001364,0.11000000000001364,0,0,0.0,0.00044
1,2020-01-28 09:30:14,N,AAPL,312.37,1.0,312.43,1.0,0.0,0.0,2020-01-28 09:30:14.413778,312.44,312.51,1,0.060000000000002274,0.08500000000003638,0,-1,0.0,0.00044
2,2020-01-28 09:30:15,N,AAPL,312.44,1.0,312.51,2.0,0.0,1.0,2020-01-28 09:30:15.948758,312.4,312.5,0,0.06999999999999318,0.08916666666664241,0,1,-0.3333333333333333,0.00044
3,2020-01-28 09:30:21,N,AAPL,312.4,3.0,312.5,2.0,2.0,1.0,2020-01-28 09:30:21.112650,312.48,312.51,0,0.10000000000002274,0.09166666666664014,0,1,0.2,0.00044
4,2020-01-28 09:30:24,N,AAPL,312.48,4.0,312.51,2.0,1.0,0.0,2020-01-28 09:30:24.402868,312.43,312.51,0,0.029999999999972715,0.06374999999997044,1,-1,0.3333333333333333,0.00044
5,2020-01-28 09:30:26,N,AAPL,312.43,4.0,312.51,3.0,-3.0,1.0,2020-01-28 09:30:26.242308,312.52,312.53,1,0.07999999999998408,0.06818181818175617,1,1,0.14285714285714285,0.00044
6,2020-01-28 09:30:28,N,AAPL,312.52,4.0,312.53,2.0,3.0,-3.0,2020-01-28 09:30:28.238089,312.48,312.53,0,0.009999999999990905,0.053076923076844196,1,-1,0.3333333333333333,0.00044
7,2020-01-28 09:30:29,N,AAPL,312.48,1.0,312.53,1.0,0.0,0.0,2020-01-28 09:30:29.760193,312.48,312.53,0,0.049999999999954525,0.05342105263156327,1,1,0.0,0.00044
8,2020-01-28 09:30:30,N,AAPL,312.48,3.0,312.53,3.0,2.0,1.0,2020-01-28 09:30:30.055065,312.57,312.6,1,0.049999999999954525,0.053957219251287825,1,1,0.0,0.00044
9,2020-01-28 09:30:31,N,AAPL,312.57,4.0,312.6,2.0,3.0,1.0,2020-01-28 09:30:31.150126,312.59,312.67,0,0.03000000000002956,0.045870445344121435,1,-1,0.3333333333333333,0.00044
10,2020-01-28 09:30:32,N,AAPL,312.59,1.0,312.67,2.0,0.0,0.0,2020-01-28 09:30:32.454150,312.62,312.67,0,0.08000000000004093,0.05592592592591927,1,1,-0.3333333333333333,0.00044
11,2020-01-28 09:30:33,N,AAPL,312.62,1.0,312.67,1.0,-1.0,-1.0,2020-01-28 09:30:33.089804,312.59,312.62,0,0.05000000000001137,0.057045454545459506,1,-1,0.0,0.00044
12,2020-01-28 09:30:34,N,AAPL,312.59,2.0,312.62,4.0,0.0,3.0,2020-01-28 09:30:34.501819,312.6,312.66,0,0.03000000000002956,0.062256410256452455,0,-1,-0.3333333333333333,0.00044
13,2020-01-28 09:30:35,N,AAPL,312.6,1.0,312.66,4.0,0.0,2.0,2020-01-28 09:30:35.082313,312.64,312.71,0,0.060000000000002274,0.07310752688169941,0,1,-0.6,0.00044
14,2020-01-28 09:30:36,N,AAPL,312.64,2.0,312.71,3.0,0.0,1.0,2020-01-28 09:30:36.155990,312.64,312.68,0,0.06999999999999318,0.077272727272657,0,1,-0.2,0.00044
15,2020-01-28 09:30:37,N,AAPL,312.64,2.0,312.68,6.0,1.0,4.0,2020-01-28 09:30:37.280846,312.65,312.71,0,0.040000000000020464,0.08487179487184449,1,-1,-0.5,0.00044
16,2020-01-28 09:30:38,N,AAPL,312.65,2.0,312.71,2.0,1.0,0.0,2020-01-28 09:30:38.379558,312.65,312.71,0,0.060000000000002274,0.08292023731053177,1,1,0.0,0.00044
17,2020-01-28 09:30:39,N,AAPL,312.65,2.0,312.71,3.0,-2.0,0.0,2020-01-28 09:30:39.075756,312.7,312.72,0,0.060000000000002274,0.08359557109560001,1,1,-0.2,0.00044
18,2020-01-28 09:30:40,N,AAPL,312.7,4.0,312.72,1.0,3.0,-3.0,2020-01-28 09:30:40.647303,312.74,312.8,1,0.020000000000038654,0.0697467700258585,0,-1,0.6,0.00044
19,2020-01-28 09:30:41,N,AAPL,312.74,4.0,312.8,2.0,2.0,-3.0,2020-01-28 09:30:41.120244,312.77,312.81,0,0.060000000000002274,0.060851063829829855,1,1,0.3333333333333333,0.00044
20,2020-01-28 09:30:42,N,AAPL,312.77,2.0,312.81,2.0,1.0,1.0,2020-01-28 09:30:42.182884,312.81,312.89,0,0.040000000000020464,0.06000000000005912,1,-1,0.0,0.00044
21,2020-01-28 09:30:43,N,AAPL,312.81,2.0,312.89,17.0,-2.0,13.0,2020-01-28 09:30:43.600883,312.82,312.88,0,0.07999999999998408,0.11836007130131065,1,1,-0.7894736842105263,0.00044
22,2020-01-28 09:30:45,N,AAPL,312.82,4.0,312.88,1.0,2.0,-16.0,2020-01-28 09:30:45.696625,312.82,312.87,0,0.060000000000002274,0.10337856173680393,1,-1,0.6,0.00044
23,2020-01-28 09:30:46,N,AAPL,312.82,4.0,312.87,10.0,0.0,6.0,2020-01-28 09:30:46.407248,312.82,312.87,0,0.05000000000001137,0.11049746863312748,1,-1,-0.42857142857142855,0.00044
24,2020-01-28 09:30:47,N,AAPL,312.82,4.0,312.87,11.0,3.0,1.0,2020-01-28 09:30:47.183260,312.9,312.91,1,0.05000000000001137,0.11591450216462817,1,1,-0.4666666666666667,0.00044
25,2020-01-28 09:30:48,N,AAPL,312.9,4.0,312.91,2.0,3.0,-5.0,2020-01-28 09:30:48.718904,312.85,312.9,0,0.010000000000047748,0.10315588723062774,1,-1,0.3333333333333333,0.00044
26,2020-01-28 09:30:49,N,AAPL,312.85,1.0,312.9,1.0,-3.0,-1.0,2020-01-28 09:30:49.033550,312.89,312.93,0,0.049999999999954525,0.10178733031688125,1,1,0.0,0.00044
27,2020-01-28 09:30:50,N,AAPL,312.89,1.0,312.93,3.0,-1.0,1.0,2020-01-28 09:30:50.744204,312.88,312.92,0,0.040000000000020464,0.1041350601296358,1,-1,-0.5,0.00044
28,2020-01-28 09:30:51,N,AAPL,312.88,1.0,312.92,4.0,0.0,1.0,2020-01-28 09:30:51.409982,312.85,312.9,0,0.040000000000020464,0.10773469387771684,1,1,-0.6,0.00044
29,2020-01-28 09:30:52,N,AAPL,312.85,1.0,312.9,4.0,0.0,0.0,2020-01-28 09:30:52.328100,312.75,312.8,-1,0.049999999999954525,0.11052195526116293,1,1,-0.6,0.00044
30,2020-01-28 09:30:53,N,AAPL,312.75,2.0,312.8,1.0,0.0,-1.0,2020-01-28 09:30:53.072292,312.79,312.86,0,0.05000000000001137,0.108197898656897,1,1,0.3333333333333333,0.00044
31,2020-01-28 09:30:54,N,AAPL,312.79,2.0,312.86,2.0,0.0,0.0,2020-01-28 09:30:54.065456,312.74,312.82,0,0.06999999999999318,0.10643809523804748,1,1,0.0,0.00044
32,2020-01-28 09:30:55,N,AAPL,312.74,2.0,312.82,2.0,1.0,-2.0,2020-01-28 09:30:55.165292,312.81,312.86,0,0.07999999999998408,0.10534773637579065,1,1,0.0,0.00044
33,2020-01-28 09:30:56,N,AAPL,312.81,4.0,312.86,1.0,3.0,-1.0,2020-01-28 09:30:56.612511,312.8,312.85,0,0.05000000000001137,0.09882716049384044,1,-1,0.6,0.00044
34,2020-01-28 09:30:57,N,AAPL,312.8,2.0,312.85,2.0,-2.0,1.0,2020-01-28 09:30:57.045920,312.79,312.86,0,0.05000000000001137,0.09715662650597778,1,1,0.0,0.00044
35,2020-01-28 09:30:58,N,AAPL,312.79,2.0,312.86,2.0,1.0,1.0,2020-01-28 09:30:58.545228,312.79,312.87,0,0.06999999999999318,0.0959957983192794,1,1,0.0,0.00044
36,2020-01-28 09:30:59,N,AAPL,312.79,1.0,312.87,6.0,0.0,0.0,2020-01-28 09:30:59.092420,312.84,312.89,0,0.07999999999998408,0.09974576271184787,1,1,-0.7142857142857143,0.00044
37,2020-01-28 09:31:00,N,AAPL,312.84,4.0,312.89,2.0,2.0,-1.0,2020-01-28 09:31:00.036603,312.86,312.92,0,0.05000000000001137,0.09433333333328164,1,-1,0.3333333333333333,0.00057
38,2020-01-28 09:31:01,N,AAPL,312.86,1.0,312.92,6.0,-3.0,4.0,2020-01-28 09:31:01.048539,312.84,312.88,0,0.060000000000002274,0.0992063492062698,1,1,-0.7142857142857143,0.00057
39,2020-01-28 09:31:02,N,AAPL,312.84,2.0,312.88,4.0,1.0,2.0,2020-01-28 09:31:02.006675,312.82,312.86,0,0.040000000000020464,0.09882712985927355,1,-1,-0.3333333333333333,0.00057
40,2020-01-28 09:31:03,N,AAPL,312.82,2.0,312.86,1.0,0.0,-1.0,2020-01-28 09:31:03.125262,312.67,312.71,-1,0.040000000000020464,0.09660184813168371,1,1,0.3333333333333333,0.00057
41,2020-01-28 09:31:04,N,AAPL,312.67,2.0,312.71,2.0,-1.0,1.0,2020-01-28 09:31:04.033455,312.45,312.49,-1,0.03999999999996362,0.09586466165399088,1,-1,0.0,0.00057
42,2020-01-28 09:31:05,N,AAPL,312.45,1.0,312.49,1.0,-1.0,0.0,2020-01-28 09:31:05.137977,312.36,312.4,-1,0.040000000000020464,0.09610569600960162,1,1,0.0,0.00057
43,2020-01-28 09:31:06,N,AAPL,312.36,1.0,312.4,2.0,0.0,0.0,2020-01-28 09:31:06.010151,312.43,312.48,1,0.03999999999996362,0.09377228163981499,1,-1,-0.3333333333333333,0.00057
44,2020-01-28 09:31:07,N,AAPL,312.43,2.0,312.48,2.0,1.0,1.0,2020-01-28 09:31:07.364018,312.46,312.51,0,0.05000000000001137,0.09448773138171873,1,1,0.0,0.00057
45,2020-01-28 09:31:08,N,AAPL,312.46,4.0,312.51,2.0,2.0,1.0,2020-01-28 09:31:08.211150,312.41,312.47,0,0.05000000000001137,0.09907142857127837,1,1,0.3333333333333333,0.00057
46,2020-01-28 09:31:09,N,AAPL,312.41,2.0,312.47,1.0,0.0,-3.0,2020-01-28 09:31:09.197631,312.37,312.43,0,0.060000000000002274,0.10182011002837044,1,1,0.3333333333333333,0.00057
47,2020-01-28 09:31:10,N,AAPL,312.37,4.0,312.43,1.0,2.0,-3.0,2020-01-28 09:31:10.279120,312.35,312.39,0,0.060000000000002274,0.11010721989589456,1,1,0.6,0.00057
48,2020-01-28 09:31:11,N,AAPL,312.35,2.0,312.39,2.0,-2.0,1.0,2020-01-28 09:31:11.011839,312.27,312.3,-1,0.03999999999996362,0.1102968289085311,1,-1,0.0,0.00057
49,2020-01-28 09:31:12,N,AAPL,312.27,1.0,312.3,5.0,-8.0,3.0,2020-01-28 09:31:12.029396,312.26,312.3,0,0.03000000000002956,0.09818615330266312,1,-1,-0.6666666666666666,0.00057
50,2020-01-28 09:31:13,N,AAPL,312.26,3.0,312.3,1.0,2.0,0.0,2020-01-28 09:31:13.041453,312.31,312.37,1,0.040000000000020464,0.1051333333332991,1,1,0.5,0.00057
51,2020-01-28 09:31:14,N,AAPL,312.31,4.0,312.37,1.0,0.0,0.0,2020-01-28 09:31:14.043508,312.31,312.4,0,0.060000000000002274,0.11346997974936812,1,1,0.6,0.00057
52,2020-01-28 09:31:15,N,AAPL,312.31,5.0,312.4,1.0,1.0,-3.0,2020-01-28 09:31:15.910810,312.31,312.4,0,0.08999999999997499,0.12377192982455654,1,1,0.6666666666666666,0.00057
53,2020-01-28 09:31:16,N,AAPL,312.31,5.0,312.4,3.0,0.0,2.0,2020-01-28 09:31:16.541289,312.31,312.39,0,0.08999999999997499,0.128824919970441,1,1,0.25,0.00057
54,2020-01-28 09:31:17,N,AAPL,312.31,2.0,312.39,1.0,-3.0,0.0,2020-01-28 09:31:17.360376,312.32,312.39,0,0.07999999999998408,0.13102901484472795,1,-1,0.3333333333333333,0.00057
55,2020-01-28 09:31:18,N,AAPL,312.32,1.0,312.39,1.0,-1.0,0.0,2020-01-28 09:31:18.947316,312.38,312.41,0,0.06999999999999318,0.13094353075382514,1,-1,0.0,0.00057
56,2020-01-28 09:31:19,N,AAPL,312.38,2.0,312.41,5.0,1.0,4.0,2020-01-28 09:31:19.208364,312.5,312.56,1,0.03000000000002956,0.1243491285402456,1,-1,-0.42857142857142855,0.00057
57,2020-01-28 09:31:22,N,AAPL,312.5,2.0,312.56,2.0,0.0,0.0,2020-01-28 09:31:22.054208,312.49,312.56,0,0.060000000000002274,0.12377606928242813,1,1,0.0,0.00057
58,2020-01-28 09:31:23,N,AAPL,312.49,1.0,312.56,2.0,-3.0,0.0,2020-01-28 09:31:23.152174,312.48,312.56,0,0.06999999999999318,0.12263890092748397,1,1,-0.3333333333333333,0.00057
59,2020-01-28 09:31:24,N,AAPL,312.48,2.0,312.56,4.0,0.0,1.0,2020-01-28 09:31:24.044940,312.49,312.56,0,0.07999999999998408,0.12060700876094188,1,1,-0.3333333333333333,0.00057
60,2020-01-28 09:31:25,N,AAPL,312.49,4.0,312.56,4.0,3.0,0.0,2020-01-28 09:31:25.110298,312.48,312.56,0,0.06999999999999318,0.11989655172413904,1,-1,0.0,0.00057
61,2020-01-28 09:31:26,N,AAPL,312.48,3.0,312.56,3.0,2.0,1.0,2020-01-28 09:31:26.117812,312.42,312.45,-1,0.07999999999998408,0.11957169033433956,1,1,0.0,0.00057
62,2020-01-28 09:31:27,N,AAPL,312.42,1.0,312.45,1.0,-1.0,-1.0,2020-01-28 09:31:27.019483,312.4,312.44,0,0.029999999999972715,0.11924741723851184,1,-1,0.0,0.00057
63,2020-01-28 09:31:28,N,AAPL,312.4,4.0,312.44,2.0,1.0,0.0,2020-01-28 09:31:28.054307,312.4,312.49,0,0.040000000000020464,0.12111111111107675,1,1,0.3333333333333333,0.00057
64,2020-01-28 09:31:29,N,AAPL,312.4,2.0,312.49,4.0,0.0,3.0,2020-01-28 09:31:29.010646,312.4,312.44,0,0.09000000000003183,0.11886395511913861,1,1,-0.3333333333333333,0.00057
65,2020-01-28 09:31:30,N,AAPL,312.4,2.0,312.44,2.0,0.0,-3.0,2020-01-28 09:31:30.016544,312.4,312.44,0,0.040000000000020464,0.11836449558239792,1,-1,0.0,0.00057
66,2020-01-28 09:31:31,N,AAPL,312.4,2.0,312.44,1.0,1.0,0.0,2020-01-28 09:31:31.047864,312.46,312.53,1,0.040000000000020464,0.11919819728916536,1,1,0.3333333333333333,0.00057
67,2020-01-28 09:31:32,N,AAPL,312.46,1.0,312.53,1.0,-1.0,-2.0,2020-01-28 09:31:32.269934,312.43,312.53,0,0.06999999999999318,0.11903989361690037,1,1,0.0,0.00057
68,2020-01-28 09:31:33,N,AAPL,312.43,2.0,312.53,1.0,1.0,-2.0,2020-01-28 09:31:33.726319,312.49,312.54,0,0.0999999999999659,0.1199294532626709,1,1,0.3333333333333333,0.00057
69,2020-01-28 09:31:34,N,AAPL,312.49,1.0,312.54,2.0,-1.0,1.0,2020-01-28 09:31:34.131038,312.61,312.65,1,0.05000000000001137,0.11885619760374766,1,-1,-0.3333333333333333,0.00057
70,2020-01-28 09:31:35,N,AAPL,312.61,2.0,312.65,1.0,-2.0,-3.0,2020-01-28 09:31:35.251159,312.52,312.6,-1,0.03999999999996362,0.11815624999991314,1,-1,0.3333333333333333,0.00057
71,2020-01-28 09:31:36,N,AAPL,312.52,4.0,312.6,4.0,3.0,1.0,2020-01-28 09:31:36.006789,312.61,312.68,1,0.08000000000004093,0.11753622750865134,1,1,0.0,0.00057
72,2020-01-28 09:31:37,N,AAPL,312.61,1.0,312.68,2.0,0.0,0.0,2020-01-28 09:31:37.056041,312.61,312.67,0,0.06999999999999318,0.11723529411756317,1,-1,-0.3333333333333333,0.00057
73,2020-01-28 09:31:38,N,AAPL,312.61,1.0,312.67,2.0,-2.0,0.0,2020-01-28 09:31:38.006510,312.62,312.67,0,0.060000000000002274,0.11683830409350549,1,-1,-0.3333333333333333,0.00057
74,2020-01-28 09:31:39,N,AAPL,312.62,1.0,312.67,4.0,0.0,0.0,2020-01-28 09:31:39.067726,312.62,312.69,0,0.05000000000001137,0.11624487004087314,1,-1,-0.6,0.00057
75,2020-01-28 09:31:40,N,AAPL,312.62,2.0,312.69,2.0,-1.0,0.0,2020-01-28 09:31:40.037826,312.61,312.66,0,0.06999999999999318,0.11570360450832595,1,1,0.0,0.00057
76,2020-01-28 09:31:41,N,AAPL,312.61,1.0,312.66,2.0,-1.0,0.0,2020-01-28 09:31:41.021295,312.54,312.59,-1,0.05000000000001137,0.11523214285699623,1,-1,-0.3333333333333333,0.00057
77,2020-01-28 09:31:42,N,AAPL,312.54,2.0,312.59,2.0,0.0,-2.0,2020-01-28 09:31:42.029696,312.46,312.53,-1,0.049999999999954525,0.11466263115403308,1,-1,0.0,0.00057
78,2020-01-28 09:31:43,N,AAPL,312.46,2.0,312.53,2.0,0.0,1.0,2020-01-28 09:31:43.104263,312.47,312.53,0,0.06999999999999318,0.11443053652351409,1,1,0.0,0.00057
79,2020-01-28 09:31:44,N,AAPL,312.47,1.0,312.53,3.0,0.0,0.0,2020-01-28 09:31:44.037826,312.46,312.52,0,0.05999999999994543,0.11285142118862268,1,-1,-0.5,0.00057
80,2020-01-28 09:31:45,N,AAPL,312.46,2.0,312.52,2.0,-1.0,-1.0,2020-01-28 09:31:45.828811,312.44,312.48,0,0.060000000000002274,0.11255405884429592,1,1,0.0,0.00057
81,2020-01-28 09:31:46,N,AAPL,312.44,2.0,312.48,1.0,0.0,0.0,2020-01-28 09:31:46.614540,312.43,312.48,0,0.040000000000020464,0.1130120662145373,1,-1,0.3333333333333333,0.00057
82,2020-01-28 09:31:47,N,AAPL,312.43,4.0,312.48,2.0,3.0,-3.0,2020-01-28 09:31:47.782841,312.5,312.55,1,0.05000000000001137,0.1140783365570428,1,1,0.3333333333333333,0.00081
83,2020-01-28 09:31:48,N,AAPL,312.5,1.0,312.55,1.0,-4.0,0.0,2020-01-28 09:31:48.072532,312.47,312.53,0,0.05000000000001137,0.11383561971797462,1,1,0.0,0.00081
84,2020-01-28 09:31:49,N,AAPL,312.47,2.0,312.53,4.0,1.0,2.0,2020-01-28 09:31:49.186397,312.45,312.54,0,0.05999999999994543,0.11221128563113325,1,1,-0.3333333333333333,0.00081
85,2020-01-28 09:31:50,N,AAPL,312.45,2.0,312.54,4.0,-1.0,3.0,2020-01-28 09:31:50.198899,312.47,312.54,0,0.09000000000003183,0.1110392108060978,1,1,-0.3333333333333333,0.00081
86,2020-01-28 09:31:51,N,AAPL,312.47,2.0,312.54,2.0,0.0,1.0,2020-01-28 09:31:51.211211,312.5,312.54,0,0.06999999999999318,0.11082650682647,1,-1,0.0,0.00081
87,2020-01-28 09:31:52,N,AAPL,312.5,2.0,312.54,2.0,1.0,-1.0,2020-01-28 09:31:52.093116,312.42,312.47,-1,0.040000000000020464,0.11031001503232574,1,-1,0.0,0.00081
88,2020-01-28 09:31:53,N,AAPL,312.42,4.0,312.47,1.0,2.0,0.0,2020-01-28 09:31:53.032006,312.42,312.47,0,0.05000000000001137,0.11220436280132162,1,1,0.6,0.00081
89,2020-01-28 09:31:54,N,AAPL,312.42,4.0,312.47,1.0,2.0,0.0,2020-01-28 09:31:54.006679,312.37,312.41,-1,0.05000000000001137,0.11399896211725036,1,1,0.6,0.00081
90,2020-01-28 09:31:55,N,AAPL,312.37,1.0,312.41,3.0,-3.0,2.0,2020-01-28 09:31:55.255587,312.34,312.4,0,0.040000000000020464,0.11165293301780821,1,-1,-0.5,0.00081
91,2020-01-28 09:31:56,N,AAPL,312.34,2.0,312.4,1.0,0.0,0.0,2020-01-28 09:31:56.554480,312.26,312.31,-1,0.060000000000002274,0.1125852912776395,1,1,0.3333333333333333,0.00081
92,2020-01-28 09:31:57,N,AAPL,312.26,2.0,312.31,5.0,0.0,4.0,2020-01-28 09:31:57.216730,312.2,312.25,-1,0.05000000000001137,0.10812841530048445,1,-1,-0.42857142857142855,0.00081
93,2020-01-28 09:31:58,N,AAPL,312.2,2.0,312.25,1.0,0.0,0.0,2020-01-28 09:31:58.139305,312.27,312.33,1,0.05000000000001137,0.10974663072772728,1,1,0.3333333333333333,0.00081
94,2020-01-28 09:31:59,N,AAPL,312.27,4.0,312.33,2.0,3.0,1.0,2020-01-28 09:31:59.174790,312.33,312.4,0,0.060000000000002274,0.11219298245606524,1,1,0.3333333333333333,0.00081
95,2020-01-28 09:32:00,N,AAPL,312.33,2.0,312.4,2.0,0.0,0.0,2020-01-28 09:32:00.006861,312.31,312.34,0,0.06999999999999318,0.1120920378762662,1,1,0.0,0.00081
96,2020-01-28 09:32:01,N,AAPL,312.31,2.0,312.34,13.0,-8.0,11.0,2020-01-28 09:32:01.061708,312.31,312.36,0,0.029999999999972715,0.09884247050655404,0,-1,-0.7333333333333333,0.00081
97,2020-01-28 09:32:02,N,AAPL,312.31,2.0,312.36,4.0,-2.0,2.0,2020-01-28 09:32:02.402760,312.39,312.46,1,0.05000000000001137,0.09675540201857302,1,1,-0.3333333333333333,0.00081
98,2020-01-28 09:32:03,N,AAPL,312.39,2.0,312.46,2.0,1.0,0.0,2020-01-28 09:32:03.044509,312.4,312.44,0,0.06999999999999318,0.09676439232407574,1,1,0.0,0.00081
99,2020-01-28 09:32:04,N,AAPL,312.4,2.0,312.44,3.0,0.0,2.0,2020-01-28 09:32:04.091826,312.48,312.53,1,0.040000000000020464,0.09584495313981733,1,-1,-0.2,0.00081
100,2020-01-28 09:32:05,N,AAPL,312.48,4.0,312.53,2.0,2.0,-2.0,2020-01-28 09:32:05.173999,312.46,312.52,0,0.049999999999954525,0.09601146679409567,1,1,0.3333333333333333,0.00081
101,2020-01-28 09:32:06,N,AAPL,312.46,4.0,312.52,2.0,2.0,1.0,2020-01-28 09:32:06.071108,312.53,312.6,1,0.060000000000002274,0.09642766122766488,1,1,0.3333333333333333,0.00081
102,2020-01-28 09:32:07,N,AAPL,312.53,4.0,312.6,2.0,0.0,0.0,2020-01-28 09:32:07.002781,312.51,312.58,0,0.07000000000005002,0.09621636380188647,1,1,0.3333333333333333,0.00081
103,2020-01-28 09:32:08,N,AAPL,312.51,4.0,312.58,2.0,3.0,0.0,2020-01-28 09:32:08.121300,312.49,312.55,0,0.06999999999999318,0.09619597736906371,1,-1,0.3333333333333333,0.00081
104,2020-01-28 09:32:09,N,AAPL,312.49,2.0,312.55,2.0,1.0,1.0,2020-01-28 09:32:09.051500,312.49,312.58,0,0.060000000000002274,0.09597893938519064,1,-1,0.0,0.00081
105,2020-01-28 09:32:10,N,AAPL,312.49,4.0,312.58,4.0,1.0,3.0,2020-01-28 09:32:10.582109,312.52,312.58,0,0.08999999999997499,0.09597311827968724,1,1,0.0,0.00081
106,2020-01-28 09:32:11,N,AAPL,312.52,1.0,312.58,2.0,-4.0,1.0,2020-01-28 09:32:11.477775,312.54,312.59,0,0.060000000000002274,0.0957026713125515,1,-1,-0.3333333333333333,0.00081
107,2020-01-28 09:32:12,N,AAPL,312.54,1.0,312.59,2.0,0.0,1.0,2020-01-28 09:32:12.022205,312.46,312.51,-1,0.049999999999954525,0.09542532871984122,1,-1,-0.3333333333333333,0.00081
108,2020-01-28 09:32:13,N,AAPL,312.46,3.0,312.51,4.0,2.0,0.0,2020-01-28 09:32:13.036553,312.43,312.48,0,0.05000000000001137,0.09468548071612304,1,1,-0.14285714285714285,0.00081
109,2020-01-28 09:32:14,N,AAPL,312.43,2.0,312.48,1.0,1.0,0.0,2020-01-28 09:32:14.015504,312.51,312.59,1,0.05000000000001137,0.09495958383354264,1,1,0.3333333333333333,0.00081
110,2020-01-28 09:32:15,N,AAPL,312.51,1.0,312.59,2.0,0.0,0.0,2020-01-28 09:32:15.427709,312.56,312.62,0,0.07999999999998408,0.09481524493247662,1,1,-0.3333333333333333,0.00081
111,2020-01-28 09:32:16,N,AAPL,312.56,4.0,312.62,2.0,3.0,0.0,2020-01-28 09:32:16.258297,312.62,312.69,0,0.060000000000002274,0.09427903975216623,1,-1,0.3333333333333333,0.00081
112,2020-01-28 09:32:17,N,AAPL,312.62,2.0,312.69,2.0,-2.0,0.0,2020-01-28 09:32:17.271237,312.65,312.7,0,0.06999999999999318,0.09402595419840054,1,1,0.0,0.00081
113,2020-01-28 09:32:18,N,AAPL,312.65,1.0,312.7,3.0,-1.0,2.0,2020-01-28 09:32:18.282155,312.65,312.69,0,0.05000000000001137,0.09434401234796042,1,-1,-0.5,0.00081
114,2020-01-28 09:32:19,N,AAPL,312.65,1.0,312.69,1.0,0.0,-1.0,2020-01-28 09:32:19.613238,312.67,312.73,0,0.040000000000020464,0.09410386762368717,1,-1,0.0,0.00081
115,2020-01-28 09:32:20,N,AAPL,312.67,1.0,312.73,2.0,0.0,1.0,2020-01-28 09:32:20.319490,312.73,312.76,0,0.060000000000002274,0.09427512640286295,1,1,-0.3333333333333333,0.00081
116,2020-01-28 09:32:21,N,AAPL,312.73,1.0,312.76,3.0,-4.0,2.0,2020-01-28 09:32:21.308121,312.75,312.77,0,0.029999999999972715,0.09485376061519446,1,-1,-0.5,0.00081
117,2020-01-28 09:32:23,N,AAPL,312.75,4.0,312.77,3.0,-3.0,2.0,2020-01-28 09:32:23.099577,312.76,312.83,0,0.01999999999998181,0.09298290598297854,1,-1,0.14285714285714285,0.00081
118,2020-01-28 09:32:24,N,AAPL,312.76,2.0,312.83,4.0,0.0,2.0,2020-01-28 09:32:24.104006,312.84,312.9,1,0.06999999999999318,0.0939021779598761,1,1,-0.3333333333333333,0.00081
119,2020-01-28 09:32:27,N,AAPL,312.84,1.0,312.9,7.0,-1.0,5.0,2020-01-28 09:32:27.006362,312.82,312.88,0,0.060000000000002274,0.09868596831455534,0,-1,-0.75,0.00081
120,2020-01-28 09:32:28,N,AAPL,312.82,2.0,312.88,1.0,1.0,-1.0,2020-01-28 09:32:28.064705,312.86,312.9,0,0.060000000000002274,0.09737216610562882,1,1,0.3333333333333333,0.00081
121,2020-01-28 09:32:29,N,AAPL,312.86,1.0,312.9,7.0,0.0,4.0,2020-01-28 09:32:29.676614,312.89,312.9,0,0.03999999999996362,0.10182352554852514,0,-1,-0.75,0.00081
122,2020-01-28 09:32:30,N,AAPL,312.89,3.0,312.9,7.0,2.0,0.0,2020-01-28 09:32:30.196881,312.93,312.96,1,0.009999999999990905,0.10342749888667413,0,-1,-0.4,0.00121
123,2020-01-28 09:32:31,N,AAPL,312.93,1.0,312.96,2.0,-5.0,1.0,2020-01-28 09:32:31.117696,312.85,312.93,0,0.029999999999972715,0.10389285714296648,0,1,-0.3333333333333333,0.00121
124,2020-01-28 09:32:32,N,AAPL,312.85,2.0,312.93,4.0,1.0,2.0,2020-01-28 09:32:32.501132,312.85,312.9,0,0.07999999999998408,0.10500700973130961,1,1,-0.3333333333333333,0.00121
125,2020-01-28 09:32:33,N,AAPL,312.85,2.0,312.9,2.0,-1.0,0.0,2020-01-28 09:32:33.999732,312.85,312.9,0,0.049999999999954525,0.10430452658164313,1,-1,0.0,0.00121
126,2020-01-28 09:32:34,N,AAPL,312.85,2.0,312.9,2.0,0.0,0.0,2020-01-28 09:32:34.037020,312.78,312.84,-1,0.049999999999954525,0.10361546499495944,0,1,0.0,0.00121
127,2020-01-28 09:32:35,N,AAPL,312.78,2.0,312.84,4.0,1.0,2.0,2020-01-28 09:32:35.095736,312.78,312.84,0,0.060000000000002274,0.10413825757581208,0,1,-0.3333333333333333,0.00121
128,2020-01-28 09:32:36,N,AAPL,312.78,2.0,312.84,1.0,1.0,-1.0,2020-01-28 09:32:36.099950,312.79,312.85,0,0.060000000000002274,0.10308322750807974,0,1,0.3333333333333333,0.00121
129,2020-01-28 09:32:37,N,AAPL,312.79,5.0,312.85,2.0,4.0,0.0,2020-01-28 09:32:37.236233,312.87,312.89,1,0.060000000000002274,0.10015564573888014,0,1,0.42857142857142855,0.00121
130,2020-01-28 09:32:38,N,AAPL,312.87,1.0,312.89,4.0,-1.0,2.0,2020-01-28 09:32:38.382231,312.83,312.9,0,0.01999999999998181,0.10169455318828113,0,-1,-0.6,0.00121
131,2020-01-28 09:32:39,N,AAPL,312.83,2.0,312.9,4.0,-4.0,2.0,2020-01-28 09:32:39.000662,312.8,312.88,0,0.06999999999999318,0.10251788784739801,0,1,-0.3333333333333333,0.00121
132,2020-01-28 09:32:40,N,AAPL,312.8,2.0,312.88,1.0,0.0,-2.0,2020-01-28 09:32:40.028362,312.75,312.85,0,0.07999999999998408,0.10151391941400334,0,1,0.3333333333333333,0.00121
133,2020-01-28 09:32:41,N,AAPL,312.75,2.0,312.85,4.0,-2.0,3.0,2020-01-28 09:32:41.047510,312.76,312.82,0,0.10000000000002274,0.10229916498707325,0,1,-0.3333333333333333,0.00121
134,2020-01-28 09:32:42,N,AAPL,312.76,4.0,312.82,1.0,3.0,-1.0,2020-01-28 09:32:42.055920,312.69,312.78,0,0.060000000000002274,0.1001378925554377,0,-1,0.6,0.00121
135,2020-01-28 09:32:43,N,AAPL,312.69,4.0,312.78,1.0,2.0,-1.0,2020-01-28 09:32:43.069991,312.79,312.85,1,0.08999999999997499,0.09883609415874162,0,1,0.6,0.00121
136,2020-01-28 09:32:44,N,AAPL,312.79,4.0,312.85,3.0,2.0,2.0,2020-01-28 09:32:44.133213,312.79,312.87,0,0.060000000000002274,0.09747502604125202,1,-1,0.14285714285714285,0.00121
137,2020-01-28 09:32:45,N,AAPL,312.79,2.0,312.87,2.0,1.0,0.0,2020-01-28 09:32:45.036329,312.83,312.89,0,0.07999999999998408,0.09716227848110748,1,1,0.0,0.00121
138,2020-01-28 09:32:46,N,AAPL,312.83,4.0,312.89,1.0,2.0,-2.0,2020-01-28 09:32:46.505027,312.87,312.91,0,0.060000000000002274,0.09451396276602964,1,-1,0.6,0.00121
139,2020-01-28 09:32:47,N,AAPL,312.87,4.0,312.91,1.0,3.0,0.0,2020-01-28 09:32:47.474442,312.92,312.96,1,0.040000000000020464,0.09150170285232662,1,-1,0.6,0.00121
140,2020-01-28 09:32:48,N,AAPL,312.92,1.0,312.96,6.0,-5.0,5.0,2020-01-28 09:32:48.126362,312.89,312.94,0,0.03999999999996362,0.09500269130353445,1,-1,-0.7142857142857143,0.00121
141,2020-01-28 09:32:49,N,AAPL,312.89,1.0,312.94,2.0,-1.0,-1.0,2020-01-28 09:32:49.118583,312.93,312.98,0,0.05000000000001137,0.0954308023265753,1,1,-0.3333333333333333,0.00121
142,2020-01-28 09:32:50,N,AAPL,312.93,2.0,312.98,3.0,1.0,1.0,2020-01-28 09:32:50.290815,312.97,312.99,0,0.05000000000001137,0.09565187327137892,1,1,-0.2,0.00121
143,2020-01-28 09:32:51,N,AAPL,312.97,4.0,312.99,11.0,2.0,8.0,2020-01-28 09:32:51.363191,312.92,312.98,0,0.01999999999998181,0.09958903282307574,0,-1,-0.4666666666666667,0.00121
144,2020-01-28 09:32:52,N,AAPL,312.92,2.0,312.98,2.0,-2.0,-8.0,2020-01-28 09:32:52.061892,312.92,312.97,0,0.060000000000002274,0.09905804351410552,0,1,0.0,0.00121
145,2020-01-28 09:32:53,N,AAPL,312.92,3.0,312.97,1.0,1.0,-1.0,2020-01-28 09:32:53.170538,313.04,313.08,1,0.05000000000001137,0.09681038428050215,1,-1,0.5,0.00121
146,2020-01-28 09:32:54,N,AAPL,313.04,2.0,313.08,2.0,1.0,0.0,2020-01-28 09:32:54.004946,313.16,313.21,1,0.03999999999996362,0.09610349309281219,1,-1,0.0,0.00121
147,2020-01-28 09:32:55,N,AAPL,313.16,1.0,313.21,2.0,-3.0,0.0,2020-01-28 09:32:55.074861,313.18,313.23,0,0.049999999999954525,0.09699942045796206,1,1,-0.3333333333333333,0.00121
148,2020-01-28 09:32:56,N,AAPL,313.18,1.0,313.23,2.0,0.0,0.0,2020-01-28 09:32:56.011046,313.18,313.19,0,0.05000000000001137,0.09791939796457427,1,1,-0.3333333333333333,0.00121
149,2020-01-28 09:32:57,N,AAPL,313.18,1.0,313.19,2.0,0.0,0.0,2020-01-28 09:32:57.985725,313.17,313.21,0,0.009999999999990905,0.09862858365443117,0,-1,-0.3333333333333333,0.00121
150,2020-01-28 09:32:58,N,AAPL,313.17,1.0,313.21,1.0,-1.0,-1.0,2020-01-28 09:32:58.192354,313.16,313.2,0,0.03999999999996362,0.09821065026653741,0,1,0.0,0.00121
151,2020-01-28 09:32:59,N,AAPL,313.16,4.0,313.2,2.0,2.0,1.0,2020-01-28 09:32:59.087077,313.23,313.25,1,0.03999999999996362,0.09419172289653943,1,1,0.3333333333333333,0.00121
152,2020-01-28 09:33:00,N,AAPL,313.23,1.0,313.25,1.0,-2.0,0.0,2020-01-28 09:33:00.084446,313.27,313.28,1,0.01999999999998181,0.09372730301532783,1,-1,0.0,0.00121
153,2020-01-28 09:33:01,N,AAPL,313.27,4.0,313.28,5.0,3.0,0.0,2020-01-28 09:33:01.110003,313.22,313.26,-1,0.009999999999990905,0.09310452375802925,1,-1,-0.1111111111111111,0.00121
154,2020-01-28 09:33:02,N,AAPL,313.22,2.0,313.26,5.0,0.0,3.0,2020-01-28 09:33:02.858561,313.21,313.26,0,0.03999999999996362,0.09618417546118962,1,1,-0.42857142857142855,0.00121
155,2020-01-28 09:33:03,N,AAPL,313.21,1.0,313.26,4.0,-1.0,-1.0,2020-01-28 09:33:03.268155,313.26,313.28,0,0.05000000000001137,0.09960385678573402,0,1,-0.6,0.00121
156,2020-01-28 09:33:04,N,AAPL,313.26,2.0,313.28,2.0,-2.0,0.0,2020-01-28 09:33:04.350120,313.32,313.37,1,0.01999999999998181,0.09862660413017466,0,-1,0.0,0.00121
157,2020-01-28 09:33:05,N,AAPL,313.32,2.0,313.37,2.0,1.0,1.0,2020-01-28 09:33:05.043609,313.32,313.39,0,0.05000000000001137,0.09774753688242299,1,1,0.0,0.00121
158,2020-01-28 09:33:06,N,AAPL,313.32,1.0,313.39,1.0,-2.0,0.0,2020-01-28 09:33:06.026982,313.46,313.5,1,0.06999999999999318,0.09735995637686301,1,1,0.0,0.00121
159,2020-01-28 09:33:07,N,AAPL,313.46,2.0,313.5,20.0,0.0,18.0,2020-01-28 09:33:07.457313,313.39,313.43,-1,0.040000000000020464,0.12684247435754514,1,-1,-0.8181818181818182,0.00121
160,2020-01-28 09:33:09,N,AAPL,313.39,2.0,313.43,2.0,-2.0,1.0,2020-01-28 09:33:09.186276,313.42,313.49,0,0.040000000000020464,0.12563186813184757,1,1,0.0,0.00215
161,2020-01-28 09:33:10,N,AAPL,313.42,1.0,313.49,10.0,-2.0,8.0,2020-01-28 09:33:10.312164,313.55,313.6,1,0.06999999999999318,0.13907526881718013,1,1,-0.8181818181818182,0.00215
162,2020-01-28 09:33:11,N,AAPL,313.55,1.0,313.6,2.0,0.0,-8.0,2020-01-28 09:33:11.767207,313.47,313.52,-1,0.05000000000001137,0.14010156679648844,1,-1,-0.3333333333333333,0.00215
163,2020-01-28 09:33:12,N,AAPL,313.47,3.0,313.52,2.0,1.0,-2.0,2020-01-28 09:33:12.328845,313.58,313.62,1,0.049999999999954525,0.13652613818248938,1,-1,0.2,0.00215
164,2020-01-28 09:33:13,N,AAPL,313.58,2.0,313.62,2.0,0.0,-2.0,2020-01-28 09:33:13.227051,313.57,313.6,0,0.040000000000020464,0.13505319301134477,1,-1,0.0,0.00215
165,2020-01-28 09:33:14,N,AAPL,313.57,2.0,313.6,1.0,0.0,0.0,2020-01-28 09:33:14.002267,313.67,313.7,1,0.03000000000002956,0.13186690598439554,1,-1,0.3333333333333333,0.00215
166,2020-01-28 09:33:15,N,AAPL,313.67,4.0,313.7,1.0,3.0,0.0,2020-01-28 09:33:15.309309,313.67,313.72,0,0.029999999999972715,0.12308000740239322,1,-1,0.6,0.00215
167,2020-01-28 09:33:16,N,AAPL,313.67,2.0,313.72,1.0,0.0,0.0,2020-01-28 09:33:16.325651,313.67,313.73,0,0.05000000000001137,0.11976420293245837,1,1,0.3333333333333333,0.00215
168,2020-01-28 09:33:17,N,AAPL,313.67,2.0,313.73,2.0,0.0,1.0,2020-01-28 09:33:17.455965,313.63,313.7,0,0.060000000000002274,0.11847283795407293,1,1,0.0,0.00215
169,2020-01-28 09:33:18,N,AAPL,313.63,1.0,313.7,2.0,-1.0,0.0,2020-01-28 09:33:18.135962,313.61,313.66,0,0.06999999999999318,0.11975443054609514,1,1,-0.3333333333333333,0.00215
170,2020-01-28 09:33:19,N,AAPL,313.61,1.0,313.66,2.0,-3.0,0.0,2020-01-28 09:33:19.148646,313.74,313.77,1,0.05000000000001137,0.12090317667536965,1,-1,-0.3333333333333333,0.00215
171,2020-01-28 09:33:20,N,AAPL,313.74,5.0,313.77,18.0,1.0,17.0,2020-01-28 09:33:20.019013,313.79,313.81,1,0.029999999999972715,0.14210398294204651,1,-1,-0.5652173913043478,0.00215
172,2020-01-28 09:33:21,N,AAPL,313.79,7.0,313.81,2.0,6.0,1.0,2020-01-28 09:33:21.091398,313.81,313.88,0,0.01999999999998181,0.12666936708853882,1,-1,0.5555555555555556,0.00215
173,2020-01-28 09:33:23,N,AAPL,313.81,2.0,313.88,1.0,-5.0,-1.0,2020-01-28 09:33:23.727243,313.86,313.91,0,0.06999999999999318,0.12324087341693257,1,1,0.3333333333333333,0.00215
174,2020-01-28 09:33:24,N,AAPL,313.86,2.0,313.91,4.0,0.0,3.0,2020-01-28 09:33:24.220970,313.78,313.85,-1,0.05000000000001137,0.12596004863650023,1,-1,-0.3333333333333333,0.00215
175,2020-01-28 09:33:25,N,AAPL,313.78,2.0,313.85,3.0,0.0,2.0,2020-01-28 09:33:25.100173,313.72,313.78,0,0.07000000000005002,0.1265923282344943,1,1,-0.2,0.00215
176,2020-01-28 09:33:26,N,AAPL,313.72,2.0,313.78,1.0,1.0,-2.0,2020-01-28 09:33:26.150752,313.76,313.81,0,0.05999999999994543,0.1235127018871367,1,-1,0.3333333333333333,0.00215
177,2020-01-28 09:33:27,N,AAPL,313.76,3.0,313.81,2.0,2.0,1.0,2020-01-28 09:33:27.051539,313.79,313.82,0,0.05000000000001137,0.11968486402588496,1,-1,0.2,0.00215
178,2020-01-28 09:33:28,N,AAPL,313.79,1.0,313.82,1.0,0.0,-1.0,2020-01-28 09:33:28.087105,313.76,313.82,0,0.029999999999972715,0.11898509482495001,1,-1,0.0,0.00215
179,2020-01-28 09:33:29,N,AAPL,313.76,2.0,313.82,1.0,0.0,-1.0,2020-01-28 09:33:29.010426,313.72,313.79,0,0.060000000000002274,0.11590424036182867,1,1,0.3333333333333333,0.00215
180,2020-01-28 09:33:30,N,AAPL,313.72,1.0,313.79,3.0,-1.0,1.0,2020-01-28 09:33:30.663463,313.72,313.79,0,0.06999999999999318,0.11888958215160983,1,1,-0.5,0.00215
181,2020-01-28 09:33:31,N,AAPL,313.72,1.0,313.79,3.0,-1.0,2.0,2020-01-28 09:33:31.008461,313.59,313.63,-1,0.06999999999999318,0.1218246768771678,1,1,-0.5,0.00215
182,2020-01-28 09:33:32,N,AAPL,313.59,1.0,313.63,4.0,-1.0,2.0,2020-01-28 09:33:32.482651,313.61,313.66,0,0.040000000000020464,0.12552683361485606,1,-1,-0.6,0.00215
183,2020-01-28 09:33:33,N,AAPL,313.61,2.0,313.66,4.0,0.0,2.0,2020-01-28 09:33:33.128776,313.69,313.75,1,0.05000000000001137,0.12729046924982867,1,1,-0.3333333333333333,0.00215
184,2020-01-28 09:33:34,N,AAPL,313.69,2.0,313.75,2.0,0.0,0.0,2020-01-28 09:33:34.156862,313.68,313.76,0,0.060000000000002274,0.12608831976149304,1,1,0.0,0.00215
185,2020-01-28 09:33:35,N,AAPL,313.68,1.0,313.76,4.0,0.0,0.0,2020-01-28 09:33:35.416190,313.7,313.75,0,0.07999999999998408,0.13038135345385626,1,1,-0.6,0.00215
186,2020-01-28 09:33:36,N,AAPL,313.7,1.0,313.75,2.0,-1.0,-2.0,2020-01-28 09:33:36.155809,313.71,313.76,0,0.05000000000001137,0.13132754997093343,1,-1,-0.3333333333333333,0.00215
187,2020-01-28 09:33:37,N,AAPL,313.71,4.0,313.76,4.0,3.0,0.0,2020-01-28 09:33:37.126663,313.69,313.74,0,0.05000000000001137,0.12880224041361998,1,1,0.0,0.00215
188,2020-01-28 09:33:38,N,AAPL,313.69,1.0,313.74,1.0,0.0,-1.0,2020-01-28 09:33:38.124271,313.71,313.77,0,0.05000000000001137,0.12819267139474277,1,1,0.0,0.00215
189,2020-01-28 09:33:39,N,AAPL,313.71,2.0,313.77,2.0,0.0,0.0,2020-01-28 09:33:39.063277,313.69,313.72,0,0.060000000000002274,0.1270033861515003,1,1,0.0,0.00215
190,2020-01-28 09:33:40,N,AAPL,313.69,1.0,313.72,2.0,0.0,-1.0,2020-01-28 09:33:40.091112,313.69,313.73,0,0.03000000000002956,0.1278411523059617,1,-1,-0.3333333333333333,0.00215
191,2020-01-28 09:33:41,N,AAPL,313.69,1.0,313.73,8.0,0.0,5.0,2020-01-28 09:33:41.146451,313.75,313.78,1,0.040000000000020464,0.13746219835047668,1,1,-0.7777777777777778,0.00215
192,2020-01-28 09:33:42,N,AAPL,313.75,2.0,313.78,5.0,1.0,-2.0,2020-01-28 09:33:42.649785,313.8,313.86,1,0.029999999999972715,0.14061576962836853,1,-1,-0.42857142857142855,0.00215
193,2020-01-28 09:33:43,N,AAPL,313.8,1.0,313.86,2.0,-4.0,1.0,2020-01-28 09:33:43.703927,313.79,313.86,0,0.060000000000002274,0.141579606440132,1,1,-0.3333333333333333,0.00215
194,2020-01-28 09:33:44,N,AAPL,313.79,4.0,313.86,2.0,3.0,0.0,2020-01-28 09:33:44.136820,313.87,313.9,1,0.06999999999999318,0.13574242013521598,1,1,0.3333333333333333,0.00215
195,2020-01-28 09:33:45,N,AAPL,313.87,1.0,313.9,1.0,0.0,-3.0,2020-01-28 09:33:45.309872,313.81,313.89,0,0.029999999999972715,0.13500433591036654,1,-1,0.0,0.00215
196,2020-01-28 09:33:46,N,AAPL,313.81,5.0,313.89,1.0,3.0,0.0,2020-01-28 09:33:46.057756,313.81,313.85,0,0.07999999999998408,0.12535600678194214,1,1,0.6666666666666666,0.00215
197,2020-01-28 09:33:47,N,AAPL,313.81,6.0,313.85,2.0,1.0,-2.0,2020-01-28 09:33:47.016111,313.82,313.85,0,0.040000000000020464,0.11529104329548545,1,-1,0.5,0.00215
198,2020-01-28 09:33:49,N,AAPL,313.82,2.0,313.85,1.0,0.0,-1.0,2020-01-28 09:33:49.185097,313.83,313.88,0,0.03000000000002956,0.1124925069410665,1,-1,0.3333333333333333,0.00215
199,2020-01-28 09:33:51,N,AAPL,313.83,3.0,313.88,3.0,-1.0,2.0,2020-01-28 09:33:51.504579,313.85,313.9,0,0.05000000000001137,0.1108011877532249,1,1,0.0,0.00259
200,2020-01-28 09:33:52,N,AAPL,313.85,1.0,313.9,2.0,-2.0,0.0,2020-01-28 09:33:52.231855,313.84,313.86,0,0.049999999999954525,0.1118792911055948,1,-1,-0.3333333333333333,0.00259
201,2020-01-28 09:33:53,N,AAPL,313.84,1.0,313.86,3.0,0.0,2.0,2020-01-28 09:33:53.533576,313.85,313.9,0,0.020000000000038654,0.11438312911991488,1,-1,-0.5,0.00259
202,2020-01-28 09:33:54,N,AAPL,313.85,4.0,313.9,2.0,3.0,-2.0,2020-01-28 09:33:54.303383,313.88,313.89,0,0.049999999999954525,0.10889888007551463,1,1,0.3333333333333333,0.00259
203,2020-01-28 09:33:55,N,AAPL,313.88,1.0,313.89,8.0,-1.0,7.0,2020-01-28 09:33:55.184693,313.83,313.89,0,0.009999999999990905,0.1192611563080277,1,-1,-0.7777777777777778,0.00259
204,2020-01-28 09:33:56,N,AAPL,313.83,2.0,313.89,8.0,0.0,0.0,2020-01-28 09:33:56.034704,313.85,313.9,0,0.060000000000002274,0.12730801997656727,1,1,-0.6,0.00259
205,2020-01-28 09:33:57,N,AAPL,313.85,2.0,313.9,1.0,0.0,0.0,2020-01-28 09:33:57.082532,313.95,313.98,1,0.049999999999954525,0.12458491199640775,1,-1,0.3333333333333333,0.00259
206,2020-01-28 09:33:59,N,AAPL,313.95,1.0,313.98,5.0,-1.0,4.0,2020-01-28 09:33:59.092501,313.97,314.03,0,0.03000000000002956,0.13047209199851295,1,-1,-0.6666666666666666,0.00259
207,2020-01-28 09:34:01,N,AAPL,313.97,3.0,314.03,22.0,2.0,17.0,2020-01-28 09:34:01.096041,313.95,313.98,0,0.05999999999994543,0.15976346393466656,1,1,-0.76,0.00259
208,2020-01-28 09:34:02,N,AAPL,313.95,2.0,313.98,2.0,0.0,0.0,2020-01-28 09:34:02.173486,313.91,313.96,0,0.03000000000002956,0.15821673949483284,1,-1,0.0,0.00259
209,2020-01-28 09:34:04,N,AAPL,313.91,4.0,313.96,2.0,3.0,1.0,2020-01-28 09:34:04.506684,313.87,313.93,0,0.049999999999954525,0.15247962842238394,1,1,0.3333333333333333,0.00259
210,2020-01-28 09:34:05,N,AAPL,313.87,1.0,313.93,2.0,0.0,0.0,2020-01-28 09:34:05.097063,313.83,313.88,0,0.060000000000002274,0.15323707015920718,1,1,-0.3333333333333333,0.00259
211,2020-01-28 09:34:06,N,AAPL,313.83,3.0,313.88,1.0,2.0,-2.0,2020-01-28 09:34:06.026666,313.77,313.84,0,0.05000000000001137,0.14868397598274896,1,-1,0.5,0.00259
212,2020-01-28 09:34:07,N,AAPL,313.77,3.0,313.84,3.0,-2.0,0.0,2020-01-28 09:34:07.125739,313.71,313.75,-1,0.06999999999999318,0.14700881466018245,1,1,0.0,0.00259
213,2020-01-28 09:34:08,N,AAPL,313.71,1.0,313.75,1.0,0.0,0.0,2020-01-28 09:34:08.098458,313.71,313.75,0,0.040000000000020464,0.14643994321181708,1,-1,0.0,0.00259
214,2020-01-28 09:34:09,N,AAPL,313.71,2.0,313.75,1.0,0.0,0.0,2020-01-28 09:34:09.283667,313.66,313.72,0,0.040000000000020464,0.14421982509577447,1,1,0.3333333333333333,0.00259
215,2020-01-28 09:34:10,N,AAPL,313.66,2.0,313.72,7.0,-3.0,0.0,2020-01-28 09:34:10.567891,313.6,313.65,-1,0.060000000000002274,0.1483861340679482,1,1,-0.5555555555555556,0.00259
216,2020-01-28 09:34:11,N,AAPL,313.6,2.0,313.65,1.0,1.0,-3.0,2020-01-28 09:34:11.418662,313.56,313.61,0,0.049999999999954525,0.1464893261315865,1,-1,0.3333333333333333,0.00259
217,2020-01-28 09:34:12,N,AAPL,313.56,4.0,313.61,7.0,3.0,3.0,2020-01-28 09:34:12.139321,313.59,313.66,0,0.05000000000001137,0.1471452228495309,1,1,-0.2727272727272727,0.00259
218,2020-01-28 09:34:13,N,AAPL,313.59,2.0,313.66,1.0,-2.0,-1.0,2020-01-28 09:34:13.131224,313.57,313.64,0,0.07000000000005002,0.14534966877442912,1,1,0.3333333333333333,0.00259
219,2020-01-28 09:34:14,N,AAPL,313.57,1.0,313.64,1.0,0.0,0.0,2020-01-28 09:34:14.072102,313.61,313.62,0,0.06999999999999318,0.14492050494283149,1,-1,0.0,0.00259
220,2020-01-28 09:34:15,N,AAPL,313.61,1.0,313.62,2.0,-3.0,-3.0,2020-01-28 09:34:15.001992,313.66,313.71,1,0.009999999999990905,0.145219407078514,1,-1,-0.3333333333333333,0.00259
221,2020-01-28 09:34:16,N,AAPL,313.66,5.0,313.71,2.0,1.0,0.0,2020-01-28 09:34:16.004054,313.56,313.61,-1,0.049999999999954525,0.1398530598717116,1,1,0.42857142857142855,0.00259
222,2020-01-28 09:34:17,N,AAPL,313.56,2.0,313.61,2.0,1.0,-2.0,2020-01-28 09:34:17.708101,313.63,313.66,1,0.05000000000001137,0.1389948042846072,1,1,0.0,0.00259
223,2020-01-28 09:34:18,N,AAPL,313.63,2.0,313.66,2.0,0.0,1.0,2020-01-28 09:34:18.543578,313.65,313.69,0,0.03000000000002956,0.13802028014561074,1,-1,0.0,0.00259
224,2020-01-28 09:34:19,N,AAPL,313.65,1.0,313.69,1.0,-1.0,-1.0,2020-01-28 09:34:19.324469,313.68,313.69,0,0.040000000000020464,0.13754305977704462,1,1,0.0,0.00259
225,2020-01-28 09:34:20,N,AAPL,313.68,1.0,313.69,1.0,0.0,0.0,2020-01-28 09:34:20.383328,313.7,313.74,1,0.009999999999990905,0.1370091798254407,1,-1,0.0,0.00259
226,2020-01-28 09:34:21,N,AAPL,313.7,4.0,313.74,1.0,3.0,0.0,2020-01-28 09:34:21.286717,313.77,313.82,1,0.040000000000020464,0.1320791510388517,1,1,0.6,0.00259
227,2020-01-28 09:34:22,N,AAPL,313.77,2.0,313.82,3.0,0.0,2.0,2020-01-28 09:34:22.179744,313.79,313.89,0,0.05000000000001137,0.13220760169184587,1,1,-0.2,0.00259
228,2020-01-28 09:34:23,N,AAPL,313.79,2.0,313.89,4.0,1.0,-3.0,2020-01-28 09:34:23.151171,313.81,313.86,0,0.0999999999999659,0.13376636243282292,1,1,-0.3333333333333333,0.00259
229,2020-01-28 09:34:24,N,AAPL,313.81,2.0,313.86,2.0,0.0,0.0,2020-01-28 09:34:24.313344,313.92,313.99,1,0.05000000000001137,0.1327546112876803,1,-1,0.0,0.00259
230,2020-01-28 09:34:27,N,AAPL,313.92,2.0,313.99,4.0,0.0,2.0,2020-01-28 09:34:27.368411,313.9,313.98,0,0.06999999999999318,0.13437022368736962,1,1,-0.3333333333333333,0.00259
231,2020-01-28 09:34:28,N,AAPL,313.9,4.0,313.98,2.0,0.0,0.0,2020-01-28 09:34:28.104109,313.74,313.79,-1,0.08000000000004093,0.12980277244611216,1,1,0.3333333333333333,0.00259
232,2020-01-28 09:34:29,N,AAPL,313.74,2.0,313.79,4.0,0.0,2.0,2020-01-28 09:34:29.201988,313.73,313.82,0,0.05000000000001137,0.13091890841604936,1,-1,-0.3333333333333333,0.00259
233,2020-01-28 09:34:30,N,AAPL,313.73,2.0,313.82,5.0,0.0,4.0,2020-01-28 09:34:30.128656,313.74,313.81,0,0.08999999999997499,0.13326090225564258,1,1,-0.42857142857142855,0.00259
234,2020-01-28 09:34:31,N,AAPL,313.74,3.0,313.81,1.0,1.0,-1.0,2020-01-28 09:34:31.795562,313.74,313.79,0,0.06999999999999318,0.129952941827014,1,-1,0.5,0.00259
235,2020-01-28 09:34:32,N,AAPL,313.74,2.0,313.79,75.0,-1.0,74.0,2020-01-28 09:34:32.056311,313.77,313.79,0,0.05000000000001137,0.19393967229393638,1,-1,-0.948051948051948,0.00485
236,2020-01-28 09:34:33,N,AAPL,313.77,4.0,313.79,52.0,2.0,-9.0,2020-01-28 09:34:33.013184,313.69,313.75,-1,0.020000000000038654,0.22716052286864397,1,-1,-0.8571428571428571,0.00485
237,2020-01-28 09:34:34,N,AAPL,313.69,2.0,313.75,2.0,-1.0,-4.0,2020-01-28 09:34:34.309152,313.71,313.74,0,0.060000000000002274,0.22585958414316565,1,1,0.0,0.00485
238,2020-01-28 09:34:35,N,AAPL,313.71,1.0,313.74,1.0,-1.0,0.0,2020-01-28 09:34:35.220453,313.56,313.63,-1,0.03000000000002956,0.2251644788703402,1,-1,0.0,0.00485
239,2020-01-28 09:34:36,N,AAPL,313.56,2.0,313.63,1.0,0.0,-1.0,2020-01-28 09:34:36.008961,313.67,313.71,1,0.06999999999999318,0.22357115573498731,1,1,0.3333333333333333,0.00485
240,2020-01-28 09:34:37,N,AAPL,313.67,2.0,313.71,1.0,0.0,0.0,2020-01-28 09:34:37.336050,313.66,313.71,0,0.03999999999996362,0.22168335984179066,1,-1,0.3333333333333333,0.00485
241,2020-01-28 09:34:38,N,AAPL,313.66,1.0,313.71,4.0,-1.0,2.0,2020-01-28 09:34:38.721830,313.62,313.67,0,0.049999999999954525,0.22284494653712272,1,1,-0.6,0.00485
242,2020-01-28 09:34:40,N,AAPL,313.62,2.0,313.67,6.0,1.0,2.0,2020-01-28 09:34:40.210103,313.55,313.63,0,0.05000000000001137,0.22380554715834933,1,1,-0.5,0.00485
243,2020-01-28 09:34:41,N,AAPL,313.55,1.0,313.63,2.0,0.0,-4.0,2020-01-28 09:34:41.297936,313.53,313.61,0,0.07999999999998408,0.22377434955342324,1,1,-0.3333333333333333,0.00485
244,2020-01-28 09:34:42,N,AAPL,313.53,1.0,313.61,1.0,-3.0,-1.0,2020-01-28 09:34:42.162577,313.6,313.65,0,0.08000000000004093,0.2232717683922374,1,1,0.0,0.00485
245,2020-01-28 09:34:43,N,AAPL,313.6,1.0,313.65,2.0,0.0,1.0,2020-01-28 09:34:43.262449,313.52,313.58,-1,0.049999999999954525,0.22319755484460302,1,-1,-0.3333333333333333,0.00485
246,2020-01-28 09:34:45,N,AAPL,313.52,2.0,313.58,11.0,1.0,9.0,2020-01-28 09:34:45.116881,313.52,313.57,0,0.060000000000002274,0.2258979444994793,1,1,-0.6923076923076923,0.00485
247,2020-01-28 09:34:46,N,AAPL,313.52,1.0,313.57,2.0,0.0,0.0,2020-01-28 09:34:46.005023,313.42,313.48,-1,0.05000000000001137,0.22576234534687956,1,-1,-0.3333333333333333,0.00485
248,2020-01-28 09:34:47,N,AAPL,313.42,1.0,313.48,2.0,-1.0,1.0,2020-01-28 09:34:47.161468,313.4,313.5,0,0.060000000000002274,0.22559534344549093,1,1,-0.3333333333333333,0.00485
249,2020-01-28 09:34:48,N,AAPL,313.4,2.0,313.5,3.0,0.0,-13.0,2020-01-28 09:34:48.890438,313.43,313.51,0,0.10000000000002274,0.2251180512711244,1,1,-0.2,0.00485
250,2020-01-28 09:34:49,N,AAPL,313.43,2.0,313.51,18.0,1.0,17.0,2020-01-28 09:34:49.158981,313.5,313.54,0,0.07999999999998408,0.2292800680864957,1,-1,-0.8,0.00485
251,2020-01-28 09:34:50,N,AAPL,313.5,2.0,313.54,2.0,-2.0,0.0,2020-01-28 09:34:50.275869,313.53,313.57,0,0.040000000000020464,0.2282157700323637,1,-1,0.0,0.00542
252,2020-01-28 09:34:51,N,AAPL,313.53,2.0,313.57,2.0,0.0,-3.0,2020-01-28 09:34:51.003602,313.4,313.45,-1,0.040000000000020464,0.22712231868837307,1,1,0.0,0.00542
253,2020-01-28 09:34:53,N,AAPL,313.4,1.0,313.45,4.0,-1.0,2.0,2020-01-28 09:34:53.047555,313.43,313.47,0,0.05000000000001137,0.22737972928899808,1,1,-0.6,0.00542
254,2020-01-28 09:34:54,N,AAPL,313.43,3.0,313.47,1.0,2.0,-1.0,2020-01-28 09:34:54.102379,313.4,313.44,0,0.040000000000020464,0.22543725481062893,1,-1,0.5,0.00542
255,2020-01-28 09:34:55,N,AAPL,313.4,4.0,313.44,4.0,3.0,3.0,2020-01-28 09:34:55.003884,313.46,313.48,1,0.040000000000020464,0.22363842194721428,1,1,0.0,0.00542
256,2020-01-28 09:34:56,N,AAPL,313.46,1.0,313.48,2.0,0.0,1.0,2020-01-28 09:34:56.986611,313.43,313.47,0,0.020000000000038654,0.22339806676990293,1,-1,-0.3333333333333333,0.00542
257,2020-01-28 09:34:57,N,AAPL,313.43,1.0,313.47,2.0,0.0,0.0,2020-01-28 09:34:57.181911,313.31,313.37,-1,0.040000000000020464,0.223188148501265,1,1,-0.3333333333333333,0.00542
258,2020-01-28 09:34:58,N,AAPL,313.31,4.0,313.37,1.0,3.0,-1.0,2020-01-28 09:34:58.062897,313.3,313.34,0,0.060000000000002274,0.22132792833264148,1,1,0.6,0.00542
259,2020-01-28 09:34:59,N,AAPL,313.3,4.0,313.34,4.0,3.0,3.0,2020-01-28 09:34:59.368705,313.31,313.37,0,0.03999999999996362,0.21984398185117016,1,-1,0.0,0.00542
260,2020-01-28 09:35:00,N,AAPL,313.31,4.0,313.37,2.0,3.0,0.0,2020-01-28 09:35:00.017102,313.39,313.44,1,0.060000000000002274,0.2181740929124203,1,1,0.3333333333333333,0.00542
261,2020-01-28 09:35:01,N,AAPL,313.39,2.0,313.44,2.0,1.0,-5.0,2020-01-28 09:35:01.124098,313.49,313.55,1,0.05000000000001137,0.21736758492875197,1,-1,0.0,0.00542
262,2020-01-28 09:35:02,N,AAPL,313.49,2.0,313.55,2.0,1.0,1.0,2020-01-28 09:35:02.034702,313.42,313.48,-1,0.060000000000002274,0.21647126831504693,1,1,0.0,0.00542
263,2020-01-28 09:35:03,N,AAPL,313.42,6.0,313.48,4.0,3.0,2.0,2020-01-28 09:35:03.606260,313.35,313.42,0,0.060000000000002274,0.21356266215457254,1,1,0.2,0.00542
264,2020-01-28 09:35:04,N,AAPL,313.35,2.0,313.42,1.0,0.0,-2.0,2020-01-28 09:35:04.026365,313.41,313.46,0,0.06999999999999318,0.21269324134885892,1,1,0.3333333333333333,0.00542
265,2020-01-28 09:35:05,N,AAPL,313.41,4.0,313.46,2.0,2.0,1.0,2020-01-28 09:35:05.283390,313.51,313.55,1,0.049999999999954525,0.21066100157480605,1,-1,0.3333333333333333,0.00542
266,2020-01-28 09:35:06,N,AAPL,313.51,1.0,313.55,1.0,-1.0,-3.0,2020-01-28 09:35:06.011165,313.52,313.58,0,0.040000000000020464,0.21020603338558885,1,-1,0.0,0.00542
267,2020-01-28 09:35:07,N,AAPL,313.52,1.0,313.58,1.0,0.0,-4.0,2020-01-28 09:35:07.164257,313.52,313.59,0,0.060000000000002274,0.209769413110223,1,1,0.0,0.00542
268,2020-01-28 09:35:08,N,AAPL,313.52,4.0,313.59,2.0,3.0,1.0,2020-01-28 09:35:08.016245,313.45,313.51,-1,0.06999999999999318,0.2073414807622953,1,1,0.3333333333333333,0.00542
269,2020-01-28 09:35:09,N,AAPL,313.45,1.0,313.51,2.0,-1.0,0.0,2020-01-28 09:35:09.140096,313.5,313.57,0,0.060000000000002274,0.20723812281886467,1,-1,-0.3333333333333333,0.00542
270,2020-01-28 09:35:10,N,AAPL,313.5,1.0,313.57,2.0,0.0,-2.0,2020-01-28 09:35:10.519785,313.5,313.55,0,0.06999999999999318,0.2071835690504713,1,1,-0.3333333333333333,0.00542
271,2020-01-28 09:35:11,N,AAPL,313.5,1.0,313.55,2.0,0.0,0.0,2020-01-28 09:35:11.015879,313.44,313.5,0,0.05000000000001137,0.20708463014972267,1,-1,-0.3333333333333333,0.00542
272,2020-01-28 09:35:12,N,AAPL,313.44,1.0,313.5,1.0,-3.0,-1.0,2020-01-28 09:35:12.471844,313.53,313.6,1,0.060000000000002274,0.20670606238661549,1,1,0.0,0.00542
273,2020-01-28 09:35:13,N,AAPL,313.53,1.0,313.6,3.0,0.0,2.0,2020-01-28 09:35:13.053032,313.64,313.7,1,0.07000000000005002,0.20704402944380718,1,1,-0.5,0.00542
274,2020-01-28 09:35:14,N,AAPL,313.64,2.0,313.7,4.0,-2.0,2.0,2020-01-28 09:35:14.384709,313.6,313.68,0,0.060000000000002274,0.20703540342816495,1,-1,-0.3333333333333333,0.00542
275,2020-01-28 09:35:15,N,AAPL,313.6,4.0,313.68,1.0,3.0,0.0,2020-01-28 09:35:15.517243,313.61,313.68,0,0.07999999999998408,0.2039114444593224,1,1,0.6,0.00542
276,2020-01-28 09:35:16,N,AAPL,313.61,2.0,313.68,1.0,-2.0,0.0,2020-01-28 09:35:16.015064,313.62,313.7,0,0.06999999999999318,0.20256278932328087,1,-1,0.3333333333333333,0.00542
277,2020-01-28 09:35:17,N,AAPL,313.62,1.0,313.7,4.0,0.0,2.0,2020-01-28 09:35:17.660014,313.64,313.72,0,0.07999999999998408,0.20355495761054954,1,1,-0.6,0.00542
278,2020-01-28 09:35:18,N,AAPL,313.64,1.0,313.72,4.0,0.0,3.0,2020-01-28 09:35:18.478967,313.66,313.74,0,0.08000000000004093,0.20458726566755558,1,1,-0.6,0.00542
279,2020-01-28 09:35:19,N,AAPL,313.66,3.0,313.74,2.0,2.0,0.0,2020-01-28 09:35:19.593364,313.77,313.82,1,0.07999999999998408,0.20270060218183517,1,-1,0.2,0.00542
280,2020-01-28 09:35:20,N,AAPL,313.77,2.0,313.82,6.0,0.0,-2.0,2020-01-28 09:35:20.154526,313.75,313.82,0,0.05000000000001137,0.2039816101619749,1,-1,-0.5,0.00542
281,2020-01-28 09:35:21,N,AAPL,313.75,1.0,313.82,4.0,-1.0,-11.0,2020-01-28 09:35:21.067247,313.63,313.69,-1,0.06999999999999318,0.20522774084332696,1,1,-0.6,0.00542
282,2020-01-28 09:35:22,N,AAPL,313.63,2.0,313.69,4.0,0.0,2.0,2020-01-28 09:35:22.011783,313.62,313.69,0,0.060000000000002274,0.20519712493785391,1,-1,-0.3333333333333333,0.00542
283,2020-01-28 09:35:23,N,AAPL,313.62,2.0,313.69,3.0,1.0,1.0,2020-01-28 09:35:23.085727,313.62,313.68,0,0.06999999999999318,0.20475531344271758,1,1,-0.2,0.00542
284,2020-01-28 09:35:24,N,AAPL,313.62,1.0,313.68,1.0,-1.0,-1.0,2020-01-28 09:35:24.189597,313.55,313.59,-1,0.060000000000002274,0.2043055172447339,1,-1,0.0,0.00542
285,2020-01-28 09:35:25,N,AAPL,313.55,2.0,313.59,2.0,1.0,1.0,2020-01-28 09:35:25.868911,313.52,313.56,0,0.03999999999996362,0.2034445732301151,1,-1,0.0,0.00542
286,2020-01-28 09:35:26,N,AAPL,313.52,1.0,313.56,2.0,0.0,-3.0,2020-01-28 09:35:26.049906,313.52,313.57,0,0.040000000000020464,0.203332874941907,1,1,-0.3333333333333333,0.00542
287,2020-01-28 09:35:27,N,AAPL,313.52,4.0,313.57,1.0,1.0,-3.0,2020-01-28 09:35:27.842487,313.51,313.6,0,0.05000000000001137,0.200814583826741,1,1,0.6,0.00542
288,2020-01-28 09:35:28,N,AAPL,313.51,2.0,313.6,4.0,-2.0,0.0,2020-01-28 09:35:28.015821,313.51,313.58,0,0.09000000000003183,0.20080365073147277,1,1,-0.3333333333333333,0.00542
289,2020-01-28 09:35:29,N,AAPL,313.51,1.0,313.58,1.0,-3.0,0.0,2020-01-28 09:35:29.047207,313.41,313.48,-1,0.06999999999999318,0.20043917802109945,1,-1,0.0,0.00542
290,2020-01-28 09:35:30,N,AAPL,313.41,3.0,313.48,2.0,-4.0,0.0,2020-01-28 09:35:30.183607,313.44,313.52,0,0.06999999999999318,0.19929906542063236,1,1,0.2,0.00542
291,2020-01-28 09:35:31,N,AAPL,313.44,1.0,313.52,2.0,-4.0,0.0,2020-01-28 09:35:31.260113,313.43,313.52,0,0.07999999999998408,0.19923973601726175,1,1,-0.3333333333333333,0.00542
292,2020-01-28 09:35:32,N,AAPL,313.43,3.0,313.52,2.0,1.0,0.0,2020-01-28 09:35:32.365852,313.36,313.41,-1,0.08999999999997499,0.1981053720132877,1,1,0.2,0.00542
293,2020-01-28 09:35:33,N,AAPL,313.36,2.0,313.41,2.0,1.0,0.0,2020-01-28 09:35:33.281345,313.32,313.4,0,0.05000000000001137,0.19751232656801676,1,-1,0.0,0.00542
294,2020-01-28 09:35:34,N,AAPL,313.32,1.0,313.4,2.0,0.0,0.0,2020-01-28 09:35:34.010538,313.26,313.31,-1,0.07999999999998408,0.19739491477815818,1,1,-0.3333333333333333,0.00542
295,2020-01-28 09:35:35,N,AAPL,313.26,7.0,313.31,2.0,3.0,1.0,2020-01-28 09:35:35.955079,313.3,313.38,0,0.05000000000001137,0.19554279572855648,1,-1,0.5555555555555556,0.00542
296,2020-01-28 09:35:36,N,AAPL,313.3,2.0,313.38,4.0,0.0,0.0,2020-01-28 09:35:36.015408,313.34,313.38,0,0.07999999999998408,0.19529954920614045,1,1,-0.3333333333333333,0.00542
297,2020-01-28 09:35:37,N,AAPL,313.34,1.0,313.38,2.0,0.0,-2.0,2020-01-28 09:35:37.420697,313.27,313.37,0,0.040000000000020464,0.19511745130279223,1,-1,-0.3333333333333333,0.00542
298,2020-01-28 09:35:38,N,AAPL,313.27,2.0,313.37,2.0,1.0,0.0,2020-01-28 09:35:38.046892,313.34,313.39,0,0.10000000000002274,0.1947391204442397,1,1,0.0,0.00542
299,2020-01-28 09:35:39,N,AAPL,313.34,1.0,313.39,6.0,-5.0,3.0,2020-01-28 09:35:39.017029,313.28,313.33,-1,0.05000000000001137,0.19503004312861094,1,-1,-0.7142857142857143,0.00542
300,2020-01-28 09:35:40,N,AAPL,313.28,2.0,313.33,2.0,-4.0,1.0,2020-01-28 09:35:40.867923,313.26,313.33,0,0.05000000000001137,0.194542863059894,1,1,0.0,0.00542
301,2020-01-28 09:35:41,N,AAPL,313.26,5.0,313.33,2.0,3.0,0.0,2020-01-28 09:35:41.063269,313.42,313.48,1,0.06999999999999318,0.1930706768281425,1,1,0.42857142857142855,0.00542
302,2020-01-28 09:35:42,N,AAPL,313.42,4.0,313.48,2.0,2.0,1.0,2020-01-28 09:35:42.400609,313.42,313.49,0,0.060000000000002274,0.19127858626285388,1,-1,0.3333333333333333,0.00542
303,2020-01-28 09:35:43,N,AAPL,313.42,4.0,313.49,1.0,2.0,0.0,2020-01-28 09:35:43.227826,313.45,313.54,0,0.06999999999999318,0.19012543835981432,1,1,0.6,0.00542
304,2020-01-28 09:35:44,N,AAPL,313.45,2.0,313.54,2.0,0.0,0.0,2020-01-28 09:35:44.001560,313.42,313.51,0,0.09000000000003183,0.18807629039275753,1,1,0.0,0.00542
305,2020-01-28 09:35:45,N,AAPL,313.42,2.0,313.51,1.0,0.0,-3.0,2020-01-28 09:35:45.071948,313.39,313.48,0,0.08999999999997499,0.1852298683431286,1,-1,0.3333333333333333,0.00542
306,2020-01-28 09:35:46,N,AAPL,313.39,2.0,313.48,3.0,0.0,2.0,2020-01-28 09:35:46.335945,313.43,313.48,0,0.09000000000003183,0.18329376504783568,1,1,-0.2,0.00542
307,2020-01-28 09:35:47,N,AAPL,313.43,1.0,313.48,1.0,-3.0,0.0,2020-01-28 09:35:47.512303,313.43,313.49,0,0.05000000000001137,0.18101527641005077,1,-1,0.0,0.00542
308,2020-01-28 09:35:48,N,AAPL,313.43,2.0,313.49,1.0,1.0,0.0,2020-01-28 09:35:48.074611,313.56,313.59,1,0.060000000000002274,0.18008399140524034,1,1,0.3333333333333333,0.00542
309,2020-01-28 09:35:49,N,AAPL,313.56,1.0,313.59,1.0,-1.0,0.0,2020-01-28 09:35:49.073312,313.48,313.52,-1,0.029999999999972715,0.1791794140524985,1,-1,0.0,0.00542
310,2020-01-28 09:35:50,N,AAPL,313.48,2.0,313.52,1.0,1.0,0.0,2020-01-28 09:35:50.613098,313.49,313.53,0,0.03999999999996362,0.1764267021921455,1,1,0.3333333333333333,0.00542
311,2020-01-28 09:35:51,N,AAPL,313.49,2.0,313.53,1.0,0.0,0.0,2020-01-28 09:35:51.003160,313.39,313.47,-1,0.03999999999996362,0.17602605544135486,1,1,0.3333333333333333,0.00542
312,2020-01-28 09:35:52,N,AAPL,313.39,4.0,313.47,3.0,2.0,1.0,2020-01-28 09:35:52.044163,313.44,313.49,0,0.08000000000004093,0.17482758620695904,1,1,0.14285714285714285,0.00542
313,2020-01-28 09:35:53,N,AAPL,313.44,1.0,313.49,2.0,-1.0,1.0,2020-01-28 09:35:53.172749,313.39,313.48,0,0.05000000000001137,0.17589797114192152,1,-1,-0.3333333333333333,0.00542
314,2020-01-28 09:35:54,N,AAPL,313.39,3.0,313.48,4.0,1.0,2.0,2020-01-28 09:35:54.004389,313.33,313.37,-1,0.09000000000003183,0.1772609658732449,1,1,-0.14285714285714285,0.00542
315,2020-01-28 09:35:55,N,AAPL,313.33,2.0,313.37,2.0,1.0,0.0,2020-01-28 09:35:55.650164,313.35,313.4,0,0.040000000000020464,0.17714437351133938,1,-1,0.0,0.00542
316,2020-01-28 09:35:56,N,AAPL,313.35,1.0,313.4,2.0,-1.0,-2.0,2020-01-28 09:35:56.504207,313.36,313.44,0,0.049999999999954525,0.1793809887701059,1,1,-0.3333333333333333,0.00542
317,2020-01-28 09:35:57,N,AAPL,313.36,1.0,313.44,1.0,0.0,0.0,2020-01-28 09:35:57.168944,313.38,313.49,0,0.07999999999998408,0.17895217303185973,1,1,0.0,0.00542
318,2020-01-28 09:35:58,N,AAPL,313.38,2.0,313.49,1.0,0.0,-1.0,2020-01-28 09:35:58.385254,313.43,313.5,0,0.11000000000001364,0.17879581425683,1,1,0.3333333333333333,0.00542
319,2020-01-28 09:35:59,N,AAPL,313.43,2.0,313.5,1.0,0.0,0.0,2020-01-28 09:35:59.856434,313.47,313.53,0,0.06999999999999318,0.17608075745602036,1,-1,0.3333333333333333,0.00542
320,2020-01-28 09:36:00,N,AAPL,313.47,1.0,313.53,4.0,-1.0,3.0,2020-01-28 09:36:00.190970,313.46,313.52,0,0.05999999999994543,0.17508965779671826,1,-1,-0.6,0.00542
321,2020-01-28 09:36:01,N,AAPL,313.46,2.0,313.52,2.0,0.0,-2.0,2020-01-28 09:36:01.148998,313.52,313.59,0,0.060000000000002274,0.17445385469727626,1,1,0.0,0.00542
322,2020-01-28 09:36:02,N,AAPL,313.52,1.0,313.59,6.0,-3.0,0.0,2020-01-28 09:36:02.555134,313.53,313.58,0,0.06999999999999318,0.1821015167182054,1,1,-0.7142857142857143,0.00542
323,2020-01-28 09:36:03,N,AAPL,313.53,1.0,313.58,4.0,-3.0,-2.0,2020-01-28 09:36:03.072006,313.54,313.61,0,0.05000000000001137,0.1810265969964462,1,-1,-0.6,0.00542
324,2020-01-28 09:36:04,N,AAPL,313.54,4.0,313.61,2.0,3.0,1.0,2020-01-28 09:36:04.934851,313.54,313.63,0,0.06999999999999318,0.18201046146231192,1,1,0.3333333333333333,0.00542
325,2020-01-28 09:36:05,N,AAPL,313.54,2.0,313.63,2.0,1.0,0.0,2020-01-28 09:36:05.044528,313.56,313.63,0,0.08999999999997499,0.18478670009517373,1,1,0.0,0.00542
326,2020-01-28 09:36:06,N,AAPL,313.56,4.0,313.63,2.0,2.0,1.0,2020-01-28 09:36:06.341285,313.65,313.7,1,0.06999999999999318,0.18226718358255312,1,-1,0.3333333333333333,0.00542
327,2020-01-28 09:36:07,N,AAPL,313.65,4.0,313.7,5.0,-1.0,4.0,2020-01-28 09:36:07.120683,313.64,313.71,0,0.05000000000001137,0.18114890123325722,1,-1,-0.1111111111111111,0.00542
328,2020-01-28 09:36:08,N,AAPL,313.64,1.0,313.71,2.0,0.0,0.0,2020-01-28 09:36:08.057949,313.52,313.59,-1,0.06999999999999318,0.18207564446584001,1,1,-0.3333333333333333,0.00542
329,2020-01-28 09:36:09,N,AAPL,313.52,2.0,313.59,2.0,1.0,1.0,2020-01-28 09:36:09.316994,313.51,313.58,0,0.06999999999999318,0.18286798179047992,1,1,0.0,0.00542
330,2020-01-28 09:36:10,N,AAPL,313.51,4.0,313.58,1.0,0.0,-2.0,2020-01-28 09:36:10.293780,313.56,313.62,0,0.06999999999999318,0.18245181570665636,1,1,0.6,0.00542
331,2020-01-28 09:36:11,N,AAPL,313.56,1.0,313.62,1.0,0.0,-1.0,2020-01-28 09:36:11.378950,313.58,313.64,0,0.060000000000002274,0.18145372893565082,1,-1,0.0,0.00542
332,2020-01-28 09:36:12,N,AAPL,313.58,1.0,313.64,1.0,-1.0,0.0,2020-01-28 09:36:12.238420,313.61,313.67,0,0.060000000000002274,0.1810186602870658,1,1,0.0,0.00542
333,2020-01-28 09:36:13,N,AAPL,313.61,1.0,313.67,1.0,-1.0,0.0,2020-01-28 09:36:13.069467,313.59,313.67,0,0.060000000000002274,0.1804996714055278,1,1,0.0,0.00542
334,2020-01-28 09:36:14,N,AAPL,313.59,2.0,313.67,1.0,1.0,0.0,2020-01-28 09:36:14.166721,313.64,313.71,0,0.08000000000004093,0.1778667603324493,1,1,0.3333333333333333,0.00542
335,2020-01-28 09:36:15,N,AAPL,313.64,2.0,313.71,1.0,0.0,0.0,2020-01-28 09:36:15.020122,313.64,313.67,0,0.06999999999999318,0.1767512956862447,1,-1,0.3333333333333333,0.00542
336,2020-01-28 09:36:16,N,AAPL,313.64,1.0,313.67,1.0,-1.0,0.0,2020-01-28 09:36:16.332427,313.66,313.72,0,0.03000000000002956,0.17624030957836112,1,-1,0.0,0.00542
337,2020-01-28 09:36:17,N,AAPL,313.66,2.0,313.72,1.0,1.0,0.0,2020-01-28 09:36:17.149023,313.65,313.73,0,0.060000000000002274,0.17769081619786675,1,1,0.3333333333333333,0.00542
338,2020-01-28 09:36:18,N,AAPL,313.65,2.0,313.73,2.0,0.0,0.0,2020-01-28 09:36:18.123086,313.65,313.71,0,0.08000000000004093,0.1759466783357766,1,1,0.0,0.00542
339,2020-01-28 09:36:19,N,AAPL,313.65,1.0,313.71,1.0,-1.0,-1.0,2020-01-28 09:36:19.115553,313.64,313.72,0,0.060000000000002274,0.1779569846920026,1,-1,0.0,0.00542
340,2020-01-28 09:36:20,N,AAPL,313.64,1.0,313.72,2.0,0.0,0.0,2020-01-28 09:36:20.379104,313.66,313.74,0,0.08000000000004093,0.17903913391876358,1,1,-0.3333333333333333,0.00542
341,2020-01-28 09:36:21,N,AAPL,313.66,2.0,313.74,1.0,0.0,0.0,2020-01-28 09:36:21.185492,313.67,313.74,0,0.07999999999998408,0.17741150304988196,1,-1,0.3333333333333333,0.00542
342,2020-01-28 09:36:22,N,AAPL,313.67,1.0,313.74,1.0,0.0,0.0,2020-01-28 09:36:22.180261,313.67,313.75,0,0.06999999999999318,0.17688843453532854,1,-1,0.0,0.00542
343,2020-01-28 09:36:23,N,AAPL,313.67,1.0,313.75,7.0,0.0,0.0,2020-01-28 09:36:23.048322,313.73,313.77,0,0.07999999999998408,0.17876333452801418,1,1,-0.75,0.00542
344,2020-01-28 09:36:24,N,AAPL,313.73,4.0,313.77,10.0,3.0,9.0,2020-01-28 09:36:24.442462,313.79,313.81,1,0.03999999999996362,0.18044863383749998,1,-1,-0.42857142857142855,0.00542
345,2020-01-28 09:36:25,N,AAPL,313.79,2.0,313.81,2.0,-2.0,1.0,2020-01-28 09:36:25.113586,313.79,313.84,0,0.01999999999998181,0.17910819954710178,1,-1,0.0,0.00572
346,2020-01-28 09:36:26,N,AAPL,313.79,2.0,313.84,2.0,0.0,-2.0,2020-01-28 09:36:26.864154,313.77,313.82,0,0.049999999999954525,0.17556178144224077,1,1,0.0,0.00572
347,2020-01-28 09:36:27,N,AAPL,313.77,1.0,313.82,1.0,-1.0,-1.0,2020-01-28 09:36:27.159466,313.68,313.75,-1,0.05000000000001137,0.1736725660856564,1,1,0.0,0.00572
348,2020-01-28 09:36:28,N,AAPL,313.68,20.0,313.75,2.0,19.0,1.0,2020-01-28 09:36:28.011532,313.72,313.79,0,0.06999999999999318,0.1565334763521946,1,1,0.8181818181818182,0.00572
349,2020-01-28 09:36:29,N,AAPL,313.72,1.0,313.79,2.0,-1.0,1.0,2020-01-28 09:36:29.064744,313.69,313.75,0,0.06999999999999318,0.15610702725206238,1,1,-0.3333333333333333,0.00572
350,2020-01-28 09:36:30,N,AAPL,313.69,2.0,313.75,4.0,0.0,1.0,2020-01-28 09:36:30.060305,313.66,313.71,0,0.060000000000002274,0.16058404760553913,1,-1,-0.3333333333333333,0.00572
351,2020-01-28 09:36:31,N,AAPL,313.66,1.0,313.71,2.0,0.0,0.0,2020-01-28 09:36:31.050188,313.56,313.62,-1,0.049999999999954525,0.15735045017004268,1,-1,-0.3333333333333333,0.00572
352,2020-01-28 09:36:32,N,AAPL,313.56,1.0,313.62,2.0,0.0,0.0,2020-01-28 09:36:32.411397,313.51,313.56,0,0.060000000000002274,0.15277726696251648,1,1,-0.3333333333333333,0.00572
353,2020-01-28 09:36:33,N,AAPL,313.51,3.0,313.56,2.0,0.0,0.0,2020-01-28 09:36:33.045240,313.51,313.55,0,0.05000000000001137,0.14587171716203784,1,-1,0.2,0.00572
354,2020-01-28 09:36:34,N,AAPL,313.51,1.0,313.55,2.0,-1.0,0.0,2020-01-28 09:36:34.209387,313.51,313.57,0,0.040000000000020464,0.14174573668208268,0,-1,-0.3333333333333333,0.00572
355,2020-01-28 09:36:36,N,AAPL,313.51,1.0,313.57,4.0,0.0,2.0,2020-01-28 09:36:36.027899,313.55,313.59,0,0.060000000000002274,0.14019905098217578,0,1,-0.6,0.00572
356,2020-01-28 09:36:37,N,AAPL,313.55,1.0,313.59,2.0,-3.0,0.0,2020-01-28 09:36:37.045401,313.55,313.62,0,0.03999999999996362,0.13977082794860962,0,-1,-0.3333333333333333,0.00572
357,2020-01-28 09:36:38,N,AAPL,313.55,1.0,313.62,1.0,0.0,-1.0,2020-01-28 09:36:38.457492,313.56,313.62,0,0.06999999999999318,0.14212503209233773,0,1,0.0,0.00572
358,2020-01-28 09:36:39,N,AAPL,313.56,1.0,313.62,2.0,0.0,0.0,2020-01-28 09:36:39.151344,313.55,313.65,0,0.060000000000002274,0.1415515468059425,0,-1,-0.3333333333333333,0.00572
359,2020-01-28 09:36:40,N,AAPL,313.55,1.0,313.65,4.0,0.0,-2.0,2020-01-28 09:36:40.065148,313.59,313.62,0,0.0999999999999659,0.14270281929560724,0,1,-0.6,0.00572
360,2020-01-28 09:36:41,N,AAPL,313.59,1.0,313.62,3.0,0.0,1.0,2020-01-28 09:36:41.650084,313.56,313.61,0,0.03000000000002956,0.14403250079584495,1,-1,-0.5,0.00572
361,2020-01-28 09:36:42,N,AAPL,313.56,1.0,313.61,2.0,0.0,-1.0,2020-01-28 09:36:42.163805,313.56,313.62,0,0.05000000000001137,0.14277044799354144,0,1,-0.3333333333333333,0.00572
362,2020-01-28 09:36:43,N,AAPL,313.56,2.0,313.62,2.0,1.0,1.0,2020-01-28 09:36:43.099011,313.53,313.6,0,0.060000000000002274,0.1413581629340115,0,1,0.0,0.00572
363,2020-01-28 09:36:44,N,AAPL,313.53,1.0,313.6,2.0,0.0,-4.0,2020-01-28 09:36:44.011811,313.53,313.58,0,0.07000000000005002,0.14103519494204875,0,1,-0.3333333333333333,0.00572
364,2020-01-28 09:36:46,N,AAPL,313.53,2.0,313.58,2.0,-2.0,0.0,2020-01-28 09:36:46.308693,313.45,313.51,-1,0.05000000000001137,0.13718387776606278,0,-1,0.0,0.00572
365,2020-01-28 09:36:47,N,AAPL,313.45,3.0,313.51,2.0,2.0,0.0,2020-01-28 09:36:47.437191,313.42,313.48,0,0.060000000000002274,0.1378806969702282,0,1,0.2,0.00572
366,2020-01-28 09:36:48,N,AAPL,313.42,18.0,313.48,1.0,17.0,0.0,2020-01-28 09:36:48.470639,313.41,313.43,0,0.060000000000002274,0.1342297922394664,1,1,0.8947368421052632,0.00572
367,2020-01-28 09:36:50,N,AAPL,313.41,1.0,313.43,2.0,-4.0,-1.0,2020-01-28 09:36:50.093605,313.39,313.4,-1,0.01999999999998181,0.13236406025362157,1,-1,-0.3333333333333333,0.00572
368,2020-01-28 09:36:51,N,AAPL,313.39,2.0,313.4,1.0,-4.0,-1.0,2020-01-28 09:36:51.080471,313.35,313.39,0,0.009999999999990905,0.13177097442650165,1,-1,0.3333333333333333,0.00572
369,2020-01-28 09:36:57,N,AAPL,313.35,5.0,313.39,1.0,3.0,-4.0,2020-01-28 09:36:57.151661,313.32,313.36,0,0.03999999999996362,0.12977273014683988,1,1,0.6666666666666666,0.00572
370,2020-01-28 09:36:58,N,AAPL,313.32,1.0,313.36,1.0,-4.0,-1.0,2020-01-28 09:36:58.206300,313.41,313.45,1,0.040000000000020464,0.1303577622765033,1,1,0.0,0.00572
371,2020-01-28 09:36:59,N,AAPL,313.41,4.0,313.45,1.0,3.0,0.0,2020-01-28 09:36:59.159680,313.41,313.49,0,0.03999999999996362,0.12854769492906826,1,-1,0.6,0.00572
372,2020-01-28 09:37:00,N,AAPL,313.41,2.0,313.49,3.0,-2.0,1.0,2020-01-28 09:37:00.118015,313.43,313.48,0,0.07999999999998408,0.12720536704358665,1,1,-0.2,0.00572
373,2020-01-28 09:37:01,N,AAPL,313.43,1.0,313.48,4.0,0.0,3.0,2020-01-28 09:37:01.571237,313.42,313.48,0,0.05000000000001137,0.1277196188403309,1,-1,-0.6,0.00572
374,2020-01-28 09:37:02,N,AAPL,313.42,5.0,313.48,3.0,4.0,2.0,2020-01-28 09:37:02.698392,313.39,313.44,0,0.060000000000002274,0.1277073915007918,1,1,0.25,0.00572
375,2020-01-28 09:37:03,N,AAPL,313.39,1.0,313.44,4.0,-4.0,1.0,2020-01-28 09:37:03.067936,313.39,313.45,0,0.05000000000001137,0.12981050331512733,1,-1,-0.6,0.00572
376,2020-01-28 09:37:04,N,AAPL,313.39,1.0,313.45,2.0,0.0,1.0,2020-01-28 09:37:04.516408,313.41,313.45,0,0.060000000000002274,0.12920497777099627,1,1,-0.3333333333333333,0.00572
377,2020-01-28 09:37:05,N,AAPL,313.41,4.0,313.45,1.0,3.0,-1.0,2020-01-28 09:37:05.102139,313.39,313.45,0,0.03999999999996362,0.12936422687278082,1,-1,0.6,0.00572
378,2020-01-28 09:37:06,N,AAPL,313.39,3.0,313.45,2.0,2.0,0.0,2020-01-28 09:37:06.318299,313.44,313.48,0,0.060000000000002274,0.12858182955915254,1,1,0.2,0.00572
379,2020-01-28 09:37:07,N,AAPL,313.44,4.0,313.48,3.0,0.0,0.0,2020-01-28 09:37:07.041216,313.4,313.44,0,0.040000000000020464,0.12740470492167333,1,-1,0.14285714285714285,0.00572
380,2020-01-28 09:37:08,N,AAPL,313.4,1.0,313.44,4.0,0.0,2.0,2020-01-28 09:37:08.689578,313.39,313.44,0,0.040000000000020464,0.1288770423036567,1,1,-0.6,0.00572
381,2020-01-28 09:37:09,N,AAPL,313.39,3.0,313.44,4.0,2.0,2.0,2020-01-28 09:37:09.234804,313.38,313.44,0,0.05000000000001137,0.12793207894799252,1,1,-0.14285714285714285,0.00572
382,2020-01-28 09:37:10,N,AAPL,313.38,1.0,313.44,2.0,-6.0,0.0,2020-01-28 09:37:10.088435,313.4,313.43,0,0.060000000000002274,0.12617839454821933,1,1,-0.3333333333333333,0.00572
383,2020-01-28 09:37:11,N,AAPL,313.4,1.0,313.43,1.0,-3.0,-1.0,2020-01-28 09:37:11.368219,313.39,313.45,0,0.03000000000002956,0.12269544474497707,1,-1,0.0,0.00572
384,2020-01-28 09:37:12,N,AAPL,313.39,2.0,313.45,3.0,0.0,0.0,2020-01-28 09:37:12.054446,313.37,313.43,0,0.060000000000002274,0.12221186895175151,1,1,-0.2,0.00572
385,2020-01-28 09:37:13,N,AAPL,313.37,2.0,313.43,1.0,1.0,0.0,2020-01-28 09:37:13.031363,313.38,313.43,0,0.060000000000002274,0.12348538011701748,1,1,0.3333333333333333,0.00592
386,2020-01-28 09:37:14,N,AAPL,313.38,1.0,313.43,1.0,0.0,-4.0,2020-01-28 09:37:14.277598,313.38,313.44,0,0.05000000000001137,0.12468101673567844,1,-1,0.0,0.00592
387,2020-01-28 09:37:15,N,AAPL,313.38,2.0,313.44,2.0,1.0,-1.0,2020-01-28 09:37:15.108441,313.36,313.41,0,0.060000000000002274,0.12388145917600468,1,1,0.0,0.00592
388,2020-01-28 09:37:16,N,AAPL,313.36,2.0,313.41,1.0,-2.0,0.0,2020-01-28 09:37:16.010308,313.37,313.44,0,0.05000000000001137,0.123250763796932,1,-1,0.3333333333333333,0.00592
389,2020-01-28 09:37:17,N,AAPL,313.37,3.0,313.44,2.0,-1.0,0.0,2020-01-28 09:37:17.269830,313.37,313.44,0,0.06999999999999318,0.11858222807302354,1,1,0.2,0.00592
390,2020-01-28 09:37:18,N,AAPL,313.37,2.0,313.44,4.0,-1.0,2.0,2020-01-28 09:37:18.102826,313.4,313.43,0,0.06999999999999318,0.11377563730491147,1,1,-0.3333333333333333,0.00592
391,2020-01-28 09:37:20,N,AAPL,313.4,2.0,313.43,1.0,-1.0,-1.0,2020-01-28 09:37:20.403125,313.4,313.43,0,0.03000000000002956,0.11556641802286549,1,-1,0.3333333333333333,0.00592
392,2020-01-28 09:37:21,N,AAPL,313.4,1.0,313.43,2.0,0.0,-2.0,2020-01-28 09:37:21.104947,313.37,313.44,0,0.03000000000002956,0.11345548455585686,1,1,-0.3333333333333333,0.00592
393,2020-01-28 09:37:22,N,AAPL,313.37,2.0,313.44,1.0,0.0,-1.0,2020-01-28 09:37:22.529582,313.42,313.45,0,0.06999999999999318,0.11636123924643016,1,1,0.3333333333333333,0.00592
394,2020-01-28 09:37:23,N,AAPL,313.42,2.0,313.45,2.0,0.0,1.0,2020-01-28 09:37:23.108832,313.4,313.47,0,0.029999999999972715,0.11393858524246525,1,-1,0.0,0.00592
395,2020-01-28 09:37:24,N,AAPL,313.4,2.0,313.47,2.0,0.0,0.0,2020-01-28 09:37:24.561130,313.41,313.46,0,0.07000000000005002,0.10962494904208597,1,1,0.0,0.00592
396,2020-01-28 09:37:25,N,AAPL,313.41,4.0,313.46,1.0,1.0,-1.0,2020-01-28 09:37:25.131026,313.44,313.45,0,0.049999999999954525,0.10865512265519328,1,-1,0.6,0.00592
397,2020-01-28 09:37:26,N,AAPL,313.44,2.0,313.45,2.0,0.0,-2.0,2020-01-28 09:37:26.710525,313.4,313.45,0,0.009999999999990905,0.12141678660452726,1,-1,0.0,0.00592
398,2020-01-28 09:37:27,N,AAPL,313.4,9.0,313.45,3.0,7.0,1.0,2020-01-28 09:37:27.401340,313.37,313.41,0,0.05000000000001137,0.12297911390606941,1,1,0.5,0.00592
399,2020-01-28 09:37:28,N,AAPL,313.37,1.0,313.41,2.0,0.0,-2.0,2020-01-28 09:37:28.089312,313.35,313.38,0,0.040000000000020464,0.12206777267471125,1,-1,-0.3333333333333333,0.00592
400,2020-01-28 09:37:30,N,AAPL,313.35,5.0,313.38,4.0,-2.0,2.0,2020-01-28 09:37:30.118940,313.38,313.42,0,0.029999999999972715,0.1223901309990083,1,-1,0.1111111111111111,0.00592
401,2020-01-28 09:37:31,N,AAPL,313.38,2.0,313.42,7.0,-5.0,-2.0,2020-01-28 09:37:31.764067,313.37,313.4,0,0.040000000000020464,0.11827970821923373,1,1,-0.5555555555555556,0.00592
402,2020-01-28 09:37:33,N,AAPL,313.37,3.0,313.4,8.0,1.0,1.0,2020-01-28 09:37:33.633111,313.38,313.4,0,0.029999999999972715,0.11384078528845976,1,-1,-0.45454545454545453,0.00592
403,2020-01-28 09:37:34,N,AAPL,313.38,1.0,313.4,7.0,-2.0,-1.0,2020-01-28 09:37:34.650467,313.33,313.36,-1,0.01999999999998181,0.10957879119172276,1,-1,-0.75,0.00592
404,2020-01-28 09:37:36,N,AAPL,313.33,2.0,313.36,1.0,-3.0,-6.0,2020-01-28 09:37:36.324190,313.33,313.37,0,0.03000000000002956,0.10623864719758558,1,1,0.3333333333333333,0.00592
405,2020-01-28 09:37:38,N,AAPL,313.33,2.0,313.37,9.0,-3.0,7.0,2020-01-28 09:37:38.938830,313.3,313.34,0,0.040000000000020464,0.10421946602917842,1,1,-0.6363636363636364,0.00592
406,2020-01-28 09:37:41,N,AAPL,313.3,3.0,313.34,2.0,1.0,-7.0,2020-01-28 09:37:41.385806,313.25,313.3,0,0.03999999999996362,0.10279382129374426,1,-1,0.2,0.00592
407,2020-01-28 09:37:42,N,AAPL,313.25,2.0,313.3,1.0,0.0,0.0,2020-01-28 09:37:42.121382,313.3,313.34,0,0.05000000000001137,0.10375580872431556,1,1,0.3333333333333333,0.00592
408,2020-01-28 09:37:45,N,AAPL,313.3,4.0,313.34,1.0,2.0,0.0,2020-01-28 09:37:45.320600,313.28,313.31,0,0.03999999999996362,0.10504568938688408,1,-1,0.6,0.00592
409,2020-01-28 09:37:47,N,AAPL,313.28,4.0,313.31,4.0,2.0,-4.0,2020-01-28 09:37:47.469298,313.26,313.31,0,0.03000000000002956,0.10500646412413062,1,-1,0.0,0.00592
410,2020-01-28 09:37:48,N,AAPL,313.26,2.0,313.31,5.0,0.0,3.0,2020-01-28 09:37:48.236396,313.28,313.32,0,0.05000000000001137,0.10241644178159959,1,1,-0.42857142857142855,0.00592
411,2020-01-28 09:37:50,N,AAPL,313.28,1.0,313.32,1.0,-1.0,0.0,2020-01-28 09:37:50.631001,313.28,313.32,0,0.040000000000020464,0.1030464853310491,1,-1,0.0,0.00592
412,2020-01-28 09:37:51,N,AAPL,313.28,3.0,313.32,1.0,2.0,0.0,2020-01-28 09:37:51.625619,313.33,313.37,1,0.040000000000020464,0.10024053109719944,1,1,0.5,0.00592
413,2020-01-28 09:37:52,N,AAPL,313.33,4.0,313.37,9.0,2.0,8.0,2020-01-28 09:37:52.101753,313.37,313.44,0,0.040000000000020464,0.09858805066738796,1,1,-0.38461538461538464,0.00592
414,2020-01-28 09:37:53,N,AAPL,313.37,2.0,313.44,3.0,0.0,-4.0,2020-01-28 09:37:53.667542,313.39,313.44,0,0.06999999999999318,0.09996077095212286,1,1,-0.2,0.00592
415,2020-01-28 09:37:54,N,AAPL,313.39,1.0,313.44,1.0,0.0,-1.0,2020-01-28 09:37:54.096698,313.33,313.38,-1,0.05000000000001137,0.09964976256907221,1,-1,0.0,0.00592
416,2020-01-28 09:37:55,N,AAPL,313.33,3.0,313.38,2.0,-1.0,-2.0,2020-01-28 09:37:55.035465,313.33,313.38,0,0.05000000000001137,0.10040396033554089,1,1,0.2,0.00592
417,2020-01-28 09:37:56,N,AAPL,313.33,2.0,313.38,4.0,1.0,1.0,2020-01-28 09:37:56.494522,313.38,313.42,0,0.05000000000001137,0.10145849170089605,1,1,-0.3333333333333333,0.00592
418,2020-01-28 09:37:57,N,AAPL,313.38,1.0,313.42,4.0,0.0,1.0,2020-01-28 09:37:57.307956,313.39,313.43,0,0.040000000000020464,0.09927783751004426,1,-1,-0.6,0.00592
419,2020-01-28 09:37:58,N,AAPL,313.39,1.0,313.43,2.0,0.0,0.0,2020-01-28 09:37:58.009461,313.37,313.42,0,0.040000000000020464,0.10008084882048252,1,1,-0.3333333333333333,0.00592
420,2020-01-28 09:37:59,N,AAPL,313.37,2.0,313.42,4.0,1.0,2.0,2020-01-28 09:37:59.009102,313.36,313.43,0,0.05000000000001137,0.10368768513563964,1,1,-0.3333333333333333,0.00592
421,2020-01-28 09:38:00,N,AAPL,313.36,4.0,313.43,12.0,3.0,9.0,2020-01-28 09:38:00.009870,313.29,313.34,-1,0.06999999999999318,0.10140608875127555,1,1,-0.5,0.00592
422,2020-01-28 09:38:02,N,AAPL,313.29,3.0,313.34,4.0,1.0,2.0,2020-01-28 09:38:02.091504,313.27,313.34,0,0.049999999999954525,0.10518475680470374,1,-1,-0.14285714285714285,0.00626
423,2020-01-28 09:38:03,N,AAPL,313.27,3.0,313.34,2.0,-1.0,0.0,2020-01-28 09:38:03.063184,313.3,313.36,0,0.06999999999999318,0.10792025352378687,1,1,0.2,0.00626
424,2020-01-28 09:38:04,N,AAPL,313.3,4.0,313.36,2.0,1.0,0.0,2020-01-28 09:38:04.522487,313.27,313.33,0,0.060000000000002274,0.10894624668645747,1,-1,0.3333333333333333,0.00626
425,2020-01-28 09:38:05,N,AAPL,313.27,1.0,313.33,2.0,-1.0,-2.0,2020-01-28 09:38:05.004715,313.28,313.35,0,0.060000000000002274,0.10961169651614,1,1,-0.3333333333333333,0.00626
426,2020-01-28 09:38:06,N,AAPL,313.28,2.0,313.35,2.0,0.0,0.0,2020-01-28 09:38:06.006406,313.27,313.34,0,0.07000000000005002,0.10929286415546358,1,1,0.0,0.00626
427,2020-01-28 09:38:07,N,AAPL,313.27,2.0,313.34,3.0,1.0,1.0,2020-01-28 09:38:07.284979,313.3,313.35,0,0.06999999999999318,0.1087320906431728,1,-1,-0.2,0.00626
428,2020-01-28 09:38:08,N,AAPL,313.3,4.0,313.35,3.0,3.0,0.0,2020-01-28 09:38:08.720963,313.27,313.32,0,0.05000000000001137,0.11008267540580619,1,-1,0.14285714285714285,0.00626
429,2020-01-28 09:38:09,N,AAPL,313.27,2.0,313.32,3.0,1.0,0.0,2020-01-28 09:38:09.150162,313.34,313.38,1,0.05000000000001137,0.10860742423909642,1,1,-0.2,0.00626
430,2020-01-28 09:38:10,N,AAPL,313.34,4.0,313.38,9.0,0.0,7.0,2020-01-28 09:38:10.698855,313.35,313.38,0,0.040000000000020464,0.10402906134993373,1,-1,-0.38461538461538464,0.00626
431,2020-01-28 09:38:11,N,AAPL,313.35,4.0,313.38,1.0,2.0,-8.0,2020-01-28 09:38:11.809031,313.34,313.38,0,0.029999999999972715,0.10654857512940907,1,-1,0.6,0.00626
432,2020-01-28 09:38:12,N,AAPL,313.34,1.0,313.38,1.0,-1.0,0.0,2020-01-28 09:38:12.229398,313.34,313.39,0,0.040000000000020464,0.10749692083749096,1,1,0.0,0.00626
433,2020-01-28 09:38:13,N,AAPL,313.34,2.0,313.39,4.0,0.0,3.0,2020-01-28 09:38:13.077711,313.35,313.39,0,0.05000000000001137,0.10583997405547052,1,1,-0.3333333333333333,0.00626
434,2020-01-28 09:38:14,N,AAPL,313.35,4.0,313.39,1.0,2.0,0.0,2020-01-28 09:38:14.392174,313.34,313.36,0,0.03999999999996362,0.10734005413240766,1,-1,0.6,0.00626
435,2020-01-28 09:38:17,N,AAPL,313.34,3.0,313.36,4.0,1.0,3.0,2020-01-28 09:38:17.231642,313.27,313.3,-1,0.020000000000038654,0.10360478672123463,1,-1,-0.14285714285714285,0.00626
436,2020-01-28 09:38:18,N,AAPL,313.27,1.0,313.3,2.0,0.0,0.0,2020-01-28 09:38:18.410195,313.24,313.26,-1,0.03000000000002956,0.09950869716345778,1,1,-0.3333333333333333,0.00626
437,2020-01-28 09:38:19,N,AAPL,313.24,1.0,313.26,4.0,-1.0,2.0,2020-01-28 09:38:19.170074,313.23,313.29,0,0.01999999999998181,0.0966973467537855,1,-1,-0.6,0.00626
438,2020-01-28 09:38:20,N,AAPL,313.23,5.0,313.29,2.0,4.0,0.0,2020-01-28 09:38:20.438638,313.23,313.3,0,0.060000000000002274,0.0974392922653351,1,1,0.42857142857142855,0.00626
439,2020-01-28 09:38:21,N,AAPL,313.23,5.0,313.3,1.0,0.0,-1.0,2020-01-28 09:38:21.047667,313.25,313.3,0,0.06999999999999318,0.0959165282305321,1,1,0.6666666666666666,0.00626
440,2020-01-28 09:38:22,N,AAPL,313.25,2.0,313.3,1.0,-3.0,0.0,2020-01-28 09:38:22.289811,313.31,313.34,1,0.05000000000001137,0.09337693596273766,1,-1,0.3333333333333333,0.00626
441,2020-01-28 09:38:25,N,AAPL,313.31,2.0,313.34,1.0,1.0,-1.0,2020-01-28 09:38:25.027578,313.24,313.28,-1,0.029999999999972715,0.09676806227906809,1,-1,0.3333333333333333,0.00626
442,2020-01-28 09:38:26,N,AAPL,313.24,2.0,313.28,4.0,1.0,3.0,2020-01-28 09:38:26.107574,313.23,313.3,0,0.03999999999996362,0.09668524611981866,1,1,-0.3333333333333333,0.00626
443,2020-01-28 09:38:27,N,AAPL,313.23,5.0,313.3,4.0,0.0,2.0,2020-01-28 09:38:27.027421,313.21,313.24,0,0.06999999999999318,0.09767687645239675,1,1,0.1111111111111111,0.00626
444,2020-01-28 09:38:28,N,AAPL,313.21,3.0,313.24,4.0,-2.0,0.0,2020-01-28 09:38:28.286742,313.15,313.2,-1,0.03000000000002956,0.1013413664612699,1,-1,-0.14285714285714285,0.00626
445,2020-01-28 09:38:29,N,AAPL,313.15,1.0,313.2,3.0,0.0,2.0,2020-01-28 09:38:29.397938,313.14,313.19,0,0.05000000000001137,0.10019926142138047,1,1,-0.5,0.00626
446,2020-01-28 09:38:30,N,AAPL,313.14,2.0,313.19,2.0,1.0,0.0,2020-01-28 09:38:30.070075,313.13,313.18,0,0.05000000000001137,0.09850792638491157,1,1,0.0,0.00626
447,2020-01-28 09:38:31,N,AAPL,313.13,1.0,313.18,1.0,0.0,-2.0,2020-01-28 09:38:31.342795,313.13,313.18,0,0.05000000000001137,0.09834827945786628,1,1,0.0,0.00626
448,2020-01-28 09:38:32,N,AAPL,313.13,2.0,313.18,1.0,1.0,-1.0,2020-01-28 09:38:32.056480,313.17,313.2,0,0.05000000000001137,0.09931751644887754,1,1,0.3333333333333333,0.00626
449,2020-01-28 09:38:33,N,AAPL,313.17,2.0,313.2,3.0,0.0,1.0,2020-01-28 09:38:33.632402,313.16,313.22,0,0.029999999999972715,0.09933521848478222,1,-1,-0.2,0.00626
450,2020-01-28 09:38:34,N,AAPL,313.16,2.0,313.22,4.0,0.0,2.0,2020-01-28 09:38:34.002493,313.17,313.2,0,0.060000000000002274,0.09912910183192025,1,1,-0.3333333333333333,0.00626
451,2020-01-28 09:38:35,N,AAPL,313.17,2.0,313.2,2.0,0.0,1.0,2020-01-28 09:38:35.532455,313.11,313.16,-1,0.029999999999972715,0.09918408975016746,1,-1,0.0,0.00626
452,2020-01-28 09:38:36,N,AAPL,313.11,3.0,313.16,2.0,1.0,0.0,2020-01-28 09:38:36.350552,313.11,313.13,0,0.05000000000001137,0.09882080089931833,1,1,0.2,0.00626
453,2020-01-28 09:38:37,N,AAPL,313.11,3.0,313.13,1.0,0.0,-1.0,2020-01-28 09:38:37.585789,313.04,313.09,-1,0.01999999999998181,0.10000912953091756,1,-1,0.5,0.00626
454,2020-01-28 09:38:38,N,AAPL,313.04,1.0,313.09,2.0,0.0,0.0,2020-01-28 09:38:38.046652,313.01,313.04,0,0.049999999999954525,0.09994227672262923,1,1,-0.3333333333333333,0.00626
455,2020-01-28 09:38:40,N,AAPL,313.01,2.0,313.04,2.0,1.0,1.0,2020-01-28 09:38:40.430747,313.02,313.03,0,0.03000000000002956,0.10116758936123915,1,-1,0.0,0.00626
456,2020-01-28 09:38:43,N,AAPL,313.02,1.0,313.03,2.0,-1.0,0.0,2020-01-28 09:38:43.715986,313.02,313.06,0,0.009999999999990905,0.10168090229143445,1,-1,-0.3333333333333333,0.00626
457,2020-01-28 09:38:44,N,AAPL,313.02,2.0,313.06,2.0,-2.0,0.0,2020-01-28 09:38:44.126321,313.03,313.07,0,0.040000000000020464,0.10191837631487033,1,1,0.0,0.00626
458,2020-01-28 09:38:45,N,AAPL,313.03,2.0,313.07,4.0,0.0,3.0,2020-01-28 09:38:45.042208,313.02,313.06,0,0.040000000000020464,0.10102056725924058,1,1,-0.3333333333333333,0.00626
459,2020-01-28 09:38:46,N,AAPL,313.02,4.0,313.06,1.0,3.0,0.0,2020-01-28 09:38:46.030285,313.02,313.04,0,0.040000000000020464,0.1031968649567716,1,1,0.6,0.00626
460,2020-01-28 09:38:48,N,AAPL,313.02,1.0,313.04,1.0,0.0,0.0,2020-01-28 09:38:48.471263,313.01,313.05,0,0.020000000000038654,0.10533049459968424,1,-1,0.0,0.00626
461,2020-01-28 09:38:49,N,AAPL,313.01,2.0,313.05,3.0,1.0,2.0,2020-01-28 09:38:49.526955,313.01,313.05,0,0.040000000000020464,0.1050346443195167,1,1,-0.2,0.00626
462,2020-01-28 09:38:50,N,AAPL,313.01,4.0,313.05,2.0,3.0,-2.0,2020-01-28 09:38:50.000104,313.04,313.09,0,0.040000000000020464,0.10773951146762784,1,1,0.3333333333333333,0.00626
463,2020-01-28 09:38:51,N,AAPL,313.04,2.0,313.09,2.0,0.0,-5.0,2020-01-28 09:38:51.446274,313.02,313.05,0,0.049999999999954525,0.10803239770996242,1,1,0.0,0.00626
464,2020-01-28 09:38:52,N,AAPL,313.02,1.0,313.05,2.0,-1.0,1.0,2020-01-28 09:38:52.054371,312.88,312.93,-1,0.03000000000002956,0.1076102267246597,1,-1,-0.3333333333333333,0.00626
465,2020-01-28 09:38:53,N,AAPL,312.88,2.0,312.93,2.0,0.0,-1.0,2020-01-28 09:38:53.140713,312.91,312.98,0,0.05000000000001137,0.10815240496094702,1,1,0.0,0.00626
466,2020-01-28 09:38:54,N,AAPL,312.91,1.0,312.98,4.0,0.0,2.0,2020-01-28 09:38:54.026372,312.94,312.98,0,0.06999999999999318,0.10657724031881344,1,1,-0.6,0.00626
467,2020-01-28 09:38:55,N,AAPL,312.94,2.0,312.98,1.0,0.0,-1.0,2020-01-28 09:38:55.195964,312.95,312.98,0,0.040000000000020464,0.1084568253196494,1,-1,0.3333333333333333,0.00626
468,2020-01-28 09:38:56,N,AAPL,312.95,2.0,312.98,2.0,0.0,-1.0,2020-01-28 09:38:56.496017,312.93,312.98,0,0.03000000000002956,0.10910042453065216,1,-1,0.0,0.00626
469,2020-01-28 09:38:57,N,AAPL,312.93,2.0,312.98,2.0,-1.0,-1.0,2020-01-28 09:38:57.624827,312.96,313.01,0,0.05000000000001137,0.10964559160402132,1,1,0.0,0.00626
470,2020-01-28 09:38:58,N,AAPL,312.96,2.0,313.01,6.0,-1.0,5.0,2020-01-28 09:38:58.167222,312.91,312.96,0,0.05000000000001137,0.10742669608617916,1,1,-0.5,0.00626
471,2020-01-28 09:38:59,N,AAPL,312.91,5.0,312.96,4.0,0.0,2.0,2020-01-28 09:38:59.043409,312.91,312.96,0,0.049999999999954525,0.10890009517675026,1,-1,0.1111111111111111,0.00626
472,2020-01-28 09:39:00,N,AAPL,312.91,5.0,312.96,2.0,0.0,0.0,2020-01-28 09:39:00.324433,312.91,312.95,0,0.049999999999954525,0.10991341991348236,1,1,0.42857142857142855,0.00626
473,2020-01-28 09:39:01,N,AAPL,312.91,7.0,312.95,4.0,0.0,2.0,2020-01-28 09:39:01.954742,312.92,312.95,0,0.03999999999996362,0.1155864102301507,1,-1,0.2727272727272727,0.00626
474,2020-01-28 09:39:02,N,AAPL,312.92,2.0,312.95,4.0,-5.0,0.0,2020-01-28 09:39:02.998800,312.92,312.95,0,0.029999999999972715,0.1151331708597354,1,-1,-0.3333333333333333,0.00626
475,2020-01-28 09:39:03,N,AAPL,312.92,4.0,312.95,1.0,-3.0,-3.0,2020-01-28 09:39:03.333092,312.96,312.99,1,0.029999999999972715,0.11725582298748805,1,1,0.6,0.00626
476,2020-01-28 09:39:04,N,AAPL,312.96,2.0,312.99,1.0,0.0,0.0,2020-01-28 09:39:04.036854,312.98,312.99,0,0.03000000000002956,0.11808002429222597,1,1,0.3333333333333333,0.00626
477,2020-01-28 09:39:05,N,AAPL,312.98,1.0,312.99,1.0,-1.0,0.0,2020-01-28 09:39:05.464349,313.08,313.12,1,0.009999999999990905,0.11867896752619345,1,-1,0.0,0.00626
478,2020-01-28 09:39:06,N,AAPL,313.08,2.0,313.12,2.0,0.0,1.0,2020-01-28 09:39:06.204854,313.12,313.17,0,0.040000000000020464,0.11959595959592662,1,1,0.0,0.00626
479,2020-01-28 09:39:07,N,AAPL,313.12,2.0,313.17,4.0,1.0,0.0,2020-01-28 09:39:07.027306,313.08,313.13,0,0.05000000000001137,0.1190476856644409,1,1,-0.3333333333333333,0.00626
480,2020-01-28 09:39:08,N,AAPL,313.08,2.0,313.13,3.0,0.0,1.0,2020-01-28 09:39:08.071026,313.09,313.14,0,0.05000000000001137,0.1193287070786937,1,1,-0.2,0.00626
481,2020-01-28 09:39:09,N,AAPL,313.09,4.0,313.14,1.0,2.0,-1.0,2020-01-28 09:39:09.044987,313.1,313.16,0,0.05000000000001137,0.12056419947418817,1,1,0.6,0.00626
482,2020-01-28 09:39:10,N,AAPL,313.1,2.0,313.16,2.0,-1.0,0.0,2020-01-28 09:39:10.315340,313.12,313.18,0,0.060000000000002274,0.12033434001500609,1,1,0.0,0.00626
483,2020-01-28 09:39:12,N,AAPL,313.12,1.0,313.18,4.0,-1.0,2.0,2020-01-28 09:39:12.463932,313.11,313.16,0,0.060000000000002274,0.11906384795798886,1,1,-0.6,0.00626
484,2020-01-28 09:39:13,N,AAPL,313.11,2.0,313.16,1.0,-2.0,0.0,2020-01-28 09:39:13.185348,313.04,313.1,-1,0.05000000000001137,0.11962426310111596,1,-1,0.3333333333333333,0.00626
485,2020-01-28 09:39:14,N,AAPL,313.04,4.0,313.1,1.0,0.0,-1.0,2020-01-28 09:39:14.012368,313.04,313.09,0,0.060000000000002274,0.12170415246345101,1,1,0.6,0.00626
486,2020-01-28 09:39:15,N,AAPL,313.04,1.0,313.09,2.0,0.0,-2.0,2020-01-28 09:39:15.178292,313.04,313.06,0,0.049999999999954525,0.12071956521725724,1,-1,-0.3333333333333333,0.00626
487,2020-01-28 09:39:16,N,AAPL,313.04,1.0,313.06,2.0,0.0,0.0,2020-01-28 09:39:16.241593,313.03,313.07,0,0.01999999999998181,0.12016242236012431,1,-1,-0.3333333333333333,0.00626
488,2020-01-28 09:39:17,N,AAPL,313.03,3.0,313.07,2.0,-47.0,-2.0,2020-01-28 09:39:17.288040,313.06,313.11,0,0.040000000000020464,0.12152323113303964,1,1,0.2,0.00626
489,2020-01-28 09:39:18,N,AAPL,313.06,2.0,313.11,2.0,0.0,0.0,2020-01-28 09:39:18.031524,313.06,313.1,0,0.05000000000001137,0.12178571428569285,1,1,0.0,0.00626
490,2020-01-28 09:39:19,N,AAPL,313.06,2.0,313.1,1.0,0.0,0.0,2020-01-28 09:39:19.327474,313.13,313.17,1,0.040000000000020464,0.12267335823207759,1,-1,0.3333333333333333,0.00626
491,2020-01-28 09:39:20,N,AAPL,313.13,4.0,313.17,2.0,2.0,1.0,2020-01-28 09:39:20.070194,313.14,313.18,0,0.040000000000020464,0.12353636918652455,1,1,0.3333333333333333,0.00626
492,2020-01-28 09:39:21,N,AAPL,313.14,2.0,313.18,1.0,0.0,0.0,2020-01-28 09:39:21.393428,313.12,313.17,0,0.040000000000020464,0.12271796415024028,1,1,0.3333333333333333,0.00626
493,2020-01-28 09:39:22,N,AAPL,313.12,2.0,313.17,2.0,0.0,1.0,2020-01-28 09:39:22.360873,313.11,313.16,0,0.05000000000001137,0.12239043101720881,1,1,0.0,0.00626
494,2020-01-28 09:39:23,N,AAPL,313.11,4.0,313.16,1.0,2.0,-1.0,2020-01-28 09:39:23.518249,313.11,313.15,0,0.05000000000001137,0.12356691394438712,1,1,0.6,0.00626
495,2020-01-28 09:39:24,N,AAPL,313.11,4.0,313.15,2.0,0.0,1.0,2020-01-28 09:39:24.529257,313.04,313.11,0,0.03999999999996362,0.12584855492940505,1,-1,0.3333333333333333,0.00626
496,2020-01-28 09:39:25,N,AAPL,313.04,3.0,313.11,2.0,-2.0,-2.0,2020-01-28 09:39:25.272826,313.04,313.1,0,0.06999999999999318,0.12673280291767242,1,1,0.2,0.00626
497,2020-01-28 09:39:26,N,AAPL,313.04,3.0,313.1,4.0,2.0,2.0,2020-01-28 09:39:26.217889,313.1,313.15,0,0.060000000000002274,0.12880824808206626,0,-1,-0.14285714285714285,0.00626
498,2020-01-28 09:39:27,N,AAPL,313.1,4.0,313.15,2.0,1.0,1.0,2020-01-28 09:39:27.650622,313.07,313.12,0,0.049999999999954525,0.13243868868283926,0,-1,0.3333333333333333,0.00626
499,2020-01-28 09:39:28,N,AAPL,313.07,4.0,313.12,2.0,2.0,0.0,2020-01-28 09:39:28.155717,313.07,313.14,0,0.05000000000001137,0.13424705017490624,0,1,0.3333333333333333,0.00626
500,2020-01-28 09:39:29,N,AAPL,313.07,5.0,313.14,2.0,3.0,0.0,2020-01-28 09:39:29.096566,313.12,313.13,0,0.06999999999999318,0.13639089083591216,1,1,0.42857142857142855,0.00626
501,2020-01-28 09:39:30,N,AAPL,313.12,1.0,313.13,1.0,-1.0,0.0,2020-01-28 09:39:30.131170,313.12,313.15,0,0.009999999999990905,0.13617058540904736,1,-1,0.0,0.00626
502,2020-01-28 09:39:31,N,AAPL,313.12,1.0,313.15,2.0,0.0,1.0,2020-01-28 09:39:31.010170,313.12,313.15,0,0.029999999999972715,0.13526235839378842,0,1,-0.3333333333333333,0.00626
503,2020-01-28 09:39:32,N,AAPL,313.12,1.0,313.15,4.0,-2.0,2.0,2020-01-28 09:39:32.110300,313.12,313.18,0,0.029999999999972715,0.13575400440942076,1,1,-0.6,0.00636
504,2020-01-28 09:39:33,N,AAPL,313.12,1.0,313.18,2.0,0.0,0.0,2020-01-28 09:39:33.619901,313.03,313.07,-1,0.060000000000002274,0.13285424068362772,0,1,-0.3333333333333333,0.00636
505,2020-01-28 09:39:34,N,AAPL,313.03,2.0,313.07,4.0,1.0,3.0,2020-01-28 09:39:34.703670,313.03,313.08,0,0.040000000000020464,0.12985055949798152,0,-1,-0.3333333333333333,0.00636
506,2020-01-28 09:39:35,N,AAPL,313.03,1.0,313.08,1.0,-1.0,0.0,2020-01-28 09:39:35.189459,313.08,313.12,0,0.05000000000001137,0.13075915649278613,0,1,0.0,0.00636
507,2020-01-28 09:39:36,N,AAPL,313.08,1.0,313.12,1.0,0.0,-1.0,2020-01-28 09:39:36.171580,313.16,313.2,1,0.040000000000020464,0.1289687136791713,0,-1,0.0,0.00636
508,2020-01-28 09:39:37,N,AAPL,313.16,3.0,313.2,6.0,1.0,5.0,2020-01-28 09:39:37.286015,313.21,313.22,1,0.03999999999996362,0.11738686695491651,1,-1,-0.3333333333333333,0.00636
509,2020-01-28 09:39:38,N,AAPL,313.21,1.0,313.22,2.0,0.0,0.0,2020-01-28 09:39:38.313096,313.18,313.22,0,0.010000000000047748,0.11752047647308927,1,-1,-0.3333333333333333,0.00636
510,2020-01-28 09:39:39,N,AAPL,313.18,4.0,313.22,2.0,3.0,1.0,2020-01-28 09:39:39.312628,313.2,313.24,0,0.040000000000020464,0.1199882945516606,1,1,0.3333333333333333,0.00636
511,2020-01-28 09:39:40,N,AAPL,313.2,1.0,313.24,2.0,-3.0,0.0,2020-01-28 09:39:40.057101,313.14,313.18,-1,0.040000000000020464,0.11937359728102592,1,1,-0.3333333333333333,0.00636
512,2020-01-28 09:39:41,N,AAPL,313.14,2.0,313.18,2.0,0.0,1.0,2020-01-28 09:39:41.028053,313.04,313.09,-1,0.040000000000020464,0.12083538963241836,1,1,0.0,0.00636
513,2020-01-28 09:39:42,N,AAPL,313.04,2.0,313.09,1.0,0.0,-5.0,2020-01-28 09:39:42.300710,313.07,313.09,0,0.049999999999954525,0.12184061771574761,1,1,0.3333333333333333,0.00636
514,2020-01-28 09:39:43,N,AAPL,313.07,1.0,313.09,1.0,-1.0,0.0,2020-01-28 09:39:43.278209,313.09,313.14,0,0.01999999999998181,0.12200229862742162,1,-1,0.0,0.00636
515,2020-01-28 09:39:44,N,AAPL,313.09,2.0,313.14,1.0,0.0,-1.0,2020-01-28 09:39:44.105002,313.11,313.18,0,0.05000000000001137,0.12307549857553113,1,1,0.3333333333333333,0.00636
516,2020-01-28 09:39:45,N,AAPL,313.11,1.0,313.18,2.0,-1.0,1.0,2020-01-28 09:39:45.849591,313.12,313.18,0,0.06999999999999318,0.12172745873255053,1,1,-0.3333333333333333,0.00636
517,2020-01-28 09:39:46,N,AAPL,313.12,4.0,313.18,1.0,0.0,0.0,2020-01-28 09:39:46.000035,313.17,313.22,0,0.060000000000002274,0.12325353383465654,1,-1,0.6,0.00636
518,2020-01-28 09:39:47,N,AAPL,313.17,2.0,313.22,4.0,1.0,3.0,2020-01-28 09:39:47.001379,313.17,313.21,0,0.05000000000001137,0.12271365284203739,1,-1,-0.3333333333333333,0.00636
519,2020-01-28 09:39:48,N,AAPL,313.17,1.0,313.21,5.0,-1.0,4.0,2020-01-28 09:39:48.128581,313.1,313.16,-1,0.03999999999996362,0.12187436399216267,1,-1,-0.6666666666666666,0.00636
520,2020-01-28 09:39:49,N,AAPL,313.1,4.0,313.16,2.0,3.0,-1.0,2020-01-28 09:39:49.006404,313.09,313.14,0,0.060000000000002274,0.12273986222919575,1,1,0.3333333333333333,0.00636
521,2020-01-28 09:39:50,N,AAPL,313.09,1.0,313.14,4.0,-1.0,3.0,2020-01-28 09:39:50.031760,313.1,313.14,0,0.05000000000001137,0.1216103421546677,1,-1,-0.6,0.00636
522,2020-01-28 09:39:51,N,AAPL,313.1,2.0,313.14,1.0,0.0,0.0,2020-01-28 09:39:51.317486,313.1,313.16,0,0.03999999999996362,0.12359290595509265,1,-1,0.3333333333333333,0.00636
523,2020-01-28 09:39:52,N,AAPL,313.1,2.0,313.16,4.0,1.0,0.0,2020-01-28 09:39:52.634064,313.1,313.17,0,0.060000000000002274,0.12316006493500709,1,1,-0.3333333333333333,0.00636
524,2020-01-28 09:39:53,N,AAPL,313.1,5.0,313.17,2.0,4.0,0.0,2020-01-28 09:39:53.157837,313.16,313.19,0,0.06999999999999318,0.12463744665723198,1,1,0.42857142857142855,0.00636
525,2020-01-28 09:39:54,N,AAPL,313.16,1.0,313.19,4.0,-1.0,2.0,2020-01-28 09:39:54.150199,313.14,313.18,0,0.029999999999972715,0.12379694530329743,1,-1,-0.6,0.00636
526,2020-01-28 09:39:55,N,AAPL,313.14,4.0,313.18,1.0,2.0,-1.0,2020-01-28 09:39:55.509592,313.16,313.19,0,0.040000000000020464,0.12487888956974302,1,1,0.6,0.00636
527,2020-01-28 09:39:56,N,AAPL,313.16,1.0,313.19,1.0,-1.0,0.0,2020-01-28 09:39:56.009685,313.21,313.24,1,0.029999999999972715,0.1265225235965204,1,-1,0.0,0.00636
528,2020-01-28 09:39:58,N,AAPL,313.21,3.0,313.24,3.0,2.0,-1.0,2020-01-28 09:39:58.919735,313.21,313.24,0,0.03000000000002956,0.12633693246158373,1,1,0.0,0.00636
529,2020-01-28 09:39:59,N,AAPL,313.21,3.0,313.24,3.0,0.0,0.0,2020-01-28 09:39:59.275931,313.21,313.24,0,0.03000000000002956,0.12548781782209062,1,1,0.0,0.00636
530,2020-01-28 09:40:00,N,AAPL,313.21,2.0,313.24,2.0,0.0,0.0,2020-01-28 09:40:00.091984,313.21,313.26,0,0.03000000000002956,0.12578404979001334,1,1,0.0,0.00636
531,2020-01-28 09:40:01,N,AAPL,313.21,2.0,313.26,1.0,-3.0,-1.0,2020-01-28 09:40:01.414467,313.2,313.26,0,0.05000000000001137,0.12518301745200233,1,1,0.3333333333333333,0.00636
532,2020-01-28 09:40:02,N,AAPL,313.2,2.0,313.26,1.0,0.0,0.0,2020-01-28 09:40:02.594213,313.17,313.21,0,0.060000000000002274,0.12736249137265077,1,1,0.3333333333333333,0.00636
533,2020-01-28 09:40:03,N,AAPL,313.17,1.0,313.21,2.0,0.0,0.0,2020-01-28 09:40:03.064390,313.14,313.18,0,0.03999999999996362,0.1266797408576963,1,-1,-0.3333333333333333,0.00636
534,2020-01-28 09:40:04,N,AAPL,313.14,2.0,313.18,2.0,1.0,1.0,2020-01-28 09:40:04.272026,313.09,313.12,-1,0.040000000000020464,0.12566070432035303,1,1,0.0,0.00636
535,2020-01-28 09:40:05,N,AAPL,313.09,4.0,313.12,4.0,3.0,0.0,2020-01-28 09:40:05.067358,313.08,313.1,0,0.03000000000002956,0.1268334827255444,1,-1,0.0,0.00636
536,2020-01-28 09:40:06,N,AAPL,313.08,2.0,313.1,4.0,-2.0,2.0,2020-01-28 09:40:06.777382,313.13,313.17,1,0.020000000000038654,0.09585379429768182,1,-1,-0.3333333333333333,0.00636
537,2020-01-28 09:40:08,N,AAPL,313.13,4.0,313.17,2.0,0.0,-2.0,2020-01-28 09:40:08.262908,313.1,313.16,0,0.040000000000020464,0.07357998360856755,1,1,0.3333333333333333,0.00636
538,2020-01-28 09:40:09,N,AAPL,313.1,4.0,313.16,1.0,3.0,0.0,2020-01-28 09:40:09.161458,313.08,313.13,0,0.060000000000002274,0.07463923848217746,1,1,0.6,0.00636
539,2020-01-28 09:40:10,N,AAPL,313.08,2.0,313.13,1.0,0.0,-1.0,2020-01-28 09:40:10.158500,313.06,313.09,0,0.05000000000001137,0.07506488529537592,1,-1,0.3333333333333333,0.00636
540,2020-01-28 09:40:11,N,AAPL,313.06,1.0,313.09,4.0,-1.0,3.0,2020-01-28 09:40:11.558954,313.08,313.13,0,0.029999999999972715,0.07418984981774202,1,-1,-0.6,0.00636
541,2020-01-28 09:40:12,N,AAPL,313.08,2.0,313.13,2.0,1.0,0.0,2020-01-28 09:40:12.116059,313.0,313.04,-1,0.05000000000001137,0.07475070641294224,1,1,0.0,0.00636
542,2020-01-28 09:40:13,N,AAPL,313.0,1.0,313.04,2.0,0.0,0.0,2020-01-28 09:40:13.068508,312.9,312.94,-1,0.040000000000020464,0.07307435551052777,1,-1,-0.3333333333333333,0.00636
543,2020-01-28 09:40:14,N,AAPL,312.9,1.0,312.94,2.0,-4.0,0.0,2020-01-28 09:40:14.082720,312.89,312.94,0,0.040000000000020464,0.07109616779496264,1,1,-0.3333333333333333,0.00636
544,2020-01-28 09:40:15,N,AAPL,312.89,2.0,312.94,4.0,1.0,2.0,2020-01-28 09:40:15.006876,312.98,313.01,1,0.05000000000001137,0.06962125402117181,1,1,-0.3333333333333333,0.00636
545,2020-01-28 09:40:16,N,AAPL,312.98,1.0,313.01,1.0,0.0,-5.0,2020-01-28 09:40:16.071336,312.97,313.02,0,0.029999999999972715,0.06960563989696311,1,-1,0.0,0.00636
546,2020-01-28 09:40:17,N,AAPL,312.97,2.0,313.02,2.0,0.0,1.0,2020-01-28 09:40:17.012295,313.01,313.06,0,0.049999999999954525,0.06931274937824128,1,1,0.0,0.00636
547,2020-01-28 09:40:18,N,AAPL,313.01,2.0,313.06,2.0,-2.0,0.0,2020-01-28 09:40:18.000400,312.97,313.0,-1,0.05000000000001137,0.06695680362003031,1,1,0.0,0.00636
548,2020-01-28 09:40:19,N,AAPL,312.97,2.0,313.0,4.0,1.0,2.0,2020-01-28 09:40:19.005257,312.92,312.98,0,0.029999999999972715,0.06568005165399882,1,-1,-0.3333333333333333,0.00646
549,2020-01-28 09:40:20,N,AAPL,312.92,3.0,312.98,2.0,1.0,-4.0,2020-01-28 09:40:20.444860,313.0,313.07,1,0.060000000000002274,0.06614369088953254,1,1,0.2,0.00646
550,2020-01-28 09:40:23,N,AAPL,313.0,2.0,313.07,2.0,-2.0,0.0,2020-01-28 09:40:23.169061,313.07,313.1,0,0.06999999999999318,0.0659493414808594,1,1,0.0,0.00646
551,2020-01-28 09:40:24,N,AAPL,313.07,2.0,313.1,1.0,1.0,-1.0,2020-01-28 09:40:24.176973,313.12,313.15,1,0.03000000000002956,0.06318302212781646,1,-1,0.3333333333333333,0.00646
552,2020-01-28 09:40:25,N,AAPL,313.12,2.0,313.15,2.0,0.0,-2.0,2020-01-28 09:40:25.181907,313.09,313.14,0,0.029999999999972715,0.06318499557903579,1,-1,0.0,0.00646
553,2020-01-28 09:40:26,N,AAPL,313.09,2.0,313.14,2.0,0.0,-2.0,2020-01-28 09:40:26.032754,313.07,313.09,0,0.05000000000001137,0.06324648212967077,1,1,0.0,0.00646
554,2020-01-28 09:40:27,N,AAPL,313.07,1.0,313.09,1.0,0.0,-1.0,2020-01-28 09:40:27.239111,313.05,313.08,0,0.01999999999998181,0.06286858843589016,1,-1,0.0,0.00646
555,2020-01-28 09:40:28,N,AAPL,313.05,2.0,313.08,1.0,0.0,-1.0,2020-01-28 09:40:28.736086,313.05,313.09,0,0.029999999999972715,0.06358535275711574,1,1,0.3333333333333333,0.00646
556,2020-01-28 09:40:29,N,AAPL,313.05,1.0,313.09,2.0,0.0,0.0,2020-01-28 09:40:29.082312,313.04,313.11,0,0.03999999999996362,0.06332798479678559,1,1,-0.3333333333333333,0.00646
557,2020-01-28 09:40:30,N,AAPL,313.04,4.0,313.11,4.0,2.0,3.0,2020-01-28 09:40:30.355530,313.06,313.12,0,0.06999999999999318,0.06330578512381635,1,1,0.0,0.00646
558,2020-01-28 09:40:31,N,AAPL,313.06,2.0,313.12,1.0,-2.0,-3.0,2020-01-28 09:40:31.701734,313.04,313.11,0,0.060000000000002274,0.06353157920324293,1,-1,0.3333333333333333,0.00646
559,2020-01-28 09:40:32,N,AAPL,313.04,2.0,313.11,2.0,0.0,1.0,2020-01-28 09:40:32.104196,313.04,313.09,0,0.06999999999999318,0.06362693412194176,1,1,0.0,0.00646
560,2020-01-28 09:40:33,N,AAPL,313.04,2.0,313.09,1.0,0.0,0.0,2020-01-28 09:40:33.534591,313.04,313.09,0,0.049999999999954525,0.06411241576171278,1,-1,0.3333333333333333,0.00646
561,2020-01-28 09:40:34,N,AAPL,313.04,2.0,313.09,1.0,0.0,0.0,2020-01-28 09:40:34.060026,313.06,313.1,0,0.049999999999954525,0.06451897881254354,1,1,0.3333333333333333,0.00646
562,2020-01-28 09:40:35,N,AAPL,313.06,4.0,313.1,1.0,2.0,0.0,2020-01-28 09:40:35.702315,313.1,313.13,0,0.040000000000020464,0.06553913496821906,1,-1,0.6,0.00646
563,2020-01-28 09:40:36,N,AAPL,313.1,1.0,313.13,4.0,-3.0,3.0,2020-01-28 09:40:36.324641,313.14,313.16,1,0.029999999999972715,0.0645767516974729,1,-1,-0.6,0.00646
564,2020-01-28 09:40:37,N,AAPL,313.14,3.0,313.16,2.0,1.0,1.0,2020-01-28 09:40:37.625983,313.1,313.15,0,0.020000000000038654,0.06509177497565588,1,-1,0.2,0.00646
565,2020-01-28 09:40:38,N,AAPL,313.1,2.0,313.15,2.0,-1.0,0.0,2020-01-28 09:40:38.038096,313.1,313.13,0,0.049999999999954525,0.06514571585506701,1,1,0.0,0.00646
566,2020-01-28 09:40:39,N,AAPL,313.1,4.0,313.13,1.0,2.0,-3.0,2020-01-28 09:40:39.921337,313.1,313.15,0,0.029999999999972715,0.06631180738429521,1,-1,0.6,0.00646
567,2020-01-28 09:40:40,N,AAPL,313.1,2.0,313.15,2.0,0.0,1.0,2020-01-28 09:40:40.063293,313.1,313.14,0,0.049999999999954525,0.0663266803986744,1,1,0.0,0.00646
568,2020-01-28 09:40:41,N,AAPL,313.1,1.0,313.14,2.0,-1.0,0.0,2020-01-28 09:40:41.007805,313.11,313.15,0,0.03999999999996362,0.06602049863460024,1,-1,-0.3333333333333333,0.00646
569,2020-01-28 09:40:42,N,AAPL,313.11,4.0,313.15,1.0,0.0,-1.0,2020-01-28 09:40:42.026905,313.19,313.2,1,0.03999999999996362,0.06741904806989396,1,1,0.6,0.00646
570,2020-01-28 09:40:43,N,AAPL,313.19,1.0,313.2,5.0,-2.0,0.0,2020-01-28 09:40:43.101477,313.2,313.24,0,0.009999999999990905,0.06630490224966934,1,-1,-0.6666666666666666,0.00646
571,2020-01-28 09:40:45,N,AAPL,313.2,3.0,313.24,2.0,0.0,1.0,2020-01-28 09:40:45.381895,313.24,313.29,0,0.040000000000020464,0.06606018808770386,1,1,0.2,0.00646
572,2020-01-28 09:40:46,N,AAPL,313.24,2.0,313.29,2.0,-2.0,0.0,2020-01-28 09:40:46.384482,313.22,313.25,0,0.05000000000001137,0.06577363658584545,1,1,0.0,0.00646
573,2020-01-28 09:40:47,N,AAPL,313.22,2.0,313.25,2.0,-2.0,0.0,2020-01-28 09:40:47.547431,313.22,313.27,0,0.029999999999972715,0.06569409001150461,1,-1,0.0,0.00646
574,2020-01-28 09:40:48,N,AAPL,313.22,1.0,313.27,2.0,0.0,0.0,2020-01-28 09:40:48.680121,313.22,313.27,0,0.049999999999954525,0.06487594021677978,1,1,-0.3333333333333333,0.00646
575,2020-01-28 09:40:49,N,AAPL,313.22,5.0,313.27,4.0,4.0,2.0,2020-01-28 09:40:49.023766,313.22,313.27,0,0.049999999999954525,0.06395218131387992,1,1,0.1111111111111111,0.00646
576,2020-01-28 09:40:50,N,AAPL,313.22,2.0,313.27,1.0,-3.0,-3.0,2020-01-28 09:40:50.310934,313.22,313.25,0,0.049999999999954525,0.06536426864346367,1,1,0.3333333333333333,0.00646
577,2020-01-28 09:40:51,N,AAPL,313.22,2.0,313.25,1.0,0.0,0.0,2020-01-28 09:40:51.430518,313.17,313.22,0,0.029999999999972715,0.06587441837768893,1,-1,0.3333333333333333,0.00646
578,2020-01-28 09:40:52,N,AAPL,313.17,2.0,313.22,2.0,-1.0,0.0,2020-01-28 09:40:52.948280,313.16,313.2,0,0.05000000000001137,0.0643489345241619,1,1,0.0,0.00646
579,2020-01-28 09:40:53,N,AAPL,313.16,1.0,313.2,2.0,-1.0,0.0,2020-01-28 09:40:53.494134,313.1,313.17,0,0.03999999999996362,0.06253424308653166,1,-1,-0.3333333333333333,0.00646
580,2020-01-28 09:40:54,N,AAPL,313.1,4.0,313.17,2.0,3.0,0.0,2020-01-28 09:40:54.648636,313.12,313.15,0,0.06999999999999318,0.0635713992279534,1,1,0.3333333333333333,0.00646
581,2020-01-28 09:40:55,N,AAPL,313.12,1.0,313.15,2.0,-3.0,0.0,2020-01-28 09:40:55.287575,313.14,313.18,0,0.029999999999972715,0.06062873791449874,1,-1,-0.3333333333333333,0.00646
582,2020-01-28 09:40:56,N,AAPL,313.14,1.0,313.18,2.0,0.0,0.0,2020-01-28 09:40:56.056298,313.13,313.18,0,0.040000000000020464,0.058337205167561024,1,1,-0.3333333333333333,0.00646
583,2020-01-28 09:40:57,N,AAPL,313.13,3.0,313.18,2.0,1.0,0.0,2020-01-28 09:40:57.890903,313.17,313.21,0,0.05000000000001137,0.0575054053570625,1,1,0.2,0.00646
584,2020-01-28 09:40:58,N,AAPL,313.17,2.0,313.21,2.0,-1.0,0.0,2020-01-28 09:40:58.616854,313.17,313.22,0,0.03999999999996362,0.05691688721236687,1,-1,0.0,0.00646
585,2020-01-28 09:40:59,N,AAPL,313.17,2.0,313.22,2.0,0.0,0.0,2020-01-28 09:40:59.063191,313.2,313.23,0,0.05000000000001137,0.05689641072228824,1,1,0.0,0.00646
586,2020-01-28 09:41:00,N,AAPL,313.2,1.0,313.23,1.0,-3.0,-3.0,2020-01-28 09:41:00.004989,313.17,313.22,0,0.03000000000002956,0.056909854835737406,1,-1,0.0,0.00646
587,2020-01-28 09:41:01,N,AAPL,313.17,1.0,313.22,2.0,0.0,1.0,2020-01-28 09:41:01.022227,313.2,313.24,0,0.05000000000001137,0.05644845168842494,1,1,-0.3333333333333333,0.00646
588,2020-01-28 09:41:02,N,AAPL,313.2,1.0,313.24,4.0,0.0,3.0,2020-01-28 09:41:02.105878,313.2,313.25,0,0.040000000000020464,0.057171576298912896,1,-1,-0.6,0.00646
589,2020-01-28 09:41:03,N,AAPL,313.2,1.0,313.25,2.0,-1.0,1.0,2020-01-28 09:41:03.859976,313.24,313.26,0,0.05000000000001137,0.056197308346384034,1,1,-0.3333333333333333,0.00646
590,2020-01-28 09:41:04,N,AAPL,313.24,5.0,313.26,2.0,4.0,0.0,2020-01-28 09:41:04.565724,313.28,313.29,1,0.01999999999998181,0.05618067819494854,1,-1,0.42857142857142855,0.00646
