last_interval,Exchange,Symbol,Best_Bid_Price,FB0,Best_Offer_Price,FA0,FB2,FA2,p_time,Next_Best_Bid,Next_Best_Offer,outcome
2020-01-02 09:30:00,K,AAPL,296.21,1.0,296.29,1.0,-1.0,0.0,2020-01-02 09:30:00.134336,296.18,296.22,0
2020-01-02 09:30:05,Z,AAPL,296.18,26.0,296.22,2.0,-3.0,-1.0,2020-01-02 09:30:05.257377,295.88,295.97,-1
2020-01-02 09:30:10,Q,AAPL,295.88,2.0,295.97,2.0,0.0,1.0,2020-01-02 09:30:10.058774,295.65,295.77,-1
2020-01-02 09:30:15,Y,AAPL,295.65,1.0,295.77,1.0,0.0,0.0,2020-01-02 09:30:15.011117,295.47,295.52,-1
2020-01-02 09:30:20,Q,AAPL,295.47,1.0,295.52,1.0,0.0,0.0,2020-01-02 09:30:20.214505,295.39,295.47,0
2020-01-02 09:30:25,Q,AAPL,295.39,1.0,295.47,8.0,0.0,1.0,2020-01-02 09:30:25.011197,295.72,295.73,1
2020-01-02 09:30:30,Z,AAPL,295.72,1.0,295.73,9.0,-2.0,-1.0,2020-01-02 09:30:30.020924,295.7,295.81,0
2020-01-02 09:30:35,Q,AAPL,295.7,1.0,295.81,2.0,-2.0,0.0,2020-01-02 09:30:35.039384,295.76,295.82,0
2020-01-02 09:30:40,K,AAPL,295.76,1.0,295.82,2.0,-1.0,0.0,2020-01-02 09:30:40.254681,295.67,295.78,0
2020-01-02 09:30:45,Q,AAPL,295.67,1.0,295.78,2.0,0.0,0.0,2020-01-02 09:30:45.004142,295.88,295.92,1
2020-01-02 09:30:50,Z,AAPL,295.88,4.0,295.92,2.0,0.0,0.0,2020-01-02 09:30:50.017836,295.88,295.9,0
2020-01-02 09:30:55,Q,AAPL,295.88,10.0,295.9,2.0,-2.0,0.0,2020-01-02 09:30:55.170744,295.71,295.78,-1
2020-01-02 09:31:00,Q,AAPL,295.71,1.0,295.78,2.0,0.0,0.0,2020-01-02 09:31:00.000691,295.64,295.73,0
2020-01-02 09:31:05,N,AAPL,295.64,3.0,295.73,1.0,0.0,-1.0,2020-01-02 09:31:05.029024,295.84,295.9,1
2020-01-02 09:31:10,Q,AAPL,295.84,3.0,295.9,3.0,1.0,0.0,2020-01-02 09:31:10.169137,295.78,295.84,0
2020-01-02 09:31:15,M,AAPL,295.78,2.0,295.84,1.0,0.0,0.0,2020-01-02 09:31:15.008193,295.67,295.73,-1
2020-01-02 09:31:20,Q,AAPL,295.67,7.0,295.73,1.0,2.0,-1.0,2020-01-02 09:31:20.878078,295.75,295.82,1
2020-01-02 09:31:25,M,AAPL,295.75,3.0,295.82,2.0,0.0,1.0,2020-01-02 09:31:25.031020,295.6,295.65,-1
2020-01-02 09:31:30,Z,AAPL,295.6,3.0,295.65,2.0,0.0,0.0,2020-01-02 09:31:30.662789,295.38,295.4,-1
2020-01-02 09:31:35,Q,AAPL,295.38,4.0,295.4,1.0,-1.0,0.0,2020-01-02 09:31:35.017494,295.34,295.39,0
2020-01-02 09:31:40,Q,AAPL,295.34,3.0,295.39,2.0,2.0,0.0,2020-01-02 09:31:40.061430,295.37,295.44,0
2020-01-02 09:31:45,Z,AAPL,295.37,10.0,295.44,2.0,8.0,-1.0,2020-01-02 09:31:45.014394,295.45,295.49,1
2020-01-02 09:31:50,Z,AAPL,295.45,2.0,295.49,2.0,0.0,0.0,2020-01-02 09:31:50.003657,295.48,295.53,0
2020-01-02 09:31:55,Z,AAPL,295.48,1.0,295.53,3.0,0.0,1.0,2020-01-02 09:31:55.113081,295.49,295.52,0
2020-01-02 09:32:00,Z,AAPL,295.49,3.0,295.52,2.0,0.0,1.0,2020-01-02 09:32:00.019756,295.39,295.47,-1
2020-01-02 09:32:05,Q,AAPL,295.39,4.0,295.47,2.0,2.0,0.0,2020-01-02 09:32:05.073593,295.4,295.45,0
2020-01-02 09:32:10,Z,AAPL,295.4,1.0,295.45,3.0,0.0,1.0,2020-01-02 09:32:10.012270,295.25,295.31,-1
2020-01-02 09:32:15,Q,AAPL,295.25,6.0,295.31,2.0,5.0,0.0,2020-01-02 09:32:15.011204,295.23,295.29,0
2020-01-02 09:32:20,Z,AAPL,295.23,4.0,295.29,3.0,0.0,0.0,2020-01-02 09:32:20.000748,295.23,295.28,0
2020-01-02 09:32:25,P,AAPL,295.23,2.0,295.28,1.0,0.0,0.0,2020-01-02 09:32:25.012777,295.37,295.43,1
2020-01-02 09:32:30,N,AAPL,295.37,2.0,295.43,2.0,0.0,0.0,2020-01-02 09:32:30.116562,295.48,295.53,1
2020-01-02 09:32:35,Q,AAPL,295.48,4.0,295.53,1.0,2.0,0.0,2020-01-02 09:32:35.073650,295.61,295.68,1
2020-01-02 09:32:40,M,AAPL,295.61,1.0,295.68,1.0,-6.0,0.0,2020-01-02 09:32:40.131702,295.53,295.59,-1
2020-01-02 09:32:45,M,AAPL,295.53,1.0,295.59,2.0,-1.0,0.0,2020-01-02 09:32:45.013506,295.63,295.69,1
2020-01-02 09:32:50,Z,AAPL,295.63,2.0,295.69,5.0,0.0,3.0,2020-01-02 09:32:50.010683,295.79,295.81,1
2020-01-02 09:32:55,Z,AAPL,295.79,2.0,295.81,4.0,0.0,1.0,2020-01-02 09:32:55.363552,295.68,295.73,-1
2020-01-02 09:33:00,Z,AAPL,295.68,1.0,295.73,2.0,-1.0,0.0,2020-01-02 09:33:00.000277,295.82,295.85,1
2020-01-02 09:33:05,Z,AAPL,295.82,3.0,295.85,3.0,2.0,0.0,2020-01-02 09:33:05.049743,295.89,295.93,1
2020-01-02 09:33:10,Q,AAPL,295.89,6.0,295.93,2.0,1.0,0.0,2020-01-02 09:33:10.370956,295.97,296.0,1
2020-01-02 09:33:15,Q,AAPL,295.97,14.0,296.0,31.0,3.0,0.0,2020-01-02 09:33:15.001910,296.14,296.16,1
2020-01-02 09:33:20,K,AAPL,296.14,1.0,296.16,4.0,0.0,0.0,2020-01-02 09:33:20.080256,296.29,296.33,1
2020-01-02 09:33:25,Z,AAPL,296.29,1.0,296.33,2.0,0.0,-2.0,2020-01-02 09:33:25.113534,296.56,296.64,1
2020-01-02 09:33:30,Q,AAPL,296.56,6.0,296.64,2.0,0.0,1.0,2020-01-02 09:33:30.003861,296.69,296.71,1
2020-01-02 09:33:35,Q,AAPL,296.69,1.0,296.71,1.0,-10.0,0.0,2020-01-02 09:33:35.228054,296.71,296.79,0
2020-01-02 09:33:40,Z,AAPL,296.71,2.0,296.79,4.0,-1.0,0.0,2020-01-02 09:33:40.414499,296.43,296.51,-1
2020-01-02 09:33:45,Q,AAPL,296.43,2.0,296.51,2.0,1.0,1.0,2020-01-02 09:33:45.158478,296.55,296.64,1
2020-01-02 09:33:50,N,AAPL,296.55,2.0,296.64,3.0,0.0,0.0,2020-01-02 09:33:50.026532,296.71,296.77,1
2020-01-02 09:33:55,Z,AAPL,296.71,2.0,296.77,22.0,-1.0,-3.0,2020-01-02 09:33:55.033532,296.53,296.6,-1
2020-01-02 09:34:00,J,AAPL,296.53,3.0,296.6,4.0,0.0,1.0,2020-01-02 09:34:00.114073,296.32,296.42,-1
2020-01-02 09:34:05,X,AAPL,296.32,2.0,296.42,5.0,1.0,0.0,2020-01-02 09:34:05.010454,296.34,296.43,0
2020-01-02 09:34:10,Q,AAPL,296.34,2.0,296.43,2.0,0.0,1.0,2020-01-02 09:34:10.001124,296.5,296.56,1
2020-01-02 09:34:15,Z,AAPL,296.5,1.0,296.56,2.0,-1.0,1.0,2020-01-02 09:34:15.014674,296.55,296.63,0
2020-01-02 09:34:20,Q,AAPL,296.55,1.0,296.63,2.0,0.0,0.0,2020-01-02 09:34:20.002629,296.52,296.57,0
2020-01-02 09:34:25,Z,AAPL,296.52,1.0,296.57,1.0,0.0,-1.0,2020-01-02 09:34:25.047722,296.58,296.6,1
2020-01-02 09:34:30,Q,AAPL,296.58,4.0,296.6,6.0,0.0,1.0,2020-01-02 09:34:30.011004,296.73,296.76,1
2020-01-02 09:34:35,Q,AAPL,296.73,4.0,296.76,2.0,-1.0,1.0,2020-01-02 09:34:35.545471,296.74,296.79,0
2020-01-02 09:34:40,Q,AAPL,296.74,5.0,296.79,2.0,0.0,1.0,2020-01-02 09:34:40.102645,296.83,296.87,1
2020-01-02 09:34:45,Q,AAPL,296.83,1.0,296.87,2.0,0.0,1.0,2020-01-02 09:34:45.011087,296.75,296.79,-1
2020-01-02 09:34:50,Z,AAPL,296.75,5.0,296.79,3.0,0.0,-1.0,2020-01-02 09:34:50.106443,296.84,296.9,1
2020-01-02 09:34:55,P,AAPL,296.84,3.0,296.9,7.0,0.0,6.0,2020-01-02 09:34:55.040031,296.9,296.93,0
2020-01-02 09:35:00,Q,AAPL,296.9,3.0,296.93,2.0,-3.0,0.0,2020-01-02 09:35:00.119713,297.16,297.22,1
2020-01-02 09:35:05,C,AAPL,297.16,6.0,297.22,2.0,0.0,1.0,2020-01-02 09:35:05.003022,297.26,297.29,1
2020-01-02 09:35:10,J,AAPL,297.26,4.0,297.29,2.0,-1.0,0.0,2020-01-02 09:35:10.069677,297.13,297.18,-1
2020-01-02 09:35:15,J,AAPL,297.13,2.0,297.18,2.0,0.0,1.0,2020-01-02 09:35:15.309994,297.18,297.22,0
2020-01-02 09:35:20,Z,AAPL,297.18,1.0,297.22,1.0,0.0,-1.0,2020-01-02 09:35:20.088909,297.26,297.3,1
2020-01-02 09:35:25,Q,AAPL,297.26,4.0,297.3,6.0,0.0,5.0,2020-01-02 09:35:25.082689,297.33,297.37,1
2020-01-02 09:35:30,Q,AAPL,297.33,1.0,297.37,2.0,-1.0,0.0,2020-01-02 09:35:30.042241,297.3,297.31,-1
2020-01-02 09:35:35,K,AAPL,297.3,5.0,297.31,2.0,-3.0,0.0,2020-01-02 09:35:35.058459,297.17,297.2,-1
2020-01-02 09:35:40,Q,AAPL,297.17,3.0,297.2,1.0,-3.0,-1.0,2020-01-02 09:35:40.093664,297.09,297.16,-1
2020-01-02 09:35:45,Z,AAPL,297.09,2.0,297.16,2.0,-3.0,0.0,2020-01-02 09:35:45.056092,297.25,297.32,1
2020-01-02 09:35:50,Q,AAPL,297.25,1.0,297.32,2.0,0.0,0.0,2020-01-02 09:35:50.229818,297.25,297.32,0
2020-01-02 09:35:55,Q,AAPL,297.25,1.0,297.32,1.0,0.0,0.0,2020-01-02 09:35:55.046754,297.26,297.29,0
2020-01-02 09:36:00,Q,AAPL,297.26,5.0,297.29,1.0,0.0,-2.0,2020-01-02 09:36:00.027733,297.32,297.36,1
2020-01-02 09:36:05,Z,AAPL,297.32,2.0,297.36,1.0,0.0,0.0,2020-01-02 09:36:05.011766,297.32,297.36,0
2020-01-02 09:36:10,Q,AAPL,297.32,1.0,297.36,2.0,-1.0,0.0,2020-01-02 09:36:10.113612,297.32,297.35,0
2020-01-02 09:36:15,N,AAPL,297.32,3.0,297.35,4.0,0.0,3.0,2020-01-02 09:36:15.057409,297.36,297.42,1
2020-01-02 09:36:20,N,AAPL,297.36,4.0,297.42,1.0,0.0,-1.0,2020-01-02 09:36:20.110001,297.46,297.52,1
2020-01-02 09:36:25,Z,AAPL,297.46,2.0,297.52,2.0,-5.0,0.0,2020-01-02 09:36:25.073723,297.56,297.6,1
2020-01-02 09:36:30,P,AAPL,297.56,2.0,297.6,20.0,0.0,-1.0,2020-01-02 09:36:30.014034,297.5,297.53,-1
2020-01-02 09:36:35,P,AAPL,297.5,6.0,297.53,3.0,0.0,0.0,2020-01-02 09:36:35.029961,297.62,297.65,1
2020-01-02 09:36:40,Q,AAPL,297.62,2.0,297.65,3.0,0.0,-1.0,2020-01-02 09:36:40.349639,297.72,297.74,1
2020-01-02 09:36:45,Q,AAPL,297.72,1.0,297.74,1.0,-1.0,0.0,2020-01-02 09:36:45.013462,297.76,297.78,1
2020-01-02 09:36:50,P,AAPL,297.76,3.0,297.78,2.0,1.0,0.0,2020-01-02 09:36:50.064661,297.72,297.73,-1
2020-01-02 09:36:55,P,AAPL,297.72,5.0,297.73,1.0,0.0,-1.0,2020-01-02 09:36:55.023196,297.8,297.85,1
2020-01-02 09:37:00,Q,AAPL,297.8,2.0,297.85,3.0,0.0,-1.0,2020-01-02 09:37:00.038734,297.85,297.89,0
2020-01-02 09:37:05,P,AAPL,297.85,6.0,297.89,8.0,1.0,0.0,2020-01-02 09:37:05.349493,297.9,297.94,1
2020-01-02 09:37:10,Z,AAPL,297.9,20.0,297.94,5.0,0.0,-1.0,2020-01-02 09:37:10.022689,297.85,297.89,-1
2020-01-02 09:37:15,Z,AAPL,297.85,1.0,297.89,2.0,-1.0,-7.0,2020-01-02 09:37:15.233648,297.74,297.79,-1
2020-01-02 09:37:20,Z,AAPL,297.74,2.0,297.79,4.0,1.0,0.0,2020-01-02 09:37:20.004225,297.83,297.88,1
2020-01-02 09:37:25,P,AAPL,297.83,2.0,297.88,11.0,1.0,0.0,2020-01-02 09:37:25.197007,297.7,297.75,-1
2020-01-02 09:37:30,Z,AAPL,297.7,5.0,297.75,2.0,3.0,0.0,2020-01-02 09:37:30.010869,297.67,297.7,0
2020-01-02 09:37:35,Z,AAPL,297.67,2.0,297.7,1.0,-4.0,0.0,2020-01-02 09:37:35.034508,297.67,297.71,0
2020-01-02 09:37:40,Q,AAPL,297.67,1.0,297.71,2.0,0.0,0.0,2020-01-02 09:37:40.288234,297.74,297.78,1
2020-01-02 09:37:45,Z,AAPL,297.74,4.0,297.78,2.0,0.0,-1.0,2020-01-02 09:37:45.159967,297.61,297.65,-1
2020-01-02 09:37:50,Z,AAPL,297.61,1.0,297.65,3.0,0.0,1.0,2020-01-02 09:37:50.085132,297.74,297.78,1
2020-01-02 09:37:55,Z,AAPL,297.74,3.0,297.78,1.0,1.0,0.0,2020-01-02 09:37:55.098766,297.64,297.68,-1
2020-01-02 09:38:00,Z,AAPL,297.64,2.0,297.68,1.0,0.0,-1.0,2020-01-02 09:38:00.013265,297.67,297.68,0
2020-01-02 09:38:05,Z,AAPL,297.67,2.0,297.68,2.0,0.0,1.0,2020-01-02 09:38:05.288115,297.51,297.55,-1
2020-01-02 09:38:10,Z,AAPL,297.51,12.0,297.55,2.0,0.0,0.0,2020-01-02 09:38:10.004179,297.55,297.6,0
2020-01-02 09:38:15,Z,AAPL,297.55,4.0,297.6,1.0,2.0,0.0,2020-01-02 09:38:15.110727,297.56,297.62,0
2020-01-02 09:38:20,K,AAPL,297.56,3.0,297.62,3.0,-1.0,0.0,2020-01-02 09:38:20.028148,297.64,297.66,1
2020-01-02 09:38:25,Q,AAPL,297.64,2.0,297.66,1.0,0.0,-3.0,2020-01-02 09:38:25.165896,297.61,297.64,0
2020-01-02 09:38:30,N,AAPL,297.61,2.0,297.64,1.0,-2.0,-2.0,2020-01-02 09:38:30.150942,297.69,297.72,1
2020-01-02 09:38:35,J,AAPL,297.69,3.0,297.72,4.0,0.0,0.0,2020-01-02 09:38:35.541673,297.55,297.57,-1
2020-01-02 09:38:40,Q,AAPL,297.55,1.0,297.57,1.0,0.0,0.0,2020-01-02 09:38:40.004419,297.42,297.45,-1
2020-01-02 09:38:45,Q,AAPL,297.42,1.0,297.45,3.0,-3.0,0.0,2020-01-02 09:38:45.147961,297.55,297.6,1
2020-01-02 09:38:50,Q,AAPL,297.55,5.0,297.6,10.0,3.0,0.0,2020-01-02 09:38:50.008145,297.6,297.62,0
2020-01-02 09:38:55,Z,AAPL,297.6,2.0,297.62,1.0,-3.0,0.0,2020-01-02 09:38:55.372894,297.61,297.65,0
2020-01-02 09:39:00,Q,AAPL,297.61,2.0,297.65,1.0,0.0,0.0,2020-01-02 09:39:00.095931,297.82,297.84,1
2020-01-02 09:39:05,Z,AAPL,297.82,2.0,297.84,2.0,0.0,-3.0,2020-01-02 09:39:05.133718,297.89,297.92,1
2020-01-02 09:39:10,X,AAPL,297.89,2.0,297.92,1.0,0.0,-3.0,2020-01-02 09:39:10.441033,297.82,297.88,-1
2020-01-02 09:39:15,Q,AAPL,297.82,1.0,297.88,2.0,0.0,0.0,2020-01-02 09:39:15.010757,297.78,297.81,-1
2020-01-02 09:39:20,Z,AAPL,297.78,1.0,297.81,2.0,0.0,0.0,2020-01-02 09:39:20.061040,297.75,297.78,0
2020-01-02 09:39:25,P,AAPL,297.75,2.0,297.78,3.0,0.0,0.0,2020-01-02 09:39:25.181975,297.54,297.59,-1
2020-01-02 09:39:30,P,AAPL,297.54,3.0,297.59,3.0,2.0,0.0,2020-01-02 09:39:30.070662,297.47,297.51,-1
2020-01-02 09:39:35,P,AAPL,297.47,1.0,297.51,2.0,-1.0,0.0,2020-01-02 09:39:35.055063,297.41,297.45,-1
2020-01-02 09:39:40,Z,AAPL,297.41,5.0,297.45,2.0,0.0,-1.0,2020-01-02 09:39:40.079276,297.42,297.46,0
2020-01-02 09:39:45,Z,AAPL,297.42,2.0,297.46,1.0,0.0,-1.0,2020-01-02 09:39:45.005196,297.45,297.49,0
2020-01-02 09:39:50,Z,AAPL,297.45,1.0,297.49,2.0,0.0,0.0,2020-01-02 09:39:50.265633,297.38,297.43,-1
2020-01-02 09:39:55,Q,AAPL,297.38,2.0,297.43,2.0,-2.0,1.0,2020-01-02 09:39:55.731933,297.27,297.31,-1
2020-01-02 09:40:00,Z,AAPL,297.27,1.0,297.31,2.0,-1.0,0.0,2020-01-02 09:40:00.011158,297.46,297.48,1
2020-01-02 09:40:05,Z,AAPL,297.46,3.0,297.48,6.0,1.0,0.0,2020-01-02 09:40:05.003705,297.47,297.51,0
2020-01-02 09:40:10,Z,AAPL,297.47,6.0,297.51,1.0,0.0,0.0,2020-01-02 09:40:10.043688,297.51,297.54,0
2020-01-02 09:40:15,Z,AAPL,297.51,2.0,297.54,4.0,-3.0,0.0,2020-01-02 09:40:15.121632,297.59,297.63,1
2020-01-02 09:40:20,P,AAPL,297.59,1.0,297.63,3.0,-1.0,0.0,2020-01-02 09:40:20.052110,297.54,297.58,-1
2020-01-02 09:40:25,P,AAPL,297.54,3.0,297.58,2.0,2.0,0.0,2020-01-02 09:40:25.055750,297.54,297.58,0
2020-01-02 09:40:30,Q,AAPL,297.54,5.0,297.58,4.0,0.0,1.0,2020-01-02 09:40:30.059312,297.49,297.52,-1
2020-01-02 09:40:35,Z,AAPL,297.49,3.0,297.52,1.0,2.0,0.0,2020-01-02 09:40:35.089917,297.5,297.52,0
2020-01-02 09:40:40,Z,AAPL,297.5,2.0,297.52,1.0,1.0,0.0,2020-01-02 09:40:40.070331,297.56,297.6,1
2020-01-02 09:40:45,Q,AAPL,297.56,2.0,297.6,12.0,0.0,10.0,2020-01-02 09:40:45.073716,297.6,297.63,0
2020-01-02 09:40:50,Q,AAPL,297.6,5.0,297.63,2.0,0.0,1.0,2020-01-02 09:40:50.031946,297.64,297.66,1
2020-01-02 09:40:55,Z,AAPL,297.64,3.0,297.66,2.0,0.0,-1.0,2020-01-02 09:40:55.245999,297.63,297.67,0
2020-01-02 09:41:00,K,AAPL,297.63,6.0,297.67,2.0,4.0,0.0,2020-01-02 09:41:00.264500,297.66,297.69,0
2020-01-02 09:41:05,Z,AAPL,297.66,5.0,297.69,1.0,0.0,-1.0,2020-01-02 09:41:05.480003,297.5,297.53,-1
2020-01-02 09:41:10,Z,AAPL,297.5,33.0,297.53,1.0,0.0,-1.0,2020-01-02 09:41:10.207480,297.52,297.54,0
2020-01-02 09:41:15,Z,AAPL,297.52,2.0,297.54,4.0,0.0,0.0,2020-01-02 09:41:15.359203,297.63,297.67,1
2020-01-02 09:41:20,Q,AAPL,297.63,3.0,297.67,1.0,0.0,-1.0,2020-01-02 09:41:20.318212,297.5,297.55,-1
2020-01-02 09:41:25,Z,AAPL,297.5,8.0,297.55,1.0,0.0,-1.0,2020-01-02 09:41:25.080274,297.43,297.46,-1
2020-01-02 09:41:30,Q,AAPL,297.43,5.0,297.46,2.0,3.0,0.0,2020-01-02 09:41:30.001017,297.46,297.5,0
2020-01-02 09:41:35,Z,AAPL,297.46,1.0,297.5,5.0,0.0,0.0,2020-01-02 09:41:35.266887,297.43,297.45,-1
2020-01-02 09:41:40,Z,AAPL,297.43,1.0,297.45,5.0,-3.0,0.0,2020-01-02 09:41:40.204282,297.31,297.34,-1
2020-01-02 09:41:45,Z,AAPL,297.31,1.0,297.34,1.0,-2.0,-26.0,2020-01-02 09:41:45.123936,297.33,297.34,0
2020-01-02 09:41:50,Z,AAPL,297.33,3.0,297.34,2.0,0.0,1.0,2020-01-02 09:41:50.042651,297.31,297.33,0
2020-01-02 09:41:55,Z,AAPL,297.31,3.0,297.33,4.0,-1.0,0.0,2020-01-02 09:41:55.298302,297.25,297.27,-1
2020-01-02 09:42:00,Z,AAPL,297.25,1.0,297.27,2.0,0.0,1.0,2020-01-02 09:42:00.015214,297.12,297.15,-1
2020-01-02 09:42:05,P,AAPL,297.12,1.0,297.15,3.0,0.0,0.0,2020-01-02 09:42:05.147420,297.03,297.06,-1
2020-01-02 09:42:10,Q,AAPL,297.03,3.0,297.06,1.0,0.0,0.0,2020-01-02 09:42:10.009158,297.12,297.16,1
2020-01-02 09:42:15,P,AAPL,297.12,1.0,297.16,4.0,-1.0,0.0,2020-01-02 09:42:15.050843,297.16,297.17,0
2020-01-02 09:42:20,P,AAPL,297.16,4.0,297.17,1.0,0.0,-2.0,2020-01-02 09:42:20.011369,297.15,297.18,0
2020-01-02 09:42:25,Z,AAPL,297.15,3.0,297.18,3.0,1.0,0.0,2020-01-02 09:42:25.186300,297.11,297.12,-1
2020-01-02 09:42:30,Z,AAPL,297.11,1.0,297.12,1.0,0.0,-1.0,2020-01-02 09:42:30.079637,297.13,297.14,1
2020-01-02 09:42:35,P,AAPL,297.13,1.0,297.14,1.0,-1.0,0.0,2020-01-02 09:42:35.335412,296.93,296.97,-1
2020-01-02 09:42:40,J,AAPL,296.93,4.0,296.97,1.0,2.0,-1.0,2020-01-02 09:42:40.024097,296.89,296.93,0
2020-01-02 09:42:45,Z,AAPL,296.89,1.0,296.93,1.0,-1.0,0.0,2020-01-02 09:42:45.095789,296.92,296.95,0
2020-01-02 09:42:50,N,AAPL,296.92,1.0,296.95,3.0,0.0,0.0,2020-01-02 09:42:50.037722,296.94,296.97,0
2020-01-02 09:42:55,Z,AAPL,296.94,2.0,296.97,1.0,1.0,0.0,2020-01-02 09:42:55.009139,296.88,296.91,-1
2020-01-02 09:43:00,Z,AAPL,296.88,2.0,296.91,2.0,0.0,-1.0,2020-01-02 09:43:00.007480,296.95,296.99,1
2020-01-02 09:43:05,Z,AAPL,296.95,1.0,296.99,1.0,-2.0,0.0,2020-01-02 09:43:05.100644,297.1,297.13,1
2020-01-02 09:43:10,Z,AAPL,297.1,3.0,297.13,3.0,1.0,1.0,2020-01-02 09:43:10.205322,297.1,297.12,0
2020-01-02 09:43:15,Z,AAPL,297.1,1.0,297.12,2.0,0.0,0.0,2020-01-02 09:43:15.130190,297.18,297.21,1
2020-01-02 09:43:20,Q,AAPL,297.18,2.0,297.21,1.0,0.0,0.0,2020-01-02 09:43:20.368292,297.13,297.16,-1
2020-01-02 09:43:25,Q,AAPL,297.13,2.0,297.16,1.0,0.0,-1.0,2020-01-02 09:43:25.051246,297.18,297.22,1
2020-01-02 09:43:30,Z,AAPL,297.18,2.0,297.22,2.0,-3.0,0.0,2020-01-02 09:43:30.024694,297.22,297.24,0
2020-01-02 09:43:35,Z,AAPL,297.22,2.0,297.24,1.0,0.0,0.0,2020-01-02 09:43:35.073934,297.27,297.29,1
2020-01-02 09:43:40,Q,AAPL,297.27,2.0,297.29,2.0,0.0,0.0,2020-01-02 09:43:40.261754,297.31,297.33,1
2020-01-02 09:43:45,P,AAPL,297.31,7.0,297.33,2.0,5.0,1.0,2020-01-02 09:43:45.673049,297.31,297.33,0
2020-01-02 09:43:50,Q,AAPL,297.31,5.0,297.33,1.0,0.0,-1.0,2020-01-02 09:43:50.080654,297.3,297.33,0
2020-01-02 09:43:55,Q,AAPL,297.3,4.0,297.33,4.0,0.0,3.0,2020-01-02 09:43:55.005828,297.37,297.39,1
2020-01-02 09:44:00,N,AAPL,297.37,3.0,297.39,3.0,0.0,1.0,2020-01-02 09:44:00.178695,297.32,297.33,-1
2020-01-02 09:44:05,P,AAPL,297.32,6.0,297.33,28.0,0.0,-2.0,2020-01-02 09:44:05.009384,297.21,297.26,-1
2020-01-02 09:44:10,Q,AAPL,297.21,3.0,297.26,3.0,1.0,2.0,2020-01-02 09:44:10.015083,297.24,297.26,0
2020-01-02 09:44:15,Z,AAPL,297.24,4.0,297.26,3.0,1.0,0.0,2020-01-02 09:44:15.084290,297.3,297.33,1
2020-01-02 09:44:20,Z,AAPL,297.3,4.0,297.33,1.0,1.0,0.0,2020-01-02 09:44:20.005107,297.36,297.39,1
2020-01-02 09:44:25,Q,AAPL,297.36,4.0,297.39,1.0,0.0,0.0,2020-01-02 09:44:25.220604,297.37,297.4,0
2020-01-02 09:44:30,Z,AAPL,297.37,4.0,297.4,4.0,0.0,1.0,2020-01-02 09:44:30.055138,297.36,297.39,0
2020-01-02 09:44:35,Q,AAPL,297.36,3.0,297.39,1.0,1.0,0.0,2020-01-02 09:44:35.126205,297.37,297.4,0
2020-01-02 09:44:40,P,AAPL,297.37,9.0,297.4,1.0,0.0,0.0,2020-01-02 09:44:40.591861,297.38,297.4,0
2020-01-02 09:44:45,P,AAPL,297.38,3.0,297.4,1.0,2.0,0.0,2020-01-02 09:44:45.142340,297.28,297.3,-1
2020-01-02 09:44:50,Q,AAPL,297.28,3.0,297.3,1.0,-1.0,0.0,2020-01-02 09:44:50.361353,297.24,297.26,-1
2020-01-02 09:44:55,P,AAPL,297.24,6.0,297.26,3.0,0.0,0.0,2020-01-02 09:44:55.153076,297.11,297.13,-1
2020-01-02 09:45:00,N,AAPL,297.11,1.0,297.13,3.0,0.0,0.0,2020-01-02 09:45:00.001258,297.22,297.27,1
2020-01-02 09:45:05,P,AAPL,297.22,3.0,297.27,2.0,0.0,-1.0,2020-01-02 09:45:05.201138,297.14,297.17,-1
2020-01-02 09:45:10,K,AAPL,297.14,2.0,297.17,2.0,1.0,0.0,2020-01-02 09:45:10.015865,297.24,297.26,1
2020-01-02 09:45:15,Z,AAPL,297.24,2.0,297.26,1.0,-3.0,-1.0,2020-01-02 09:45:15.052997,297.19,297.21,-1
2020-01-02 09:45:20,J,AAPL,297.19,5.0,297.21,1.0,3.0,0.0,2020-01-02 09:45:20.066320,297.24,297.27,1
2020-01-02 09:45:25,Q,AAPL,297.24,1.0,297.27,3.0,0.0,1.0,2020-01-02 09:45:25.089530,297.16,297.19,-1
2020-01-02 09:45:30,Z,AAPL,297.16,1.0,297.19,2.0,0.0,-2.0,2020-01-02 09:45:30.072054,297.28,297.29,1
2020-01-02 09:45:35,Q,AAPL,297.28,1.0,297.29,1.0,0.0,-10.0,2020-01-02 09:45:35.095065,297.37,297.39,1
2020-01-02 09:45:40,P,AAPL,297.37,1.0,297.39,1.0,0.0,0.0,2020-01-02 09:45:40.398896,297.33,297.35,-1
2020-01-02 09:45:45,J,AAPL,297.33,3.0,297.35,1.0,1.0,0.0,2020-01-02 09:45:45.033268,297.35,297.39,0
2020-01-02 09:45:50,N,AAPL,297.35,4.0,297.39,1.0,0.0,-1.0,2020-01-02 09:45:50.015321,297.38,297.4,0
2020-01-02 09:45:55,Z,AAPL,297.38,3.0,297.4,5.0,0.0,3.0,2020-01-02 09:45:55.011558,297.31,297.32,-1
2020-01-02 09:46:00,Q,AAPL,297.31,3.0,297.32,1.0,0.0,-1.0,2020-01-02 09:46:00.010350,297.33,297.35,1
2020-01-02 09:46:05,Q,AAPL,297.33,6.0,297.35,1.0,0.0,0.0,2020-01-02 09:46:05.050603,297.26,297.29,-1
2020-01-02 09:46:10,Z,AAPL,297.26,3.0,297.29,3.0,2.0,0.0,2020-01-02 09:46:10.003464,297.33,297.35,1
2020-01-02 09:46:15,Z,AAPL,297.33,1.0,297.35,1.0,-1.0,0.0,2020-01-02 09:46:15.377408,297.28,297.3,-1
2020-01-02 09:46:20,Z,AAPL,297.28,3.0,297.3,1.0,1.0,-2.0,2020-01-02 09:46:20.219567,297.31,297.33,1
2020-01-02 09:46:25,Y,AAPL,297.31,1.0,297.33,1.0,-2.0,0.0,2020-01-02 09:46:25.000076,297.28,297.31,0
2020-01-02 09:46:30,Q,AAPL,297.28,5.0,297.31,2.0,1.0,0.0,2020-01-02 09:46:30.188217,297.34,297.37,1
2020-01-02 09:46:35,Z,AAPL,297.34,3.0,297.37,2.0,1.0,0.0,2020-01-02 09:46:35.010583,297.37,297.39,0
2020-01-02 09:46:40,P,AAPL,297.37,1.0,297.39,2.0,-2.0,0.0,2020-01-02 09:46:40.336157,297.29,297.33,-1
2020-01-02 09:46:45,N,AAPL,297.29,3.0,297.33,2.0,-1.0,0.0,2020-01-02 09:46:45.009776,297.24,297.27,-1
2020-01-02 09:46:50,Q,AAPL,297.24,2.0,297.27,1.0,0.0,-1.0,2020-01-02 09:46:50.009023,297.24,297.26,0
2020-01-02 09:46:55,Z,AAPL,297.24,5.0,297.26,3.0,0.0,1.0,2020-01-02 09:46:55.095718,297.25,297.27,0
2020-01-02 09:47:00,Z,AAPL,297.25,3.0,297.27,1.0,2.0,0.0,2020-01-02 09:47:00.022087,297.07,297.09,-1
2020-01-02 09:47:05,Z,AAPL,297.07,2.0,297.09,1.0,-1.0,0.0,2020-01-02 09:47:05.007614,297.1,297.13,1
2020-01-02 09:47:10,Z,AAPL,297.1,2.0,297.13,2.0,-2.0,-1.0,2020-01-02 09:47:10.102647,297.13,297.14,0
2020-01-02 09:47:15,Z,AAPL,297.13,2.0,297.14,2.0,1.0,0.0,2020-01-02 09:47:15.129661,297.19,297.21,1
2020-01-02 09:47:20,Z,AAPL,297.19,1.0,297.21,1.0,0.0,-2.0,2020-01-02 09:47:20.010702,297.1,297.13,-1
2020-01-02 09:47:25,Q,AAPL,297.1,3.0,297.13,3.0,2.0,1.0,2020-01-02 09:47:25.073556,297.05,297.07,-1
2020-01-02 09:47:30,Q,AAPL,297.05,1.0,297.07,1.0,-2.0,0.0,2020-01-02 09:47:30.006612,297.1,297.12,1
2020-01-02 09:47:35,Z,AAPL,297.1,2.0,297.12,5.0,1.0,2.0,2020-01-02 09:47:35.431148,297.2,297.23,1
2020-01-02 09:47:40,Z,AAPL,297.2,2.0,297.23,2.0,0.0,1.0,2020-01-02 09:47:40.010216,297.15,297.17,-1
2020-01-02 09:47:45,Z,AAPL,297.15,3.0,297.17,2.0,-1.0,0.0,2020-01-02 09:47:45.670832,297.19,297.21,1
2020-01-02 09:47:50,Z,AAPL,297.19,2.0,297.21,2.0,1.0,0.0,2020-01-02 09:47:50.007674,297.17,297.22,0
2020-01-02 09:47:55,P,AAPL,297.17,2.0,297.22,3.0,0.0,0.0,2020-01-02 09:47:55.061589,297.22,297.24,0
2020-01-02 09:48:00,Z,AAPL,297.22,2.0,297.24,27.0,0.0,-1.0,2020-01-02 09:48:00.009963,297.37,297.4,1
2020-01-02 09:48:05,P,AAPL,297.37,4.0,297.4,7.0,0.0,-1.0,2020-01-02 09:48:05.166024,297.3,297.33,-1
2020-01-02 09:48:10,Z,AAPL,297.3,2.0,297.33,6.0,0.0,1.0,2020-01-02 09:48:10.145902,297.17,297.24,-1
2020-01-02 09:48:15,N,AAPL,297.17,4.0,297.24,1.0,0.0,-1.0,2020-01-02 09:48:15.008959,297.3,297.32,1
2020-01-02 09:48:20,Q,AAPL,297.3,2.0,297.32,1.0,-6.0,0.0,2020-01-02 09:48:20.512796,297.23,297.28,-1
2020-01-02 09:48:25,N,AAPL,297.23,4.0,297.28,2.0,1.0,0.0,2020-01-02 09:48:25.073392,297.32,297.35,1
2020-01-02 09:48:30,Z,AAPL,297.32,2.0,297.35,1.0,0.0,-2.0,2020-01-02 09:48:30.043661,297.29,297.32,0
2020-01-02 09:48:35,P,AAPL,297.29,2.0,297.32,2.0,0.0,1.0,2020-01-02 09:48:35.196168,297.28,297.31,0
2020-01-02 09:48:40,N,AAPL,297.28,2.0,297.31,4.0,1.0,0.0,2020-01-02 09:48:40.155253,297.22,297.24,-1
2020-01-02 09:48:45,Q,AAPL,297.22,1.0,297.24,2.0,-1.0,0.0,2020-01-02 09:48:45.450797,297.19,297.24,0
2020-01-02 09:48:50,Z,AAPL,297.19,3.0,297.24,2.0,0.0,1.0,2020-01-02 09:48:50.068578,297.22,297.24,0
2020-01-02 09:48:55,Z,AAPL,297.22,2.0,297.24,8.0,0.0,0.0,2020-01-02 09:48:55.253485,297.16,297.18,-1
2020-01-02 09:49:00,P,AAPL,297.16,2.0,297.18,3.0,0.0,0.0,2020-01-02 09:49:00.000341,297.15,297.18,0
2020-01-02 09:49:05,Z,AAPL,297.15,3.0,297.18,6.0,0.0,4.0,2020-01-02 09:49:05.046061,297.15,297.17,0
2020-01-02 09:49:10,Z,AAPL,297.15,3.0,297.17,1.0,1.0,0.0,2020-01-02 09:49:10.066496,297.18,297.2,1
2020-01-02 09:49:15,Z,AAPL,297.18,1.0,297.2,1.0,-2.0,-2.0,2020-01-02 09:49:15.828789,297.15,297.16,-1
2020-01-02 09:49:20,P,AAPL,297.15,2.0,297.16,2.0,-1.0,0.0,2020-01-02 09:49:20.036606,297.09,297.12,-1
2020-01-02 09:49:25,Z,AAPL,297.09,2.0,297.12,3.0,-1.0,0.0,2020-01-02 09:49:25.138975,297.08,297.09,0
2020-01-02 09:49:30,Z,AAPL,297.08,3.0,297.09,2.0,0.0,0.0,2020-01-02 09:49:30.175152,296.92,296.94,-1
2020-01-02 09:49:35,Q,AAPL,296.92,2.0,296.94,2.0,1.0,0.0,2020-01-02 09:49:35.340467,296.94,296.98,0
2020-01-02 09:49:40,K,AAPL,296.94,4.0,296.98,1.0,2.0,0.0,2020-01-02 09:49:40.082568,296.88,296.9,-1
2020-01-02 09:49:45,Z,AAPL,296.88,1.0,296.9,2.0,0.0,0.0,2020-01-02 09:49:45.541520,296.84,296.87,-1
2020-01-02 09:49:50,P,AAPL,296.84,1.0,296.87,3.0,-5.0,0.0,2020-01-02 09:49:50.016634,296.81,296.83,-1
2020-01-02 09:49:55,Z,AAPL,296.81,2.0,296.83,1.0,0.0,-1.0,2020-01-02 09:49:55.028471,296.8,296.83,0
2020-01-02 09:50:00,Z,AAPL,296.8,11.0,296.83,1.0,0.0,-1.0,2020-01-02 09:50:00.028749,296.8,296.83,0
2020-01-02 09:50:05,K,AAPL,296.8,2.0,296.83,1.0,0.0,0.0,2020-01-02 09:50:05.011589,296.88,296.92,1
2020-01-02 09:50:10,Z,AAPL,296.88,2.0,296.92,2.0,0.0,0.0,2020-01-02 09:50:10.180591,296.91,296.95,0
2020-01-02 09:50:15,Z,AAPL,296.91,1.0,296.95,3.0,0.0,-1.0,2020-01-02 09:50:15.004986,296.96,296.99,1
2020-01-02 09:50:20,Z,AAPL,296.96,1.0,296.99,1.0,0.0,-2.0,2020-01-02 09:50:20.069261,296.98,297.01,0
2020-01-02 09:50:25,P,AAPL,296.98,3.0,297.01,1.0,1.0,0.0,2020-01-02 09:50:25.981837,297.07,297.1,1
2020-01-02 09:50:30,Q,AAPL,297.07,2.0,297.1,3.0,0.0,1.0,2020-01-02 09:50:30.165053,297.07,297.09,0
2020-01-02 09:50:35,Q,AAPL,297.07,1.0,297.09,3.0,-1.0,0.0,2020-01-02 09:50:35.033305,297.07,297.08,0
2020-01-02 09:50:40,Q,AAPL,297.07,4.0,297.08,1.0,1.0,0.0,2020-01-02 09:50:40.708657,297.07,297.08,0
2020-01-02 09:50:45,Z,AAPL,297.07,2.0,297.08,2.0,0.0,-1.0,2020-01-02 09:50:45.026973,297.06,297.07,0
2020-01-02 09:50:50,N,AAPL,297.06,1.0,297.07,1.0,-2.0,-2.0,2020-01-02 09:50:50.375679,296.95,296.97,-1
2020-01-02 09:50:55,Z,AAPL,296.95,1.0,296.97,3.0,-1.0,2.0,2020-01-02 09:50:55.381255,296.92,296.96,0
2020-01-02 09:51:00,Q,AAPL,296.92,3.0,296.96,3.0,0.0,2.0,2020-01-02 09:51:00.001431,297.02,297.05,1
2020-01-02 09:51:05,Z,AAPL,297.02,1.0,297.05,1.0,-1.0,0.0,2020-01-02 09:51:05.238440,297.02,297.03,0
2020-01-02 09:51:10,Q,AAPL,297.02,1.0,297.03,1.0,-6.0,-1.0,2020-01-02 09:51:10.767331,297.05,297.07,1
2020-01-02 09:51:15,Q,AAPL,297.05,2.0,297.07,4.0,1.0,0.0,2020-01-02 09:51:15.073171,297.06,297.07,0
2020-01-02 09:51:20,Z,AAPL,297.06,2.0,297.07,1.0,0.0,-1.0,2020-01-02 09:51:20.217980,297.05,297.09,0
2020-01-02 09:51:25,N,AAPL,297.05,1.0,297.09,2.0,0.0,0.0,2020-01-02 09:51:25.025017,297.06,297.09,0
2020-01-02 09:51:30,N,AAPL,297.06,2.0,297.09,1.0,0.0,-1.0,2020-01-02 09:51:30.490504,297.08,297.09,0
2020-01-02 09:51:35,P,AAPL,297.08,1.0,297.09,1.0,-1.0,0.0,2020-01-02 09:51:35.131707,297.01,297.04,-1
2020-01-02 09:51:40,Q,AAPL,297.01,2.0,297.04,1.0,-1.0,-2.0,2020-01-02 09:51:40.171086,297.02,297.04,0
2020-01-02 09:51:45,N,AAPL,297.02,2.0,297.04,3.0,0.0,1.0,2020-01-02 09:51:45.070813,297.06,297.07,1
2020-01-02 09:51:50,Q,AAPL,297.06,1.0,297.07,1.0,0.0,-2.0,2020-01-02 09:51:50.079927,297.06,297.1,0
2020-01-02 09:51:55,Z,AAPL,297.06,4.0,297.1,7.0,0.0,0.0,2020-01-02 09:51:55.637189,297.08,297.11,0
2020-01-02 09:52:00,Q,AAPL,297.08,3.0,297.11,1.0,1.0,0.0,2020-01-02 09:52:00.002310,297.17,297.18,1
2020-01-02 09:52:05,P,AAPL,297.17,3.0,297.18,7.0,0.0,1.0,2020-01-02 09:52:05.093065,297.11,297.13,-1
2020-01-02 09:52:10,Q,AAPL,297.11,3.0,297.13,2.0,2.0,1.0,2020-01-02 09:52:10.100677,297.07,297.09,-1
2020-01-02 09:52:15,P,AAPL,297.07,3.0,297.09,3.0,0.0,1.0,2020-01-02 09:52:15.030445,297.13,297.15,1
2020-01-02 09:52:20,N,AAPL,297.13,3.0,297.15,1.0,-2.0,0.0,2020-01-02 09:52:20.010098,297.1,297.13,0
2020-01-02 09:52:25,Q,AAPL,297.1,4.0,297.13,2.0,1.0,0.0,2020-01-02 09:52:25.246162,297.03,297.05,-1
2020-01-02 09:52:30,Z,AAPL,297.03,1.0,297.05,2.0,0.0,-1.0,2020-01-02 09:52:30.022558,297.02,297.04,0
2020-01-02 09:52:35,Z,AAPL,297.02,2.0,297.04,2.0,0.0,-1.0,2020-01-02 09:52:35.000266,297.02,297.04,0
2020-01-02 09:52:40,Z,AAPL,297.02,1.0,297.04,4.0,0.0,0.0,2020-01-02 09:52:40.000916,297.07,297.09,1
2020-01-02 09:52:45,P,AAPL,297.07,2.0,297.09,1.0,1.0,0.0,2020-01-02 09:52:45.023808,297.12,297.14,1
2020-01-02 09:52:50,Q,AAPL,297.12,2.0,297.14,1.0,0.0,-1.0,2020-01-02 09:52:50.146383,297.09,297.11,-1
2020-01-02 09:52:55,Z,AAPL,297.09,1.0,297.11,2.0,0.0,0.0,2020-01-02 09:52:55.237059,297.09,297.1,0
2020-01-02 09:53:00,N,AAPL,297.09,2.0,297.1,2.0,1.0,0.0,2020-01-02 09:53:00.269797,297.09,297.11,0
2020-01-02 09:53:05,Q,AAPL,297.09,1.0,297.11,2.0,0.0,1.0,2020-01-02 09:53:05.013989,297.04,297.06,-1
2020-01-02 09:53:10,Z,AAPL,297.04,1.0,297.06,3.0,-2.0,0.0,2020-01-02 09:53:10.644645,297.03,297.05,0
2020-01-02 09:53:15,Z,AAPL,297.03,2.0,297.05,5.0,0.0,-1.0,2020-01-02 09:53:15.008533,297.0,297.03,0
2020-01-02 09:53:20,Z,AAPL,297.0,3.0,297.03,5.0,0.0,0.0,2020-01-02 09:53:20.121730,296.95,296.98,-1
2020-01-02 09:53:25,Q,AAPL,296.95,2.0,296.98,3.0,-1.0,0.0,2020-01-02 09:53:25.039691,296.91,296.93,-1
2020-01-02 09:53:30,Q,AAPL,296.91,2.0,296.93,1.0,0.0,-1.0,2020-01-02 09:53:30.597344,296.91,296.92,0
2020-01-02 09:53:35,Q,AAPL,296.91,5.0,296.92,1.0,0.0,0.0,2020-01-02 09:53:35.004408,296.93,296.94,1
2020-01-02 09:53:40,Z,AAPL,296.93,2.0,296.94,1.0,1.0,0.0,2020-01-02 09:53:40.140900,296.93,296.96,0
2020-01-02 09:53:45,Q,AAPL,296.93,3.0,296.96,6.0,1.0,0.0,2020-01-02 09:53:46.113433,297.0,297.03,1
2020-01-02 09:53:50,Z,AAPL,297.0,4.0,297.03,21.0,0.0,1.0,2020-01-02 09:53:50.076169,296.95,296.98,-1
2020-01-02 09:53:55,N,AAPL,296.95,2.0,296.98,4.0,0.0,2.0,2020-01-02 09:53:55.087918,296.96,296.98,0
2020-01-02 09:54:00,Y,AAPL,296.96,1.0,296.98,3.0,-3.0,-1.0,2020-01-02 09:54:00.010546,296.96,296.97,0
2020-01-02 09:54:05,Q,AAPL,296.96,1.0,296.97,1.0,0.0,0.0,2020-01-02 09:54:05.162505,296.88,296.89,-1
2020-01-02 09:54:10,Q,AAPL,296.88,1.0,296.89,1.0,0.0,-1.0,2020-01-02 09:54:10.003475,296.95,296.98,1
2020-01-02 09:54:15,Z,AAPL,296.95,2.0,296.98,1.0,0.0,0.0,2020-01-02 09:54:15.058763,296.89,296.92,-1
2020-01-02 09:54:20,Z,AAPL,296.89,2.0,296.92,5.0,-9.0,0.0,2020-01-02 09:54:20.000703,296.96,296.98,1
2020-01-02 09:54:25,N,AAPL,296.96,1.0,296.98,1.0,0.0,-1.0,2020-01-02 09:54:25.115902,296.97,296.98,0
2020-01-02 09:54:30,Q,AAPL,296.97,1.0,296.98,1.0,0.0,0.0,2020-01-02 09:54:30.021091,296.99,297.03,1
2020-01-02 09:54:35,Z,AAPL,296.99,4.0,297.03,9.0,1.0,7.0,2020-01-02 09:54:35.233460,297.14,297.17,1
2020-01-02 09:54:40,Z,AAPL,297.14,1.0,297.17,3.0,0.0,1.0,2020-01-02 09:54:40.007708,297.24,297.25,1
2020-01-02 09:54:45,N,AAPL,297.24,2.0,297.25,4.0,1.0,-1.0,2020-01-02 09:54:45.011940,297.24,297.27,0
2020-01-02 09:54:50,Z,AAPL,297.24,3.0,297.27,2.0,0.0,1.0,2020-01-02 09:54:50.305841,297.27,297.28,0
2020-01-02 09:54:55,Z,AAPL,297.27,1.0,297.28,5.0,0.0,3.0,2020-01-02 09:54:55.080907,297.29,297.3,1
2020-01-02 09:55:00,Q,AAPL,297.29,1.0,297.3,1.0,0.0,0.0,2020-01-02 09:55:00.027957,297.43,297.45,1
2020-01-02 09:55:05,Y,AAPL,297.43,1.0,297.45,6.0,0.0,0.0,2020-01-02 09:55:05.073777,297.41,297.45,0
2020-01-02 09:55:10,Q,AAPL,297.41,2.0,297.45,3.0,0.0,0.0,2020-01-02 09:55:10.017737,297.43,297.45,0
2020-01-02 09:55:15,Z,AAPL,297.43,3.0,297.45,2.0,1.0,0.0,2020-01-02 09:55:15.013807,297.36,297.39,-1
2020-01-02 09:55:20,Z,AAPL,297.36,4.0,297.39,2.0,0.0,-1.0,2020-01-02 09:55:20.011770,297.31,297.32,-1
2020-01-02 09:55:25,Z,AAPL,297.31,2.0,297.32,3.0,1.0,-1.0,2020-01-02 09:55:25.058701,297.27,297.3,-1
2020-01-02 09:55:30,Z,AAPL,297.27,2.0,297.3,2.0,-1.0,0.0,2020-01-02 09:55:30.066858,297.39,297.42,1
2020-01-02 09:55:35,Q,AAPL,297.39,3.0,297.42,1.0,1.0,0.0,2020-01-02 09:55:35.093175,297.4,297.41,0
2020-01-02 09:55:40,Q,AAPL,297.4,2.0,297.41,1.0,-1.0,0.0,2020-01-02 09:55:40.271424,297.35,297.37,-1
2020-01-02 09:55:45,Z,AAPL,297.35,1.0,297.37,1.0,0.0,-2.0,2020-01-02 09:55:45.019183,297.4,297.41,1
2020-01-02 09:55:50,P,AAPL,297.4,4.0,297.41,1.0,2.0,0.0,2020-01-02 09:55:50.111217,297.4,297.42,0
2020-01-02 09:55:55,Z,AAPL,297.4,2.0,297.42,3.0,0.0,2.0,2020-01-02 09:55:55.765475,297.44,297.46,1
2020-01-02 09:56:00,P,AAPL,297.44,2.0,297.46,3.0,1.0,0.0,2020-01-02 09:56:00.000579,297.58,297.6,1
2020-01-02 09:56:05,Q,AAPL,297.58,2.0,297.6,1.0,1.0,0.0,2020-01-02 09:56:05.074247,297.58,297.59,0
2020-01-02 09:56:10,Q,AAPL,297.58,3.0,297.59,2.0,1.0,-1.0,2020-01-02 09:56:10.131598,297.57,297.58,0
2020-01-02 09:56:15,Z,AAPL,297.57,1.0,297.58,2.0,0.0,1.0,2020-01-02 09:56:15.045238,297.61,297.62,1
2020-01-02 09:56:20,P,AAPL,297.61,1.0,297.62,6.0,-2.0,0.0,2020-01-02 09:56:20.226220,297.53,297.56,-1
2020-01-02 09:56:25,Q,AAPL,297.53,2.0,297.56,1.0,-1.0,0.0,2020-01-02 09:56:25.036598,297.62,297.64,1
2020-01-02 09:56:30,Z,AAPL,297.62,5.0,297.64,1.0,0.0,-1.0,2020-01-02 09:56:30.013235,297.64,297.65,0
2020-01-02 09:56:35,Z,AAPL,297.64,1.0,297.65,1.0,0.0,0.0,2020-01-02 09:56:35.011526,297.63,297.65,0
2020-01-02 09:56:40,Z,AAPL,297.63,1.0,297.65,2.0,-1.0,0.0,2020-01-02 09:56:40.020633,297.66,297.7,1
2020-01-02 09:56:45,Z,AAPL,297.66,1.0,297.7,11.0,-2.0,9.0,2020-01-02 09:56:45.039974,297.7,297.71,0
2020-01-02 09:56:50,Z,AAPL,297.7,5.0,297.71,1.0,0.0,-1.0,2020-01-02 09:56:50.269972,297.74,297.76,1
2020-01-02 09:56:55,Q,AAPL,297.74,27.0,297.76,1.0,0.0,0.0,2020-01-02 09:56:55.188794,297.74,297.77,0
2020-01-02 09:57:00,P,AAPL,297.74,2.0,297.77,2.0,0.0,0.0,2020-01-02 09:57:00.087874,297.76,297.8,0
2020-01-02 09:57:05,Z,AAPL,297.76,2.0,297.8,2.0,1.0,0.0,2020-01-02 09:57:05.299909,297.87,297.88,1
2020-01-02 09:57:10,P,AAPL,297.87,1.0,297.88,5.0,-1.0,4.0,2020-01-02 09:57:10.180324,297.82,297.84,-1
2020-01-02 09:57:15,Z,AAPL,297.82,2.0,297.84,2.0,0.0,1.0,2020-01-02 09:57:15.342561,297.81,297.84,0
2020-01-02 09:57:20,Q,AAPL,297.81,2.0,297.84,1.0,0.0,0.0,2020-01-02 09:57:20.184579,297.76,297.79,-1
2020-01-02 09:57:25,N,AAPL,297.76,4.0,297.79,1.0,0.0,-2.0,2020-01-02 09:57:25.016682,297.68,297.71,-1
2020-01-02 09:57:30,P,AAPL,297.68,1.0,297.71,2.0,0.0,-1.0,2020-01-02 09:57:30.001724,297.76,297.78,1
2020-01-02 09:57:35,Z,AAPL,297.76,1.0,297.78,1.0,-1.0,0.0,2020-01-02 09:57:35.425328,297.76,297.78,0
2020-01-02 09:57:40,Q,AAPL,297.76,1.0,297.78,1.0,0.0,0.0,2020-01-02 09:57:40.092915,297.81,297.84,1
2020-01-02 09:57:45,Z,AAPL,297.81,1.0,297.84,1.0,0.0,-2.0,2020-01-02 09:57:45.087592,297.85,297.87,1
2020-01-02 09:57:50,Q,AAPL,297.85,2.0,297.87,2.0,0.0,-1.0,2020-01-02 09:57:50.209749,297.86,297.88,0
2020-01-02 09:57:55,Z,AAPL,297.86,1.0,297.88,5.0,-5.0,-1.0,2020-01-02 09:57:55.203608,297.9,297.93,1
2020-01-02 09:58:00,Z,AAPL,297.9,2.0,297.93,2.0,1.0,0.0,2020-01-02 09:58:00.000504,297.87,297.9,0
2020-01-02 09:58:05,N,AAPL,297.87,3.0,297.9,1.0,0.0,-1.0,2020-01-02 09:58:05.103116,297.78,297.81,-1
2020-01-02 09:58:10,N,AAPL,297.78,2.0,297.81,3.0,0.0,0.0,2020-01-02 09:58:10.153443,297.75,297.78,0
2020-01-02 09:58:15,P,AAPL,297.75,2.0,297.78,4.0,0.0,2.0,2020-01-02 09:58:15.187953,297.84,297.85,1
2020-01-02 09:58:20,Q,AAPL,297.84,6.0,297.85,53.0,1.0,0.0,2020-01-02 09:58:20.058447,297.91,297.94,1
2020-01-02 09:58:25,P,AAPL,297.91,2.0,297.94,4.0,0.0,1.0,2020-01-02 09:58:25.237030,297.81,297.84,-1
2020-01-02 09:58:30,Q,AAPL,297.81,2.0,297.84,1.0,0.0,0.0,2020-01-02 09:58:30.008054,297.82,297.84,0
2020-01-02 09:58:35,Q,AAPL,297.82,1.0,297.84,2.0,0.0,0.0,2020-01-02 09:58:35.030972,297.84,297.87,0
2020-01-02 09:58:40,Z,AAPL,297.84,2.0,297.87,1.0,0.0,0.0,2020-01-02 09:58:40.271840,297.78,297.81,-1
2020-01-02 09:58:45,Q,AAPL,297.78,3.0,297.81,2.0,2.0,0.0,2020-01-02 09:58:45.023121,297.7,297.73,-1
2020-01-02 09:58:50,P,AAPL,297.7,4.0,297.73,1.0,-1.0,0.0,2020-01-02 09:58:50.171105,297.65,297.68,-1
2020-01-02 09:58:55,Y,AAPL,297.65,3.0,297.68,2.0,0.0,1.0,2020-01-02 09:58:55.018778,297.69,297.71,1
2020-01-02 09:59:00,Q,AAPL,297.69,2.0,297.71,2.0,0.0,1.0,2020-01-02 09:59:00.031117,297.73,297.77,1
2020-01-02 09:59:05,Q,AAPL,297.73,5.0,297.77,4.0,4.0,0.0,2020-01-02 09:59:05.044828,297.8,297.84,1
2020-01-02 09:59:10,Z,AAPL,297.8,2.0,297.84,3.0,0.0,0.0,2020-01-02 09:59:10.050329,297.83,297.85,0
2020-01-02 09:59:15,Z,AAPL,297.83,1.0,297.85,1.0,0.0,0.0,2020-01-02 09:59:15.033345,297.88,297.9,1
2020-01-02 09:59:20,Q,AAPL,297.88,4.0,297.9,1.0,1.0,0.0,2020-01-02 09:59:20.687343,297.99,298.0,1
2020-01-02 09:59:25,P,AAPL,297.99,5.0,298.0,2.0,-1.0,0.0,2020-01-02 09:59:25.073085,297.93,297.95,-1
2020-01-02 09:59:30,P,AAPL,297.93,1.0,297.95,1.0,-1.0,0.0,2020-01-02 09:59:30.039671,297.98,298.01,1
2020-01-02 09:59:35,Z,AAPL,297.98,68.0,298.01,2.0,-1.0,0.0,2020-01-02 09:59:35.019260,297.9,297.93,-1
2020-01-02 09:59:40,Z,AAPL,297.9,2.0,297.93,1.0,1.0,0.0,2020-01-02 09:59:40.088084,298.0,298.04,1
2020-01-02 09:59:45,Q,AAPL,298.0,1.0,298.04,10.0,0.0,7.0,2020-01-02 09:59:45.032799,298.03,298.07,0
2020-01-02 09:59:50,Z,AAPL,298.03,2.0,298.07,36.0,0.0,34.0,2020-01-02 09:59:50.392934,298.07,298.08,0
2020-01-02 09:59:55,Z,AAPL,298.07,1.0,298.08,2.0,0.0,-5.0,2020-01-02 09:59:55.086494,297.96,297.99,-1
2020-01-02 10:00:00,Z,AAPL,297.96,10.0,297.99,1.0,-2.0,0.0,2020-01-02 10:00:00.107434,297.82,297.85,-1
2020-01-02 10:00:05,Q,AAPL,297.82,1.0,297.85,2.0,0.0,1.0,2020-01-02 10:00:05.008401,297.86,297.87,1
2020-01-02 10:00:10,K,AAPL,297.86,3.0,297.87,1.0,-1.0,0.0,2020-01-02 10:00:10.067403,297.84,297.87,0
2020-01-02 10:00:15,Q,AAPL,297.84,3.0,297.87,2.0,2.0,0.0,2020-01-02 10:00:15.122561,297.81,297.84,0
2020-01-02 10:00:20,Z,AAPL,297.81,3.0,297.84,2.0,0.0,1.0,2020-01-02 10:00:20.129607,297.73,297.75,-1
2020-01-02 10:00:25,Z,AAPL,297.73,1.0,297.75,4.0,-1.0,3.0,2020-01-02 10:00:25.125367,297.71,297.75,0
2020-01-02 10:00:30,Q,AAPL,297.71,3.0,297.75,1.0,0.0,-1.0,2020-01-02 10:00:30.263865,297.8,297.85,1
2020-01-02 10:00:35,P,AAPL,297.8,5.0,297.85,2.0,4.0,0.0,2020-01-02 10:00:35.054116,297.88,297.91,1
2020-01-02 10:00:40,Z,AAPL,297.88,2.0,297.91,40.0,0.0,0.0,2020-01-02 10:00:40.003770,297.93,297.95,1
2020-01-02 10:00:45,Z,AAPL,297.93,1.0,297.95,3.0,0.0,1.0,2020-01-02 10:00:45.009727,297.92,297.94,0
2020-01-02 10:00:50,Z,AAPL,297.92,6.0,297.94,2.0,1.0,0.0,2020-01-02 10:00:50.282728,297.94,297.96,0
2020-01-02 10:00:55,Q,AAPL,297.94,2.0,297.96,2.0,0.0,1.0,2020-01-02 10:00:55.427768,297.93,297.96,0
2020-01-02 10:01:00,Z,AAPL,297.93,3.0,297.96,1.0,0.0,-2.0,2020-01-02 10:01:00.281596,297.93,297.95,0
2020-01-02 10:01:05,Z,AAPL,297.93,4.0,297.95,1.0,0.0,-1.0,2020-01-02 10:01:05.064834,297.94,297.96,0
2020-01-02 10:01:10,Q,AAPL,297.94,4.0,297.96,1.0,0.0,-1.0,2020-01-02 10:01:10.332808,297.95,297.99,0
2020-01-02 10:01:15,Z,AAPL,297.95,1.0,297.99,4.0,-4.0,2.0,2020-01-02 10:01:15.295387,297.95,297.96,0
2020-01-02 10:01:20,Z,AAPL,297.95,2.0,297.96,1.0,-3.0,0.0,2020-01-02 10:01:20.031000,297.99,298.0,1
2020-01-02 10:01:25,Q,AAPL,297.99,1.0,298.0,6.0,-1.0,0.0,2020-01-02 10:01:25.454231,298.0,298.03,0
2020-01-02 10:01:30,Q,AAPL,298.0,4.0,298.03,2.0,3.0,0.0,2020-01-02 10:01:30.320693,297.92,297.95,-1
2020-01-02 10:01:35,Z,AAPL,297.92,4.0,297.95,2.0,-2.0,1.0,2020-01-02 10:01:35.013132,297.95,297.97,0
2020-01-02 10:01:40,Y,AAPL,297.95,2.0,297.97,1.0,-1.0,-1.0,2020-01-02 10:01:40.655587,297.91,297.93,-1
2020-01-02 10:01:45,Z,AAPL,297.91,4.0,297.93,1.0,0.0,-2.0,2020-01-02 10:01:45.508861,297.91,297.94,0
2020-01-02 10:01:50,Q,AAPL,297.91,5.0,297.94,2.0,0.0,0.0,2020-01-02 10:01:50.632917,297.92,297.96,0
2020-01-02 10:01:55,Q,AAPL,297.92,3.0,297.96,4.0,0.0,3.0,2020-01-02 10:01:55.081941,297.92,297.93,0
2020-01-02 10:02:00,Q,AAPL,297.92,1.0,297.93,1.0,-4.0,-1.0,2020-01-02 10:02:00.019954,297.9,297.92,0
2020-01-02 10:02:05,Z,AAPL,297.9,2.0,297.92,3.0,-9.0,2.0,2020-01-02 10:02:05.057982,297.8,297.83,-1
2020-01-02 10:02:10,Z,AAPL,297.8,3.0,297.83,2.0,1.0,0.0,2020-01-02 10:02:10.393535,297.88,297.92,1
2020-01-02 10:02:15,Z,AAPL,297.88,2.0,297.92,6.0,0.0,0.0,2020-01-02 10:02:15.059178,297.77,297.8,-1
2020-01-02 10:02:20,Z,AAPL,297.77,1.0,297.8,1.0,0.0,-11.0,2020-01-02 10:02:20.000861,297.73,297.77,0
2020-01-02 10:02:25,P,AAPL,297.73,20.0,297.77,4.0,0.0,0.0,2020-01-02 10:02:25.143944,297.72,297.75,0
2020-01-02 10:02:30,Z,AAPL,297.72,1.0,297.75,1.0,0.0,-1.0,2020-01-02 10:02:30.473899,297.61,297.64,-1
2020-01-02 10:02:35,Z,AAPL,297.61,1.0,297.64,2.0,0.0,-1.0,2020-01-02 10:02:35.041708,297.63,297.67,0
2020-01-02 10:02:40,Q,AAPL,297.63,2.0,297.67,1.0,-1.0,-1.0,2020-01-02 10:02:40.463520,297.5,297.53,-1
2020-01-02 10:02:45,Z,AAPL,297.5,11.0,297.53,3.0,0.0,-1.0,2020-01-02 10:02:45.014718,297.57,297.6,1
2020-01-02 10:02:50,Z,AAPL,297.57,3.0,297.6,2.0,1.0,0.0,2020-01-02 10:02:50.006796,297.53,297.56,-1
2020-01-02 10:02:55,X,AAPL,297.53,4.0,297.56,1.0,0.0,-2.0,2020-01-02 10:02:55.151894,297.64,297.69,1
2020-01-02 10:03:00,Z,AAPL,297.64,3.0,297.69,2.0,0.0,0.0,2020-01-02 10:03:00.001058,297.66,297.71,0
2020-01-02 10:03:05,P,AAPL,297.66,1.0,297.71,3.0,0.0,1.0,2020-01-02 10:03:05.322257,297.74,297.78,1
2020-01-02 10:03:10,Q,AAPL,297.74,2.0,297.78,3.0,0.0,0.0,2020-01-02 10:03:10.075439,297.68,297.72,-1
2020-01-02 10:03:15,N,AAPL,297.68,6.0,297.72,2.0,3.0,-1.0,2020-01-02 10:03:15.070245,297.79,297.81,1
2020-01-02 10:03:20,J,AAPL,297.79,1.0,297.81,1.0,-2.0,0.0,2020-01-02 10:03:20.013524,297.76,297.79,0
2020-01-02 10:03:25,Z,AAPL,297.76,1.0,297.79,5.0,0.0,2.0,2020-01-02 10:03:25.074150,297.78,297.81,0
2020-01-02 10:03:30,K,AAPL,297.78,2.0,297.81,1.0,0.0,0.0,2020-01-02 10:03:30.139471,297.68,297.71,-1
2020-01-02 10:03:35,Q,AAPL,297.68,1.0,297.71,2.0,0.0,1.0,2020-01-02 10:03:35.021505,297.63,297.66,-1
2020-01-02 10:03:40,Z,AAPL,297.63,2.0,297.66,2.0,0.0,1.0,2020-01-02 10:03:40.080050,297.64,297.68,0
2020-01-02 10:03:45,Q,AAPL,297.64,5.0,297.68,1.0,0.0,0.0,2020-01-02 10:03:45.074027,297.73,297.77,1
2020-01-02 10:03:50,N,AAPL,297.73,1.0,297.77,2.0,-2.0,0.0,2020-01-02 10:03:50.024288,297.79,297.81,1
2020-01-02 10:03:55,Q,AAPL,297.79,4.0,297.81,1.0,0.0,0.0,2020-01-02 10:03:55.848797,297.78,297.8,0
2020-01-02 10:04:00,Z,AAPL,297.78,1.0,297.8,3.0,-3.0,0.0,2020-01-02 10:04:00.811014,297.78,297.79,0
2020-01-02 10:04:05,V,AAPL,297.78,1.0,297.79,2.0,-2.0,0.0,2020-01-02 10:04:05.102668,297.81,297.84,1
2020-01-02 10:04:10,Z,AAPL,297.81,4.0,297.84,1.0,0.0,0.0,2020-01-02 10:04:10.074524,297.89,297.94,1
2020-01-02 10:04:15,Z,AAPL,297.89,4.0,297.94,1.0,2.0,0.0,2020-01-02 10:04:15.248535,297.84,297.88,-1
2020-01-02 10:04:20,P,AAPL,297.84,2.0,297.88,3.0,0.0,-1.0,2020-01-02 10:04:20.019370,297.89,297.92,1
2020-01-02 10:04:25,Q,AAPL,297.89,3.0,297.92,1.0,0.0,-1.0,2020-01-02 10:04:25.171946,297.86,297.89,0
2020-01-02 10:04:30,Z,AAPL,297.86,1.0,297.89,2.0,-2.0,-3.0,2020-01-02 10:04:30.811273,297.8,297.83,-1
2020-01-02 10:04:35,Q,AAPL,297.8,1.0,297.83,4.0,0.0,0.0,2020-01-02 10:04:35.241053,297.71,297.73,-1
2020-01-02 10:04:40,Q,AAPL,297.71,1.0,297.73,2.0,-2.0,0.0,2020-01-02 10:04:40.317460,297.81,297.84,1
2020-01-02 10:04:45,N,AAPL,297.81,2.0,297.84,1.0,-1.0,-3.0,2020-01-02 10:04:45.113069,297.82,297.86,0
2020-01-02 10:04:50,Z,AAPL,297.82,4.0,297.86,3.0,0.0,0.0,2020-01-02 10:04:50.011234,297.78,297.8,-1
2020-01-02 10:04:55,Z,AAPL,297.78,2.0,297.8,1.0,1.0,0.0,2020-01-02 10:04:55.077922,297.8,297.83,0
2020-01-02 10:05:00,Q,AAPL,297.8,3.0,297.83,2.0,0.0,1.0,2020-01-02 10:05:00.044764,297.93,297.96,1
2020-01-02 10:05:05,Q,AAPL,297.93,3.0,297.96,3.0,2.0,0.0,2020-01-02 10:05:05.090815,298.02,298.04,1
2020-01-02 10:05:10,K,AAPL,298.02,1.0,298.04,2.0,0.0,1.0,2020-01-02 10:05:10.239455,298.03,298.07,0
2020-01-02 10:05:15,Q,AAPL,298.03,3.0,298.07,2.0,1.0,0.0,2020-01-02 10:05:15.277089,298.11,298.14,1
2020-01-02 10:05:20,Q,AAPL,298.11,2.0,298.14,5.0,1.0,0.0,2020-01-02 10:05:20.254439,298.09,298.11,0
2020-01-02 10:05:25,V,AAPL,298.09,2.0,298.11,2.0,1.0,0.0,2020-01-02 10:05:25.244543,297.97,298.0,-1
2020-01-02 10:05:30,Z,AAPL,297.97,2.0,298.0,1.0,1.0,-1.0,2020-01-02 10:05:30.025125,297.92,297.94,-1
2020-01-02 10:05:35,Z,AAPL,297.92,3.0,297.94,5.0,0.0,0.0,2020-01-02 10:05:35.081131,297.99,298.03,1
2020-01-02 10:05:40,Z,AAPL,297.99,2.0,298.03,3.0,0.0,0.0,2020-01-02 10:05:40.086749,298.0,298.05,0
2020-01-02 10:05:45,Z,AAPL,298.0,3.0,298.05,5.0,-1.0,2.0,2020-01-02 10:05:45.000387,298.1,298.14,1
2020-01-02 10:05:50,Q,AAPL,298.1,4.0,298.14,2.0,1.0,0.0,2020-01-02 10:05:50.237835,298.06,298.08,-1
2020-01-02 10:05:55,Z,AAPL,298.06,1.0,298.08,1.0,0.0,-5.0,2020-01-02 10:05:55.688779,298.13,298.17,1
2020-01-02 10:06:00,Z,AAPL,298.13,1.0,298.17,3.0,0.0,0.0,2020-01-02 10:06:00.011891,298.14,298.19,0
2020-01-02 10:06:05,Q,AAPL,298.14,2.0,298.19,4.0,-1.0,0.0,2020-01-02 10:06:05.001939,298.23,298.26,1
2020-01-02 10:06:10,Z,AAPL,298.23,1.0,298.26,3.0,0.0,1.0,2020-01-02 10:06:10.120594,298.19,298.23,0
2020-01-02 10:06:15,Z,AAPL,298.19,2.0,298.23,2.0,0.0,0.0,2020-01-02 10:06:15.009634,298.25,298.28,1
2020-01-02 10:06:20,Z,AAPL,298.25,4.0,298.28,3.0,1.0,1.0,2020-01-02 10:06:20.238423,298.27,298.29,0
2020-01-02 10:06:25,J,AAPL,298.27,2.0,298.29,1.0,0.0,-48.0,2020-01-02 10:06:25.080689,298.21,298.24,-1
2020-01-02 10:06:30,Z,AAPL,298.21,2.0,298.24,4.0,0.0,-1.0,2020-01-02 10:06:30.031128,298.3,298.33,1
2020-01-02 10:06:35,Q,AAPL,298.3,27.0,298.33,3.0,0.0,0.0,2020-01-02 10:06:35.002717,298.28,298.3,0
2020-01-02 10:06:40,N,AAPL,298.28,1.0,298.3,2.0,-3.0,0.0,2020-01-02 10:06:40.212711,298.28,298.32,0
2020-01-02 10:06:45,N,AAPL,298.28,2.0,298.32,3.0,1.0,0.0,2020-01-02 10:06:45.240098,298.3,298.34,0
2020-01-02 10:06:50,Z,AAPL,298.3,11.0,298.34,2.0,9.0,0.0,2020-01-02 10:06:50.058528,298.3,298.33,0
2020-01-02 10:06:55,Q,AAPL,298.3,11.0,298.33,2.0,0.0,1.0,2020-01-02 10:06:55.121801,298.34,298.37,1
2020-01-02 10:07:00,N,AAPL,298.34,1.0,298.37,1.0,-4.0,0.0,2020-01-02 10:07:00.013017,298.27,298.29,-1
2020-01-02 10:07:05,Q,AAPL,298.27,3.0,298.29,3.0,2.0,1.0,2020-01-02 10:07:05.074209,298.19,298.22,-1
2020-01-02 10:07:10,Z,AAPL,298.19,2.0,298.22,2.0,0.0,-1.0,2020-01-02 10:07:10.068100,298.13,298.17,-1
2020-01-02 10:07:15,Z,AAPL,298.13,4.0,298.17,4.0,0.0,1.0,2020-01-02 10:07:15.052671,298.16,298.2,0
2020-01-02 10:07:20,N,AAPL,298.16,2.0,298.2,2.0,-1.0,1.0,2020-01-02 10:07:20.022735,298.25,298.29,1
2020-01-02 10:07:25,Z,AAPL,298.25,2.0,298.29,4.0,1.0,2.0,2020-01-02 10:07:25.014332,298.21,298.24,-1
2020-01-02 10:07:30,K,AAPL,298.21,3.0,298.24,2.0,0.0,-1.0,2020-01-02 10:07:30.431903,298.2,298.22,0
2020-01-02 10:07:35,Q,AAPL,298.2,2.0,298.22,2.0,1.0,0.0,2020-01-02 10:07:35.073032,298.16,298.19,-1
2020-01-02 10:07:40,Q,AAPL,298.16,13.0,298.19,4.0,0.0,0.0,2020-01-02 10:07:40.048841,298.12,298.16,0
2020-01-02 10:07:45,Z,AAPL,298.12,1.0,298.16,2.0,-1.0,1.0,2020-01-02 10:07:45.459493,298.1,298.14,0
2020-01-02 10:07:50,Z,AAPL,298.1,3.0,298.14,2.0,0.0,0.0,2020-01-02 10:07:50.170033,298.2,298.22,1
2020-01-02 10:07:55,Z,AAPL,298.2,4.0,298.22,1.0,1.0,0.0,2020-01-02 10:07:55.017261,298.15,298.2,0
2020-01-02 10:08:00,Z,AAPL,298.15,4.0,298.2,1.0,1.0,-1.0,2020-01-02 10:08:00.051148,298.2,298.24,0
2020-01-02 10:08:05,Q,AAPL,298.2,3.0,298.24,1.0,1.0,0.0,2020-01-02 10:08:05.257676,298.13,298.16,-1
2020-01-02 10:08:10,P,AAPL,298.13,4.0,298.16,3.0,3.0,0.0,2020-01-02 10:08:10.054954,298.15,298.17,0
2020-01-02 10:08:15,Z,AAPL,298.15,3.0,298.17,1.0,2.0,-2.0,2020-01-02 10:08:15.273491,298.23,298.25,1
2020-01-02 10:08:20,Z,AAPL,298.23,3.0,298.25,8.0,0.0,1.0,2020-01-02 10:08:20.238535,298.16,298.2,-1
2020-01-02 10:08:25,Q,AAPL,298.16,2.0,298.2,3.0,0.0,0.0,2020-01-02 10:08:25.145858,298.16,298.18,0
2020-01-02 10:08:30,Z,AAPL,298.16,1.0,298.18,1.0,-1.0,0.0,2020-01-02 10:08:30.018767,298.2,298.23,1
2020-01-02 10:08:35,Z,AAPL,298.2,1.0,298.23,2.0,-2.0,0.0,2020-01-02 10:08:35.790202,298.14,298.16,-1
2020-01-02 10:08:40,P,AAPL,298.14,3.0,298.16,1.0,0.0,0.0,2020-01-02 10:08:40.532303,298.17,298.21,1
2020-01-02 10:08:45,Z,AAPL,298.17,2.0,298.21,1.0,1.0,0.0,2020-01-02 10:08:45.121561,298.2,298.23,0
2020-01-02 10:08:50,Q,AAPL,298.2,2.0,298.23,1.0,0.0,0.0,2020-01-02 10:08:50.502266,298.22,298.23,0
2020-01-02 10:08:55,Z,AAPL,298.22,2.0,298.23,2.0,-4.0,-21.0,2020-01-02 10:08:56.210024,298.26,298.29,1
2020-01-02 10:09:00,Q,AAPL,298.26,3.0,298.29,2.0,2.0,0.0,2020-01-02 10:09:00.835727,298.28,298.3,0
2020-01-02 10:09:05,N,AAPL,298.28,2.0,298.3,58.0,1.0,0.0,2020-01-02 10:09:05.164548,298.29,298.3,0
2020-01-02 10:09:10,K,AAPL,298.29,8.0,298.3,33.0,0.0,-2.0,2020-01-02 10:09:10.524905,298.33,298.34,1
2020-01-02 10:09:15,Q,AAPL,298.33,4.0,298.34,3.0,3.0,0.0,2020-01-02 10:09:16.114528,298.34,298.35,0
2020-01-02 10:09:20,Q,AAPL,298.34,6.0,298.35,338.0,2.0,0.0,2020-01-02 10:09:20.108829,298.19,298.22,-1
2020-01-02 10:09:25,K,AAPL,298.19,2.0,298.22,1.0,-1.0,-1.0,2020-01-02 10:09:25.202786,298.16,298.19,0
2020-01-02 10:09:30,Q,AAPL,298.16,3.0,298.19,1.0,0.0,-1.0,2020-01-02 10:09:30.045856,298.21,298.23,1
2020-01-02 10:09:35,Q,AAPL,298.21,1.0,298.23,2.0,-2.0,0.0,2020-01-02 10:09:35.187274,298.23,298.26,0
2020-01-02 10:09:40,Z,AAPL,298.23,3.0,298.26,1.0,-1.0,0.0,2020-01-02 10:09:40.058617,298.26,298.29,0
2020-01-02 10:09:45,Z,AAPL,298.26,4.0,298.29,1.0,1.0,0.0,2020-01-02 10:09:45.117168,298.29,298.31,0
2020-01-02 10:09:50,Z,AAPL,298.29,4.0,298.31,2.0,0.0,-1.0,2020-01-02 10:09:50.290754,298.26,298.28,-1
2020-01-02 10:09:55,Q,AAPL,298.26,2.0,298.28,1.0,0.0,0.0,2020-01-02 10:09:55.368640,298.26,298.28,0
2020-01-02 10:10:00,P,AAPL,298.26,2.0,298.28,2.0,0.0,1.0,2020-01-02 10:10:01.114565,298.18,298.21,-1
2020-01-02 10:10:05,Z,AAPL,298.18,2.0,298.21,3.0,0.0,-1.0,2020-01-02 10:10:05.014226,298.09,298.13,-1
2020-01-02 10:10:10,Z,AAPL,298.09,4.0,298.13,2.0,0.0,1.0,2020-01-02 10:10:10.370972,298.14,298.15,1
2020-01-02 10:10:15,Q,AAPL,298.14,2.0,298.15,1.0,-1.0,0.0,2020-01-02 10:10:15.092049,298.21,298.23,1
2020-01-02 10:10:20,P,AAPL,298.21,5.0,298.23,1.0,4.0,0.0,2020-01-02 10:10:20.107283,298.23,298.24,0
2020-01-02 10:10:25,Z,AAPL,298.23,2.0,298.24,1.0,0.0,0.0,2020-01-02 10:10:25.372740,298.16,298.18,-1
2020-01-02 10:10:30,Z,AAPL,298.16,2.0,298.18,1.0,0.0,-1.0,2020-01-02 10:10:30.111661,298.18,298.21,0
2020-01-02 10:10:35,K,AAPL,298.18,1.0,298.21,3.0,-2.0,0.0,2020-01-02 10:10:35.158076,298.1,298.11,-1
2020-01-02 10:10:40,K,AAPL,298.1,2.0,298.11,1.0,0.0,-2.0,2020-01-02 10:10:40.366354,298.17,298.21,1
2020-01-02 10:10:45,Z,AAPL,298.17,2.0,298.21,4.0,0.0,0.0,2020-01-02 10:10:45.212932,298.28,298.31,1
2020-01-02 10:10:50,N,AAPL,298.28,3.0,298.31,3.0,1.0,2.0,2020-01-02 10:10:50.319812,298.23,298.24,-1
2020-01-02 10:10:55,K,AAPL,298.23,6.0,298.24,1.0,0.0,-4.0,2020-01-02 10:10:55.309298,298.17,298.2,-1
2020-01-02 10:11:00,Z,AAPL,298.17,2.0,298.2,4.0,0.0,1.0,2020-01-02 10:11:00.226343,298.11,298.14,-1
2020-01-02 10:11:05,N,AAPL,298.11,2.0,298.14,1.0,0.0,-4.0,2020-01-02 10:11:05.019707,298.04,298.07,-1
2020-01-02 10:11:10,Q,AAPL,298.04,1.0,298.07,3.0,-1.0,-2.0,2020-01-02 10:11:10.025246,297.94,297.97,-1
2020-01-02 10:11:15,Z,AAPL,297.94,4.0,297.97,1.0,1.0,0.0,2020-01-02 10:11:15.069594,297.86,297.88,-1
2020-01-02 10:11:20,Z,AAPL,297.86,1.0,297.88,1.0,-2.0,0.0,2020-01-02 10:11:20.023463,297.9,297.94,1
2020-01-02 10:11:25,Q,AAPL,297.9,2.0,297.94,2.0,1.0,0.0,2020-01-02 10:11:25.018492,297.85,297.89,-1
2020-01-02 10:11:30,Q,AAPL,297.85,4.0,297.89,2.0,1.0,1.0,2020-01-02 10:11:30.017767,297.72,297.75,-1
2020-01-02 10:11:35,Q,AAPL,297.72,4.0,297.75,2.0,-1.0,0.0,2020-01-02 10:11:35.058915,297.83,297.85,1
2020-01-02 10:11:40,Z,AAPL,297.83,2.0,297.85,2.0,0.0,1.0,2020-01-02 10:11:40.023470,297.77,297.81,-1
2020-01-02 10:11:45,Z,AAPL,297.77,5.0,297.81,3.0,0.0,1.0,2020-01-02 10:11:45.171767,297.75,297.78,0
2020-01-02 10:11:50,Z,AAPL,297.75,2.0,297.78,4.0,0.0,1.0,2020-01-02 10:11:50.303309,297.7,297.71,-1
2020-01-02 10:11:55,N,AAPL,297.7,4.0,297.71,1.0,0.0,-18.0,2020-01-02 10:11:55.152098,297.75,297.77,1
2020-01-02 10:12:00,Q,AAPL,297.75,4.0,297.77,1.0,1.0,0.0,2020-01-02 10:12:00.008414,297.68,297.72,-1
2020-01-02 10:12:05,K,AAPL,297.68,2.0,297.72,3.0,0.0,0.0,2020-01-02 10:12:05.002040,297.73,297.77,1
2020-01-02 10:12:10,Q,AAPL,297.73,5.0,297.77,5.0,4.0,0.0,2020-01-02 10:12:10.075303,297.7,297.73,0
2020-01-02 10:12:15,Z,AAPL,297.7,2.0,297.73,3.0,0.0,1.0,2020-01-02 10:12:15.002037,297.67,297.68,-1
2020-01-02 10:12:20,Z,AAPL,297.67,2.0,297.68,2.0,0.0,-2.0,2020-01-02 10:12:20.218299,297.6,297.62,-1
2020-01-02 10:12:25,P,AAPL,297.6,1.0,297.62,2.0,0.0,1.0,2020-01-02 10:12:25.190071,297.6,297.62,0
2020-01-02 10:12:30,Z,AAPL,297.6,1.0,297.62,1.0,0.0,-1.0,2020-01-02 10:12:30.305425,297.52,297.55,-1
2020-01-02 10:12:35,Z,AAPL,297.52,1.0,297.55,4.0,0.0,0.0,2020-01-02 10:12:35.080813,297.58,297.61,1
2020-01-02 10:12:40,Z,AAPL,297.58,1.0,297.61,2.0,0.0,1.0,2020-01-02 10:12:40.100787,297.55,297.58,0
2020-01-02 10:12:45,N,AAPL,297.55,2.0,297.58,5.0,0.0,1.0,2020-01-02 10:12:45.005052,297.6,297.61,1
2020-01-02 10:12:50,Q,AAPL,297.6,1.0,297.61,1.0,-2.0,0.0,2020-01-02 10:12:50.876480,297.62,297.65,1
2020-01-02 10:12:55,Q,AAPL,297.62,1.0,297.65,3.0,-1.0,0.0,2020-01-02 10:12:55.009918,297.61,297.65,0
2020-01-02 10:13:00,Z,AAPL,297.61,5.0,297.65,1.0,1.0,0.0,2020-01-02 10:13:00.001157,297.62,297.63,0
2020-01-02 10:13:05,N,AAPL,297.62,6.0,297.63,1.0,0.0,0.0,2020-01-02 10:13:05.268673,297.61,297.63,0
2020-01-02 10:13:10,N,AAPL,297.61,2.0,297.63,1.0,0.0,0.0,2020-01-02 10:13:10.184246,297.54,297.56,-1
2020-01-02 10:13:15,N,AAPL,297.54,2.0,297.56,1.0,1.0,0.0,2020-01-02 10:13:15.156066,297.61,297.64,1
2020-01-02 10:13:20,Q,AAPL,297.61,2.0,297.64,1.0,0.0,-1.0,2020-01-02 10:13:20.001239,297.6,297.62,0
2020-01-02 10:13:25,Z,AAPL,297.6,1.0,297.62,2.0,0.0,0.0,2020-01-02 10:13:25.667428,297.55,297.58,-1
2020-01-02 10:13:30,Z,AAPL,297.55,4.0,297.58,2.0,-2.0,0.0,2020-01-02 10:13:30.556354,297.52,297.54,-1
2020-01-02 10:13:35,Z,AAPL,297.52,1.0,297.54,1.0,0.0,0.0,2020-01-02 10:13:35.148118,297.51,297.54,0
2020-01-02 10:13:40,Z,AAPL,297.51,3.0,297.54,1.0,0.0,0.0,2020-01-02 10:13:40.020052,297.58,297.62,1
2020-01-02 10:13:45,N,AAPL,297.58,4.0,297.62,1.0,0.0,-1.0,2020-01-02 10:13:45.121355,297.63,297.67,1
2020-01-02 10:13:50,P,AAPL,297.63,2.0,297.67,2.0,-2.0,0.0,2020-01-02 10:13:50.021114,297.53,297.56,-1
2020-01-02 10:13:55,Z,AAPL,297.53,1.0,297.56,2.0,-1.0,1.0,2020-01-02 10:13:55.010898,297.55,297.58,0
2020-01-02 10:14:00,Z,AAPL,297.55,8.0,297.58,1.0,5.0,0.0,2020-01-02 10:14:00.053470,297.58,297.61,0
2020-01-02 10:14:05,N,AAPL,297.58,2.0,297.61,1.0,-2.0,0.0,2020-01-02 10:14:05.009384,297.69,297.73,1
2020-01-02 10:14:10,N,AAPL,297.69,4.0,297.73,3.0,1.0,1.0,2020-01-02 10:14:10.016750,297.69,297.72,0
2020-01-02 10:14:15,Z,AAPL,297.69,1.0,297.72,1.0,-1.0,0.0,2020-01-02 10:14:15.007776,297.7,297.72,0
2020-01-02 10:14:20,Z,AAPL,297.7,6.0,297.72,1.0,0.0,0.0,2020-01-02 10:14:20.490758,297.64,297.68,-1
2020-01-02 10:14:25,N,AAPL,297.64,1.0,297.68,4.0,-1.0,2.0,2020-01-02 10:14:25.526127,297.62,297.65,0
2020-01-02 10:14:30,Q,AAPL,297.62,2.0,297.65,2.0,0.0,0.0,2020-01-02 10:14:30.146139,297.59,297.62,0
2020-01-02 10:14:35,N,AAPL,297.59,1.0,297.62,2.0,0.0,1.0,2020-01-02 10:14:35.230604,297.5,297.53,-1
2020-01-02 10:14:40,Q,AAPL,297.5,12.0,297.53,3.0,1.0,0.0,2020-01-02 10:14:41.074065,297.51,297.53,0
2020-01-02 10:14:45,Z,AAPL,297.51,1.0,297.53,2.0,-1.0,-1.0,2020-01-02 10:14:45.043095,297.41,297.43,-1
2020-01-02 10:14:50,Q,AAPL,297.41,2.0,297.43,3.0,0.0,0.0,2020-01-02 10:14:50.012047,297.41,297.45,0
2020-01-02 10:14:55,P,AAPL,297.41,2.0,297.45,5.0,0.0,0.0,2020-01-02 10:14:55.007490,297.37,297.4,-1
2020-01-02 10:15:00,P,AAPL,297.37,2.0,297.4,2.0,0.0,0.0,2020-01-02 10:15:00.043062,297.31,297.33,-1
2020-01-02 10:15:05,P,AAPL,297.31,3.0,297.33,1.0,0.0,0.0,2020-01-02 10:15:05.472677,297.22,297.25,-1
2020-01-02 10:15:10,Q,AAPL,297.22,2.0,297.25,2.0,0.0,-1.0,2020-01-02 10:15:10.055064,297.18,297.2,-1
2020-01-02 10:15:15,Z,AAPL,297.18,2.0,297.2,5.0,-1.0,0.0,2020-01-02 10:15:15.011665,297.23,297.27,1
2020-01-02 10:15:20,Z,AAPL,297.23,7.0,297.27,3.0,3.0,1.0,2020-01-02 10:15:20.252723,297.18,297.22,-1
2020-01-02 10:15:25,N,AAPL,297.18,2.0,297.22,4.0,0.0,0.0,2020-01-02 10:15:25.199683,297.19,297.22,0
2020-01-02 10:15:30,Z,AAPL,297.19,1.0,297.22,1.0,-1.0,0.0,2020-01-02 10:15:30.322932,297.11,297.12,-1
2020-01-02 10:15:35,Q,AAPL,297.11,1.0,297.12,1.0,0.0,0.0,2020-01-02 10:15:35.010607,297.01,297.04,-1
2020-01-02 10:15:40,Q,AAPL,297.01,4.0,297.04,2.0,0.0,1.0,2020-01-02 10:15:40.068351,296.92,296.94,-1
2020-01-02 10:15:45,Z,AAPL,296.92,1.0,296.94,2.0,-2.0,1.0,2020-01-02 10:15:45.203850,296.94,296.97,0
2020-01-02 10:15:50,Z,AAPL,296.94,2.0,296.97,1.0,0.0,0.0,2020-01-02 10:15:50.019216,297.02,297.05,1
2020-01-02 10:15:55,Z,AAPL,297.02,1.0,297.05,2.0,-2.0,0.0,2020-01-02 10:15:55.466389,297.1,297.12,1
2020-01-02 10:16:00,P,AAPL,297.1,1.0,297.12,2.0,0.0,0.0,2020-01-02 10:16:00.032680,297.05,297.08,-1
2020-01-02 10:16:05,Z,AAPL,297.05,1.0,297.08,2.0,0.0,-1.0,2020-01-02 10:16:05.057191,297.0,297.04,-1
2020-01-02 10:16:10,Z,AAPL,297.0,11.0,297.04,3.0,0.0,2.0,2020-01-02 10:16:10.410397,297.12,297.16,1
2020-01-02 10:16:15,N,AAPL,297.12,4.0,297.16,1.0,0.0,-3.0,2020-01-02 10:16:15.007828,297.22,297.26,1
2020-01-02 10:16:20,N,AAPL,297.22,2.0,297.26,1.0,0.0,0.0,2020-01-02 10:16:20.088346,297.32,297.35,1
2020-01-02 10:16:25,Z,AAPL,297.32,3.0,297.35,1.0,2.0,-1.0,2020-01-02 10:16:25.031057,297.26,297.3,-1
2020-01-02 10:16:30,Z,AAPL,297.26,2.0,297.3,1.0,0.0,-2.0,2020-01-02 10:16:30.054404,297.15,297.19,-1
2020-01-02 10:16:35,Z,AAPL,297.15,1.0,297.19,1.0,0.0,-1.0,2020-01-02 10:16:35.010344,297.15,297.18,0
2020-01-02 10:16:40,N,AAPL,297.15,2.0,297.18,1.0,0.0,0.0,2020-01-02 10:16:40.022997,297.02,297.06,-1
2020-01-02 10:16:45,Z,AAPL,297.02,2.0,297.06,1.0,-1.0,0.0,2020-01-02 10:16:45.100992,297.06,297.09,0
2020-01-02 10:16:50,Q,AAPL,297.06,3.0,297.09,2.0,1.0,0.0,2020-01-02 10:16:50.126100,297.02,297.05,-1
2020-01-02 10:16:55,Z,AAPL,297.02,1.0,297.05,1.0,0.0,0.0,2020-01-02 10:16:55.004565,297.03,297.07,0
2020-01-02 10:17:00,Z,AAPL,297.03,2.0,297.07,1.0,0.0,0.0,2020-01-02 10:17:00.037589,297.04,297.07,0
2020-01-02 10:17:05,N,AAPL,297.04,2.0,297.07,2.0,1.0,1.0,2020-01-02 10:17:05.246969,296.98,297.02,-1
2020-01-02 10:17:10,K,AAPL,296.98,1.0,297.02,3.0,0.0,2.0,2020-01-02 10:17:10.174635,297.12,297.16,1
2020-01-02 10:17:15,Z,AAPL,297.12,2.0,297.16,1.0,0.0,0.0,2020-01-02 10:17:15.118420,297.13,297.17,0
2020-01-02 10:17:20,N,AAPL,297.13,2.0,297.17,2.0,0.0,0.0,2020-01-02 10:17:20.044391,297.24,297.28,1
2020-01-02 10:17:25,Z,AAPL,297.24,2.0,297.28,4.0,1.0,2.0,2020-01-02 10:17:25.085307,297.26,297.3,0
2020-01-02 10:17:30,Q,AAPL,297.26,2.0,297.3,2.0,1.0,0.0,2020-01-02 10:17:30.022352,297.24,297.29,0
2020-01-02 10:17:35,Q,AAPL,297.24,2.0,297.29,5.0,0.0,1.0,2020-01-02 10:17:35.098251,297.32,297.35,1
2020-01-02 10:17:40,Z,AAPL,297.32,3.0,297.35,8.0,-1.0,2.0,2020-01-02 10:17:40.053553,297.36,297.39,1
2020-01-02 10:17:45,Z,AAPL,297.36,2.0,297.39,1.0,1.0,-1.0,2020-01-02 10:17:45.042082,297.37,297.39,0
2020-01-02 10:17:50,P,AAPL,297.37,2.0,297.39,1.0,0.0,-2.0,2020-01-02 10:17:50.250090,297.46,297.5,1
2020-01-02 10:17:55,Z,AAPL,297.46,2.0,297.5,1.0,0.0,-1.0,2020-01-02 10:17:55.044900,297.45,297.49,0
2020-01-02 10:18:00,Z,AAPL,297.45,1.0,297.49,1.0,-4.0,0.0,2020-01-02 10:18:00.093607,297.44,297.46,0
2020-01-02 10:18:05,N,AAPL,297.44,3.0,297.46,1.0,1.0,-1.0,2020-01-02 10:18:05.073680,297.31,297.35,-1
2020-01-02 10:18:10,Z,AAPL,297.31,1.0,297.35,3.0,-1.0,1.0,2020-01-02 10:18:10.085499,297.23,297.26,-1
2020-01-02 10:18:15,Z,AAPL,297.23,2.0,297.26,1.0,-1.0,-1.0,2020-01-02 10:18:15.105542,297.34,297.38,1
2020-01-02 10:18:20,P,AAPL,297.34,1.0,297.38,1.0,0.0,-1.0,2020-01-02 10:18:20.063418,297.32,297.36,0
2020-01-02 10:18:25,N,AAPL,297.32,1.0,297.36,2.0,-1.0,0.0,2020-01-02 10:18:25.204909,297.3,297.33,0
2020-01-02 10:18:30,Z,AAPL,297.3,9.0,297.33,1.0,0.0,-1.0,2020-01-02 10:18:30.002718,297.35,297.38,1
2020-01-02 10:18:35,Q,AAPL,297.35,2.0,297.38,1.0,0.0,-1.0,2020-01-02 10:18:35.264431,297.39,297.44,1
2020-01-02 10:18:40,N,AAPL,297.39,4.0,297.44,1.0,1.0,0.0,2020-01-02 10:18:40.010957,297.42,297.46,0
2020-01-02 10:18:45,Q,AAPL,297.42,3.0,297.46,2.0,-1.0,0.0,2020-01-02 10:18:45.142786,297.54,297.58,1
2020-01-02 10:18:50,P,AAPL,297.54,4.0,297.58,2.0,2.0,0.0,2020-01-02 10:18:50.027307,297.56,297.6,0
2020-01-02 10:18:55,Q,AAPL,297.56,4.0,297.6,2.0,2.0,0.0,2020-01-02 10:18:55.000051,297.58,297.6,0
2020-01-02 10:19:00,Z,AAPL,297.58,4.0,297.6,2.0,0.0,1.0,2020-01-02 10:19:00.015009,297.56,297.58,0
2020-01-02 10:19:05,Z,AAPL,297.56,3.0,297.58,2.0,1.0,0.0,2020-01-02 10:19:05.072907,297.41,297.45,-1
2020-01-02 10:19:10,N,AAPL,297.41,3.0,297.45,4.0,1.0,0.0,2020-01-02 10:19:10.032083,297.36,297.4,-1
2020-01-02 10:19:15,P,AAPL,297.36,2.0,297.4,3.0,1.0,0.0,2020-01-02 10:19:15.030266,297.39,297.41,0
2020-01-02 10:19:20,Q,AAPL,297.39,3.0,297.41,1.0,0.0,-1.0,2020-01-02 10:19:20.302895,297.52,297.54,1
2020-01-02 10:19:25,P,AAPL,297.52,3.0,297.54,1.0,2.0,0.0,2020-01-02 10:19:25.125052,297.53,297.55,0
2020-01-02 10:19:30,Z,AAPL,297.53,2.0,297.55,1.0,1.0,0.0,2020-01-02 10:19:30.174571,297.55,297.57,0
2020-01-02 10:19:35,Z,AAPL,297.55,2.0,297.57,1.0,0.0,0.0,2020-01-02 10:19:35.333999,297.49,297.53,-1
2020-01-02 10:19:40,Z,AAPL,297.49,2.0,297.53,1.0,1.0,-1.0,2020-01-02 10:19:40.100780,297.43,297.45,-1
2020-01-02 10:19:45,N,AAPL,297.43,21.0,297.45,4.0,0.0,2.0,2020-01-02 10:19:45.085428,297.33,297.37,-1
2020-01-02 10:19:50,Z,AAPL,297.33,2.0,297.37,1.0,0.0,-1.0,2020-01-02 10:19:50.239914,297.3,297.33,0
2020-01-02 10:19:55,Z,AAPL,297.3,3.0,297.33,1.0,0.0,0.0,2020-01-02 10:19:55.097332,297.19,297.23,-1
2020-01-02 10:20:00,Q,AAPL,297.19,2.0,297.23,1.0,0.0,0.0,2020-01-02 10:20:00.028505,297.15,297.19,0
2020-01-02 10:20:05,Z,AAPL,297.15,2.0,297.19,1.0,0.0,-1.0,2020-01-02 10:20:05.051291,297.07,297.11,-1
2020-01-02 10:20:10,Z,AAPL,297.07,2.0,297.11,3.0,0.0,-1.0,2020-01-02 10:20:10.121046,297.03,297.08,0
2020-01-02 10:20:15,Q,AAPL,297.03,4.0,297.08,3.0,0.0,2.0,2020-01-02 10:20:15.000259,297.16,297.2,1
2020-01-02 10:20:20,Z,AAPL,297.16,2.0,297.2,5.0,-1.0,3.0,2020-01-02 10:20:20.039807,297.07,297.11,-1
2020-01-02 10:20:25,Z,AAPL,297.07,2.0,297.11,2.0,-1.0,0.0,2020-01-02 10:20:25.214032,297.03,297.05,-1
2020-01-02 10:20:30,Q,AAPL,297.03,4.0,297.05,2.0,2.0,0.0,2020-01-02 10:20:30.137880,297.07,297.11,1
2020-01-02 10:20:35,Z,AAPL,297.07,3.0,297.11,4.0,0.0,1.0,2020-01-02 10:20:35.002989,297.16,297.19,1
2020-01-02 10:20:40,Z,AAPL,297.16,3.0,297.19,2.0,-1.0,1.0,2020-01-02 10:20:41.535795,297.19,297.23,0
2020-01-02 10:20:45,Z,AAPL,297.19,4.0,297.23,1.0,0.0,-1.0,2020-01-02 10:20:45.468745,297.16,297.18,-1
2020-01-02 10:20:50,Z,AAPL,297.16,1.0,297.18,2.0,0.0,0.0,2020-01-02 10:20:50.137661,297.18,297.21,0
2020-01-02 10:20:55,N,AAPL,297.18,2.0,297.21,2.0,0.0,0.0,2020-01-02 10:20:55.166751,297.21,297.25,0
2020-01-02 10:21:00,Z,AAPL,297.21,4.0,297.25,2.0,0.0,0.0,2020-01-02 10:21:00.810759,297.3,297.35,1
2020-01-02 10:21:05,N,AAPL,297.3,4.0,297.35,2.0,0.0,-1.0,2020-01-02 10:21:05.004355,297.37,297.4,1
2020-01-02 10:21:10,Z,AAPL,297.37,1.0,297.4,3.0,0.0,1.0,2020-01-02 10:21:10.133389,297.34,297.37,0
2020-01-02 10:21:15,Q,AAPL,297.34,5.0,297.37,3.0,1.0,1.0,2020-01-02 10:21:15.665208,297.27,297.3,-1
2020-01-02 10:21:20,Z,AAPL,297.27,1.0,297.3,1.0,-1.0,0.0,2020-01-02 10:21:20.259409,297.26,297.29,0
2020-01-02 10:21:25,K,AAPL,297.26,1.0,297.29,2.0,0.0,0.0,2020-01-02 10:21:25.123517,297.15,297.18,-1
2020-01-02 10:21:30,Q,AAPL,297.15,1.0,297.18,3.0,0.0,1.0,2020-01-02 10:21:30.095339,297.12,297.17,0
2020-01-02 10:21:35,Z,AAPL,297.12,2.0,297.17,2.0,0.0,0.0,2020-01-02 10:21:35.268096,297.15,297.19,0
2020-01-02 10:21:40,Q,AAPL,297.15,4.0,297.19,2.0,1.0,0.0,2020-01-02 10:21:40.256497,297.09,297.11,-1
2020-01-02 10:21:45,Z,AAPL,297.09,1.0,297.11,1.0,0.0,0.0,2020-01-02 10:21:45.789938,297.15,297.18,1
2020-01-02 10:21:50,Q,AAPL,297.15,2.0,297.18,1.0,0.0,0.0,2020-01-02 10:21:50.251000,297.1,297.12,-1
2020-01-02 10:21:55,Q,AAPL,297.1,3.0,297.12,2.0,2.0,0.0,2020-01-02 10:21:55.073618,297.16,297.18,1
2020-01-02 10:22:00,K,AAPL,297.16,1.0,297.18,2.0,0.0,0.0,2020-01-02 10:22:00.126526,297.08,297.11,-1
2020-01-02 10:22:05,N,AAPL,297.08,5.0,297.11,1.0,1.0,-1.0,2020-01-02 10:22:05.170482,297.11,297.15,0
2020-01-02 10:22:10,N,AAPL,297.11,2.0,297.15,1.0,0.0,0.0,2020-01-02 10:22:10.129934,297.12,297.15,0
2020-01-02 10:22:15,Q,AAPL,297.12,1.0,297.15,2.0,-2.0,0.0,2020-01-02 10:22:15.032478,297.14,297.18,0
2020-01-02 10:22:20,Z,AAPL,297.14,1.0,297.18,2.0,-1.0,1.0,2020-01-02 10:22:20.100475,297.06,297.09,-1
2020-01-02 10:22:25,Z,AAPL,297.06,4.0,297.09,1.0,0.0,-1.0,2020-01-02 10:22:25.074151,297.06,297.08,0
2020-01-02 10:22:30,Q,AAPL,297.06,4.0,297.08,2.0,0.0,1.0,2020-01-02 10:22:30.141225,297.02,297.04,-1
2020-01-02 10:22:35,N,AAPL,297.02,1.0,297.04,2.0,-1.0,1.0,2020-01-02 10:22:35.250038,296.96,296.98,-1
2020-01-02 10:22:40,Z,AAPL,296.96,2.0,296.98,4.0,-9.0,-1.0,2020-01-02 10:22:40.052938,296.99,297.01,1
2020-01-02 10:22:45,Q,AAPL,296.99,3.0,297.01,2.0,0.0,1.0,2020-01-02 10:22:45.012765,297.09,297.13,1
2020-01-02 10:22:50,B,AAPL,297.09,1.0,297.13,4.0,0.0,3.0,2020-01-02 10:22:50.018119,297.12,297.16,0
2020-01-02 10:22:55,Z,AAPL,297.12,4.0,297.16,1.0,0.0,-1.0,2020-01-02 10:22:55.272687,297.03,297.06,-1
2020-01-02 10:23:00,K,AAPL,297.03,1.0,297.06,2.0,0.0,-102.0,2020-01-02 10:23:00.147086,296.83,296.85,-1
2020-01-02 10:23:05,N,AAPL,296.83,1.0,296.85,31.0,-1.0,-7.0,2020-01-02 10:23:05.068164,296.9,296.95,1
2020-01-02 10:23:10,Z,AAPL,296.9,4.0,296.95,5.0,1.0,4.0,2020-01-02 10:23:10.012122,296.88,296.92,0
2020-01-02 10:23:15,N,AAPL,296.88,1.0,296.92,2.0,0.0,1.0,2020-01-02 10:23:15.063063,296.78,296.82,-1
2020-01-02 10:23:20,Z,AAPL,296.78,2.0,296.82,4.0,-3.0,2.0,2020-01-02 10:23:20.104808,296.8,296.83,0
2020-01-02 10:23:25,P,AAPL,296.8,2.0,296.83,9.0,1.0,0.0,2020-01-02 10:23:25.065662,296.74,296.78,-1
2020-01-02 10:23:30,Z,AAPL,296.74,1.0,296.78,2.0,0.0,1.0,2020-01-02 10:23:30.014325,296.63,296.67,-1
2020-01-02 10:23:35,Q,AAPL,296.63,1.0,296.67,2.0,0.0,-3.0,2020-01-02 10:23:35.024837,296.61,296.62,-1
2020-01-02 10:23:40,Q,AAPL,296.61,1.0,296.62,3.0,0.0,1.0,2020-01-02 10:23:40.566762,296.65,296.69,1
2020-01-02 10:23:45,Q,AAPL,296.65,3.0,296.69,1.0,1.0,-1.0,2020-01-02 10:23:45.104211,296.78,296.8,1
2020-01-02 10:23:50,Z,AAPL,296.78,1.0,296.8,2.0,0.0,-1.0,2020-01-02 10:23:50.081707,296.85,296.88,1
2020-01-02 10:23:55,Z,AAPL,296.85,5.0,296.88,2.0,0.0,1.0,2020-01-02 10:23:55.013381,296.85,296.89,0
2020-01-02 10:24:00,Z,AAPL,296.85,4.0,296.89,6.0,2.0,0.0,2020-01-02 10:24:00.026423,296.83,296.86,0
2020-01-02 10:24:05,P,AAPL,296.83,1.0,296.86,1.0,-1.0,0.0,2020-01-02 10:24:05.140311,296.87,296.91,1
2020-01-02 10:24:10,M,AAPL,296.87,1.0,296.91,1.0,0.0,-2.0,2020-01-02 10:24:10.103825,296.84,296.87,0
2020-01-02 10:24:15,Z,AAPL,296.84,1.0,296.87,1.0,-1.0,0.0,2020-01-02 10:24:15.019451,296.87,296.91,0
2020-01-02 10:24:20,Q,AAPL,296.87,2.0,296.91,2.0,-1.0,0.0,2020-01-02 10:24:20.159484,296.77,296.81,-1
2020-01-02 10:24:25,Q,AAPL,296.77,2.0,296.81,2.0,0.0,0.0,2020-01-02 10:24:25.068595,296.87,296.9,1
2020-01-02 10:24:30,Z,AAPL,296.87,2.0,296.9,1.0,0.0,-1.0,2020-01-02 10:24:30.073727,296.87,296.91,0
2020-01-02 10:24:35,Z,AAPL,296.87,2.0,296.91,4.0,0.0,1.0,2020-01-02 10:24:35.017435,296.91,296.92,0
2020-01-02 10:24:40,P,AAPL,296.91,2.0,296.92,1.0,-4.0,-3.0,2020-01-02 10:24:40.249492,296.97,297.0,1
2020-01-02 10:24:45,N,AAPL,296.97,2.0,297.0,1.0,1.0,0.0,2020-01-02 10:24:45.021590,297.04,297.08,1
2020-01-02 10:24:50,B,AAPL,297.04,2.0,297.08,2.0,0.0,1.0,2020-01-02 10:24:50.073728,297.13,297.15,1
2020-01-02 10:24:55,P,AAPL,297.13,3.0,297.15,1.0,2.0,0.0,2020-01-02 10:24:55.004942,297.14,297.18,0
2020-01-02 10:25:00,N,AAPL,297.14,4.0,297.18,1.0,3.0,0.0,2020-01-02 10:25:00.014600,296.96,296.98,-1
2020-01-02 10:25:05,Q,AAPL,296.96,1.0,296.98,2.0,0.0,0.0,2020-01-02 10:25:05.013774,296.87,296.9,-1
2020-01-02 10:25:10,Q,AAPL,296.87,1.0,296.9,1.0,0.0,0.0,2020-01-02 10:25:10.003319,296.97,297.0,1
2020-01-02 10:25:15,Q,AAPL,296.97,3.0,297.0,1.0,0.0,-2.0,2020-01-02 10:25:15.070940,296.98,297.02,0
2020-01-02 10:25:20,Q,AAPL,296.98,4.0,297.02,4.0,1.0,0.0,2020-01-02 10:25:20.245139,296.88,296.91,-1
2020-01-02 10:25:25,Z,AAPL,296.88,1.0,296.91,1.0,0.0,-1.0,2020-01-02 10:25:25.132045,296.84,296.88,0
2020-01-02 10:25:30,Q,AAPL,296.84,6.0,296.88,4.0,0.0,1.0,2020-01-02 10:25:30.085670,296.91,296.94,1
2020-01-02 10:25:35,Z,AAPL,296.91,1.0,296.94,2.0,0.0,0.0,2020-01-02 10:25:35.016555,296.95,296.98,1
2020-01-02 10:25:40,Z,AAPL,296.95,3.0,296.98,1.0,0.0,-1.0,2020-01-02 10:25:40.226501,296.95,296.98,0
2020-01-02 10:25:45,P,AAPL,296.95,2.0,296.98,2.0,1.0,0.0,2020-01-02 10:25:45.073761,296.97,296.98,0
2020-01-02 10:25:50,Q,AAPL,296.97,2.0,296.98,2.0,-1.0,0.0,2020-01-02 10:25:50.433241,296.96,296.99,0
2020-01-02 10:25:55,Z,AAPL,296.96,4.0,296.99,1.0,0.0,-1.0,2020-01-02 10:25:55.225644,296.99,297.02,0
2020-01-02 10:26:00,Z,AAPL,296.99,1.0,297.02,1.0,-1.0,0.0,2020-01-02 10:26:00.559156,297.0,297.04,0
2020-01-02 10:26:05,Z,AAPL,297.0,2.0,297.04,2.0,0.0,-1.0,2020-01-02 10:26:05.100626,297.05,297.08,1
2020-01-02 10:26:10,N,AAPL,297.05,2.0,297.08,2.0,0.0,-1.0,2020-01-02 10:26:10.021361,297.1,297.13,1
2020-01-02 10:26:15,Z,AAPL,297.1,4.0,297.13,5.0,-1.0,0.0,2020-01-02 10:26:15.013455,297.15,297.18,1
2020-01-02 10:26:20,Z,AAPL,297.15,1.0,297.18,1.0,-1.0,0.0,2020-01-02 10:26:20.247290,297.1,297.14,-1
2020-01-02 10:26:25,Z,AAPL,297.1,1.0,297.14,5.0,0.0,1.0,2020-01-02 10:26:25.262472,297.14,297.19,0
2020-01-02 10:26:30,Y,AAPL,297.14,2.0,297.19,5.0,0.0,4.0,2020-01-02 10:26:30.014887,297.18,297.2,0
2020-01-02 10:26:35,Z,AAPL,297.18,1.0,297.2,1.0,0.0,-1.0,2020-01-02 10:26:35.040314,297.2,297.22,0
2020-01-02 10:26:40,Z,AAPL,297.2,3.0,297.22,2.0,2.0,-1.0,2020-01-02 10:26:40.992003,297.23,297.26,1
2020-01-02 10:26:45,Q,AAPL,297.23,3.0,297.26,5.0,2.0,0.0,2020-01-02 10:26:45.074975,297.24,297.26,0
2020-01-02 10:26:50,Q,AAPL,297.24,4.0,297.26,8.0,0.0,0.0,2020-01-02 10:26:50.055078,297.25,297.26,0
2020-01-02 10:26:55,Q,AAPL,297.25,4.0,297.26,4.0,1.0,0.0,2020-01-02 10:26:55.287510,297.19,297.2,-1
2020-01-02 10:27:00,Q,AAPL,297.19,1.0,297.2,2.0,0.0,0.0,2020-01-02 10:27:00.488022,297.14,297.17,-1
2020-01-02 10:27:05,N,AAPL,297.14,2.0,297.17,2.0,1.0,1.0,2020-01-02 10:27:05.179186,297.14,297.18,0
2020-01-02 10:27:10,P,AAPL,297.14,4.0,297.18,1.0,0.0,-1.0,2020-01-02 10:27:10.053051,297.14,297.18,0
2020-01-02 10:27:15,Q,AAPL,297.14,6.0,297.18,1.0,4.0,0.0,2020-01-02 10:27:15.463096,297.18,297.22,0
2020-01-02 10:27:20,N,AAPL,297.18,3.0,297.22,2.0,0.0,0.0,2020-01-02 10:27:20.306521,297.23,297.27,1
2020-01-02 10:27:25,Z,AAPL,297.23,3.0,297.27,1.0,0.0,0.0,2020-01-02 10:27:25.005142,297.31,297.35,1
2020-01-02 10:27:30,Z,AAPL,297.31,4.0,297.35,12.0,1.0,0.0,2020-01-02 10:27:30.074693,297.3,297.33,0
2020-01-02 10:27:35,Z,AAPL,297.3,3.0,297.33,1.0,0.0,-2.0,2020-01-02 10:27:35.035705,297.35,297.37,1
2020-01-02 10:27:40,Z,AAPL,297.35,1.0,297.37,1.0,-2.0,0.0,2020-01-02 10:27:40.199742,297.34,297.36,0
2020-01-02 10:27:45,Z,AAPL,297.34,1.0,297.36,3.0,0.0,1.0,2020-01-02 10:27:45.082799,297.37,297.38,1
2020-01-02 10:27:50,Q,AAPL,297.37,2.0,297.38,1.0,0.0,0.0,2020-01-02 10:27:50.476253,297.36,297.4,0
2020-01-02 10:27:55,Q,AAPL,297.36,3.0,297.4,2.0,0.0,0.0,2020-01-02 10:27:55.518628,297.23,297.27,-1
2020-01-02 10:28:00,Z,AAPL,297.23,10.0,297.27,2.0,0.0,1.0,2020-01-02 10:28:00.010466,297.28,297.3,1
2020-01-02 10:28:05,Z,AAPL,297.28,2.0,297.3,3.0,1.0,0.0,2020-01-02 10:28:05.033788,297.29,297.32,0
2020-01-02 10:28:10,Z,AAPL,297.29,5.0,297.32,2.0,0.0,0.0,2020-01-02 10:28:10.302345,297.26,297.29,0
2020-01-02 10:28:15,Z,AAPL,297.26,3.0,297.29,2.0,0.0,0.0,2020-01-02 10:28:15.149319,297.29,297.32,0
2020-01-02 10:28:20,Z,AAPL,297.29,3.0,297.32,1.0,0.0,0.0,2020-01-02 10:28:20.157233,297.3,297.33,0
2020-01-02 10:28:25,N,AAPL,297.3,4.0,297.33,1.0,2.0,-1.0,2020-01-02 10:28:25.030002,297.32,297.34,0
2020-01-02 10:28:30,Z,AAPL,297.32,1.0,297.34,1.0,0.0,-1.0,2020-01-02 10:28:30.329656,297.35,297.39,1
2020-01-02 10:28:35,N,AAPL,297.35,4.0,297.39,2.0,1.0,0.0,2020-01-02 10:28:35.542047,297.26,297.29,-1
2020-01-02 10:28:40,Q,AAPL,297.26,2.0,297.29,2.0,0.0,0.0,2020-01-02 10:28:40.009423,297.27,297.3,0
2020-01-02 10:28:45,N,AAPL,297.27,1.0,297.3,5.0,-1.0,2.0,2020-01-02 10:28:45.148745,297.3,297.33,0
2020-01-02 10:28:50,Z,AAPL,297.3,4.0,297.33,1.0,1.0,0.0,2020-01-02 10:28:50.067583,297.4,297.43,1
2020-01-02 10:28:55,Z,AAPL,297.4,4.0,297.43,2.0,0.0,0.0,2020-01-02 10:28:55.178256,297.41,297.44,0
2020-01-02 10:29:00,P,AAPL,297.41,2.0,297.44,1.0,0.0,0.0,2020-01-02 10:29:00.072418,297.45,297.48,1
2020-01-02 10:29:05,Z,AAPL,297.45,1.0,297.48,3.0,0.0,1.0,2020-01-02 10:29:05.110801,297.47,297.5,0
2020-01-02 10:29:10,N,AAPL,297.47,1.0,297.5,60.0,-1.0,0.0,2020-01-02 10:29:10.237770,297.45,297.48,0
2020-01-02 10:29:15,Q,AAPL,297.45,1.0,297.48,2.0,0.0,-1.0,2020-01-02 10:29:15.050606,297.45,297.48,0
2020-01-02 10:29:20,Z,AAPL,297.45,2.0,297.48,21.0,-1.0,0.0,2020-01-02 10:29:20.142734,297.41,297.45,0
2020-01-02 10:29:25,N,AAPL,297.41,2.0,297.45,3.0,1.0,0.0,2020-01-02 10:29:25.509176,297.49,297.5,1
2020-01-02 10:29:30,Z,AAPL,297.49,1.0,297.5,10.0,-2.0,0.0,2020-01-02 10:29:30.133268,297.43,297.45,-1
2020-01-02 10:29:35,P,AAPL,297.43,2.0,297.45,1.0,0.0,-4.0,2020-01-02 10:29:35.051306,297.45,297.48,0
2020-01-02 10:29:40,P,AAPL,297.45,1.0,297.48,1.0,0.0,0.0,2020-01-02 10:29:40.003373,297.46,297.49,0
2020-01-02 10:29:45,Q,AAPL,297.46,2.0,297.49,2.0,0.0,1.0,2020-01-02 10:29:45.056107,297.54,297.58,1
2020-01-02 10:29:50,Z,AAPL,297.54,4.0,297.58,1.0,2.0,-1.0,2020-01-02 10:29:50.318885,297.5,297.53,-1
2020-01-02 10:29:55,Y,AAPL,297.5,2.0,297.53,1.0,1.0,-2.0,2020-01-02 10:29:55.014021,297.5,297.54,0
2020-01-02 10:30:00,Z,AAPL,297.5,5.0,297.54,4.0,0.0,-1.0,2020-01-02 10:30:00.008279,297.57,297.59,1
2020-01-02 10:30:05,Z,AAPL,297.57,2.0,297.59,1.0,0.0,0.0,2020-01-02 10:30:05.015326,297.55,297.59,0
2020-01-02 10:30:10,Q,AAPL,297.55,1.0,297.59,3.0,-1.0,2.0,2020-01-02 10:30:10.255947,297.56,297.59,0
2020-01-02 10:30:15,Z,AAPL,297.56,1.0,297.59,1.0,-1.0,0.0,2020-01-02 10:30:15.540774,297.53,297.56,0
2020-01-02 10:30:20,Z,AAPL,297.53,1.0,297.56,3.0,-1.0,2.0,2020-01-02 10:30:20.113349,297.44,297.47,-1
2020-01-02 10:30:25,Z,AAPL,297.44,1.0,297.47,3.0,0.0,-1.0,2020-01-02 10:30:25.630995,297.49,297.5,1
2020-01-02 10:30:30,Q,AAPL,297.49,1.0,297.5,5.0,-1.0,0.0,2020-01-02 10:30:30.018485,297.58,297.6,1
2020-01-02 10:30:35,N,AAPL,297.58,2.0,297.6,1.0,1.0,0.0,2020-01-02 10:30:35.073997,297.5,297.52,-1
2020-01-02 10:30:40,P,AAPL,297.5,3.0,297.52,3.0,2.0,0.0,2020-01-02 10:30:40.111463,297.49,297.5,0
2020-01-02 10:30:45,Q,AAPL,297.49,1.0,297.5,4.0,0.0,3.0,2020-01-02 10:30:45.469283,297.52,297.55,1
2020-01-02 10:30:50,Z,AAPL,297.52,4.0,297.55,5.0,3.0,0.0,2020-01-02 10:30:50.331574,297.48,297.51,-1
2020-01-02 10:30:55,Q,AAPL,297.48,1.0,297.51,1.0,-1.0,0.0,2020-01-02 10:30:55.300248,297.5,297.52,0
2020-01-02 10:31:00,Z,AAPL,297.5,1.0,297.52,5.0,-2.0,0.0,2020-01-02 10:31:00.014179,297.42,297.45,-1
2020-01-02 10:31:05,Z,AAPL,297.42,4.0,297.45,11.0,2.0,0.0,2020-01-02 10:31:05.171719,297.44,297.45,0
2020-01-02 10:31:10,Z,AAPL,297.44,2.0,297.45,8.0,0.0,0.0,2020-01-02 10:31:10.055652,297.34,297.38,-1
2020-01-02 10:31:15,Z,AAPL,297.34,2.0,297.38,3.0,-5.0,1.0,2020-01-02 10:31:15.500796,297.32,297.35,0
2020-01-02 10:31:20,Q,AAPL,297.32,3.0,297.35,1.0,0.0,0.0,2020-01-02 10:31:20.008787,297.33,297.35,0
2020-01-02 10:31:25,P,AAPL,297.33,18.0,297.35,1.0,-10.0,0.0,2020-01-02 10:31:25.635211,297.33,297.36,0
2020-01-02 10:31:30,N,AAPL,297.33,9.0,297.36,1.0,0.0,0.0,2020-01-02 10:31:30.064900,297.37,297.4,1
2020-01-02 10:31:35,Z,AAPL,297.37,5.0,297.4,1.0,0.0,0.0,2020-01-02 10:31:35.049582,297.37,297.4,0
2020-01-02 10:31:40,P,AAPL,297.37,2.0,297.4,3.0,0.0,0.0,2020-01-02 10:31:40.021664,297.34,297.38,0
2020-01-02 10:31:45,Z,AAPL,297.34,3.0,297.38,2.0,1.0,-1.0,2020-01-02 10:31:45.339134,297.35,297.38,0
2020-01-02 10:31:50,N,AAPL,297.35,2.0,297.38,1.0,0.0,-1.0,2020-01-02 10:31:50.008053,297.37,297.42,0
2020-01-02 10:31:55,N,AAPL,297.37,2.0,297.42,5.0,0.0,3.0,2020-01-02 10:31:55.024240,297.3,297.32,-1
2020-01-02 10:32:00,Q,AAPL,297.3,4.0,297.32,2.0,0.0,1.0,2020-01-02 10:32:00.040081,297.3,297.32,0
2020-01-02 10:32:05,Z,AAPL,297.3,2.0,297.32,1.0,0.0,0.0,2020-01-02 10:32:05.549059,297.28,297.32,0
2020-01-02 10:32:10,Z,AAPL,297.28,5.0,297.32,1.0,3.0,-3.0,2020-01-02 10:32:10.058053,297.32,297.34,0
2020-01-02 10:32:15,Z,AAPL,297.32,2.0,297.34,1.0,-4.0,0.0,2020-01-02 10:32:15.173898,297.29,297.33,0
2020-01-02 10:32:20,P,AAPL,297.29,1.0,297.33,5.0,0.0,2.0,2020-01-02 10:32:20.045082,297.25,297.29,0
2020-01-02 10:32:25,Z,AAPL,297.25,3.0,297.29,1.0,1.0,0.0,2020-01-02 10:32:25.334918,297.33,297.34,1
2020-01-02 10:32:30,Z,AAPL,297.33,2.0,297.34,1.0,0.0,0.0,2020-01-02 10:32:30.041665,297.31,297.33,0
2020-01-02 10:32:35,Z,AAPL,297.31,1.0,297.33,1.0,-1.0,0.0,2020-01-02 10:32:35.017789,297.34,297.37,1
2020-01-02 10:32:40,Z,AAPL,297.34,2.0,297.37,4.0,0.0,2.0,2020-01-02 10:32:40.244607,297.41,297.43,1
2020-01-02 10:32:45,Z,AAPL,297.41,1.0,297.43,1.0,-2.0,0.0,2020-01-02 10:32:45.935346,297.42,297.44,0
2020-01-02 10:32:50,J,AAPL,297.42,7.0,297.44,1.0,0.0,-19.0,2020-01-02 10:32:50.272170,297.36,297.38,-1
2020-01-02 10:32:55,N,AAPL,297.36,1.0,297.38,1.0,-1.0,0.0,2020-01-02 10:32:55.170723,297.3,297.33,-1
2020-01-02 10:33:00,Z,AAPL,297.3,3.0,297.33,3.0,0.0,1.0,2020-01-02 10:33:00.021919,297.29,297.33,0
2020-01-02 10:33:05,Z,AAPL,297.29,4.0,297.33,4.0,0.0,0.0,2020-01-02 10:33:05.092268,297.23,297.26,-1
2020-01-02 10:33:10,C,AAPL,297.23,1.0,297.26,3.0,-2.0,-1.0,2020-01-02 10:33:10.476824,297.29,297.33,1
2020-01-02 10:33:15,Z,AAPL,297.29,2.0,297.33,4.0,0.0,3.0,2020-01-02 10:33:15.316100,297.39,297.42,1
2020-01-02 10:33:20,N,AAPL,297.39,2.0,297.42,1.0,-3.0,0.0,2020-01-02 10:33:20.033709,297.36,297.4,0
2020-01-02 10:33:25,Z,AAPL,297.36,3.0,297.4,2.0,-1.0,0.0,2020-01-02 10:33:25.073629,297.41,297.44,1
2020-01-02 10:33:30,Z,AAPL,297.41,5.0,297.44,1.0,3.0,0.0,2020-01-02 10:33:30.073347,297.43,297.44,0
2020-01-02 10:33:35,Z,AAPL,297.43,1.0,297.44,2.0,-4.0,-13.0,2020-01-02 10:33:35.596741,297.44,297.45,0
2020-01-02 10:33:40,Q,AAPL,297.44,1.0,297.45,2.0,0.0,0.0,2020-01-02 10:33:40.213625,297.48,297.5,1
2020-01-02 10:33:45,Q,AAPL,297.48,3.0,297.5,4.0,1.0,0.0,2020-01-02 10:33:45.333918,297.53,297.55,1
2020-01-02 10:33:50,Z,AAPL,297.53,3.0,297.55,21.0,1.0,0.0,2020-01-02 10:33:50.070664,297.55,297.58,0
2020-01-02 10:33:55,Z,AAPL,297.55,4.0,297.58,4.0,1.0,0.0,2020-01-02 10:33:55.114825,297.55,297.57,0
2020-01-02 10:34:00,K,AAPL,297.55,1.0,297.57,1.0,0.0,0.0,2020-01-02 10:34:00.915501,297.46,297.49,-1
2020-01-02 10:34:05,Z,AAPL,297.46,3.0,297.49,2.0,0.0,1.0,2020-01-02 10:34:05.060283,297.46,297.49,0
2020-01-02 10:34:10,Z,AAPL,297.46,3.0,297.49,1.0,1.0,0.0,2020-01-02 10:34:10.053125,297.4,297.43,-1
2020-01-02 10:34:15,Z,AAPL,297.4,1.0,297.43,2.0,-1.0,1.0,2020-01-02 10:34:15.011011,297.31,297.34,-1
2020-01-02 10:34:20,Q,AAPL,297.31,3.0,297.34,2.0,1.0,1.0,2020-01-02 10:34:20.001528,297.34,297.38,0
2020-01-02 10:34:25,Q,AAPL,297.34,3.0,297.38,3.0,1.0,0.0,2020-01-02 10:34:25.073205,297.36,297.39,0
2020-01-02 10:34:30,Q,AAPL,297.36,3.0,297.39,3.0,1.0,0.0,2020-01-02 10:34:30.431644,297.43,297.45,1
2020-01-02 10:34:35,Q,AAPL,297.43,1.0,297.45,7.0,-1.0,0.0,2020-01-02 10:34:35.186563,297.43,297.45,0
2020-01-02 10:34:40,Z,AAPL,297.43,5.0,297.45,4.0,0.0,3.0,2020-01-02 10:34:40.224341,297.42,297.44,0
2020-01-02 10:34:45,Q,AAPL,297.42,1.0,297.44,1.0,-2.0,-1.0,2020-01-02 10:34:45.126659,297.46,297.5,1
2020-01-02 10:34:50,N,AAPL,297.46,4.0,297.5,23.0,1.0,1.0,2020-01-02 10:34:50.248565,297.48,297.5,0
2020-01-02 10:34:55,Z,AAPL,297.48,1.0,297.5,2.0,0.0,-1.0,2020-01-02 10:34:55.045358,297.45,297.48,0
2020-01-02 10:35:00,Z,AAPL,297.45,2.0,297.48,2.0,0.0,1.0,2020-01-02 10:35:00.030471,297.46,297.5,0
2020-01-02 10:35:05,Q,AAPL,297.46,2.0,297.5,37.0,1.0,0.0,2020-01-02 10:35:05.043995,297.47,297.49,0
2020-01-02 10:35:10,Z,AAPL,297.47,2.0,297.49,2.0,-1.0,0.0,2020-01-02 10:35:10.665839,297.4,297.43,-1
2020-01-02 10:35:15,Q,AAPL,297.4,2.0,297.43,3.0,0.0,2.0,2020-01-02 10:35:15.697779,297.4,297.43,0
2020-01-02 10:35:20,Z,AAPL,297.4,2.0,297.43,1.0,-1.0,0.0,2020-01-02 10:35:20.029138,297.42,297.45,0
2020-01-02 10:35:25,N,AAPL,297.42,3.0,297.45,3.0,1.0,0.0,2020-01-02 10:35:25.156111,297.38,297.42,0
2020-01-02 10:35:30,Z,AAPL,297.38,2.0,297.42,1.0,1.0,0.0,2020-01-02 10:35:30.343074,297.37,297.39,0
2020-01-02 10:35:35,P,AAPL,297.37,1.0,297.39,1.0,-1.0,-1.0,2020-01-02 10:35:36.122578,297.39,297.41,0
2020-01-02 10:35:40,P,AAPL,297.39,1.0,297.41,1.0,0.0,-1.0,2020-01-02 10:35:40.011255,297.36,297.38,-1
2020-01-02 10:35:45,Z,AAPL,297.36,3.0,297.38,1.0,0.0,-1.0,2020-01-02 10:35:45.238848,297.38,297.4,0
2020-01-02 10:35:50,Z,AAPL,297.38,1.0,297.4,1.0,0.0,-1.0,2020-01-02 10:35:50.010396,297.35,297.37,-1
2020-01-02 10:35:55,Z,AAPL,297.35,2.0,297.37,5.0,0.0,1.0,2020-01-02 10:35:55.389220,297.36,297.37,0
2020-01-02 10:36:00,Q,AAPL,297.36,1.0,297.37,1.0,-1.0,0.0,2020-01-02 10:36:00.026356,297.36,297.38,0
2020-01-02 10:36:05,Q,AAPL,297.36,3.0,297.38,1.0,-1.0,0.0,2020-01-02 10:36:05.950104,297.41,297.44,1
2020-01-02 10:36:10,P,AAPL,297.41,3.0,297.44,3.0,2.0,0.0,2020-01-02 10:36:10.402205,297.47,297.49,1
2020-01-02 10:36:15,Z,AAPL,297.47,1.0,297.49,1.0,-2.0,0.0,2020-01-02 10:36:15.071498,297.52,297.54,1
2020-01-02 10:36:20,P,AAPL,297.52,4.0,297.54,3.0,1.0,0.0,2020-01-02 10:36:20.266115,297.54,297.57,0
2020-01-02 10:36:25,Z,AAPL,297.54,1.0,297.57,2.0,0.0,-1.0,2020-01-02 10:36:25.266634,297.42,297.45,-1
2020-01-02 10:36:30,Q,AAPL,297.42,2.0,297.45,4.0,1.0,0.0,2020-01-02 10:36:30.003472,297.48,297.5,1
2020-01-02 10:36:35,K,AAPL,297.48,1.0,297.5,1.0,0.0,0.0,2020-01-02 10:36:35.044512,297.47,297.48,0
2020-01-02 10:36:40,Q,AAPL,297.47,1.0,297.48,2.0,0.0,1.0,2020-01-02 10:36:40.097750,297.46,297.48,0
2020-01-02 10:36:45,Q,AAPL,297.46,1.0,297.48,2.0,-2.0,0.0,2020-01-02 10:36:45.202230,297.53,297.56,1
2020-01-02 10:36:50,Z,AAPL,297.53,3.0,297.56,1.0,-1.0,0.0,2020-01-02 10:36:50.144357,297.53,297.55,0
2020-01-02 10:36:55,Q,AAPL,297.53,2.0,297.55,10.0,0.0,9.0,2020-01-02 10:36:55.446482,297.52,297.55,0
2020-01-02 10:37:00,Z,AAPL,297.52,4.0,297.55,10.0,1.0,0.0,2020-01-02 10:37:00.091190,297.56,297.58,1
2020-01-02 10:37:05,K,AAPL,297.56,1.0,297.58,10.0,-1.0,0.0,2020-01-02 10:37:05.097449,297.51,297.54,-1
2020-01-02 10:37:10,Z,AAPL,297.51,1.0,297.54,2.0,0.0,-1.0,2020-01-02 10:37:10.061830,297.52,297.55,0
2020-01-02 10:37:15,P,AAPL,297.52,2.0,297.55,1.0,1.0,0.0,2020-01-02 10:37:15.073353,297.56,297.58,1
2020-01-02 10:37:20,Q,AAPL,297.56,1.0,297.58,2.0,0.0,0.0,2020-01-02 10:37:20.086798,297.56,297.58,0
2020-01-02 10:37:25,Q,AAPL,297.56,4.0,297.58,2.0,0.0,0.0,2020-01-02 10:37:25.367533,297.53,297.55,-1
2020-01-02 10:37:30,Z,AAPL,297.53,3.0,297.55,1.0,1.0,-1.0,2020-01-02 10:37:30.886638,297.48,297.51,-1
2020-01-02 10:37:35,Z,AAPL,297.48,1.0,297.51,2.0,0.0,-1.0,2020-01-02 10:37:35.066358,297.44,297.47,-1
2020-01-02 10:37:40,P,AAPL,297.44,1.0,297.47,1.0,0.0,-1.0,2020-01-02 10:37:40.092607,297.49,297.52,1
2020-01-02 10:37:45,Q,AAPL,297.49,2.0,297.52,2.0,1.0,0.0,2020-01-02 10:37:45.373984,297.41,297.45,-1
2020-01-02 10:37:50,P,AAPL,297.41,3.0,297.45,5.0,0.0,0.0,2020-01-02 10:37:50.041227,297.38,297.41,0
2020-01-02 10:37:55,N,AAPL,297.38,4.0,297.41,4.0,1.0,1.0,2020-01-02 10:37:55.017995,297.44,297.46,1
2020-01-02 10:38:00,Z,AAPL,297.44,3.0,297.46,2.0,-1.0,1.0,2020-01-02 10:38:00.183917,297.42,297.45,0
2020-01-02 10:38:05,Z,AAPL,297.42,1.0,297.45,3.0,0.0,1.0,2020-01-02 10:38:05.541730,297.45,297.49,0
2020-01-02 10:38:10,Q,AAPL,297.45,4.0,297.49,2.0,1.0,0.0,2020-01-02 10:38:10.074817,297.45,297.48,0
2020-01-02 10:38:15,Z,AAPL,297.45,3.0,297.48,3.0,0.0,1.0,2020-01-02 10:38:15.058229,297.38,297.4,-1
2020-01-02 10:38:20,P,AAPL,297.38,5.0,297.4,2.0,-1.0,0.0,2020-01-02 10:38:20.144886,297.37,297.39,0
2020-01-02 10:38:25,Z,AAPL,297.37,1.0,297.39,1.0,0.0,0.0,2020-01-02 10:38:25.312454,297.35,297.38,0
2020-01-02 10:38:30,Z,AAPL,297.35,3.0,297.38,4.0,0.0,1.0,2020-01-02 10:38:30.111001,297.31,297.35,0
2020-01-02 10:38:35,N,AAPL,297.31,3.0,297.35,6.0,0.0,0.0,2020-01-02 10:38:35.004103,297.21,297.24,-1
2020-01-02 10:38:40,Z,AAPL,297.21,1.0,297.24,3.0,0.0,-1.0,2020-01-02 10:38:40.747717,297.15,297.17,-1
2020-01-02 10:38:45,Q,AAPL,297.15,1.0,297.17,12.0,0.0,0.0,2020-01-02 10:38:45.008099,297.17,297.19,0
2020-01-02 10:38:50,Z,AAPL,297.17,2.0,297.19,1.0,-1.0,0.0,2020-01-02 10:38:50.010409,297.17,297.21,0
2020-01-02 10:38:55,P,AAPL,297.17,2.0,297.21,4.0,0.0,2.0,2020-01-02 10:38:55.014813,297.24,297.25,1
2020-01-02 10:39:00,Q,AAPL,297.24,1.0,297.25,2.0,-1.0,0.0,2020-01-02 10:39:00.019367,297.28,297.3,1
2020-01-02 10:39:05,Q,AAPL,297.28,1.0,297.3,1.0,0.0,-1.0,2020-01-02 10:39:05.457308,297.3,297.31,0
2020-01-02 10:39:10,B,AAPL,297.3,2.0,297.31,1.0,0.0,0.0,2020-01-02 10:39:10.561894,297.17,297.2,-1
2020-01-02 10:39:15,Z,AAPL,297.17,1.0,297.2,6.0,0.0,0.0,2020-01-02 10:39:15.012068,297.19,297.22,0
2020-01-02 10:39:20,P,AAPL,297.19,3.0,297.22,1.0,0.0,0.0,2020-01-02 10:39:20.429846,297.23,297.25,1
2020-01-02 10:39:25,Z,AAPL,297.23,2.0,297.25,3.0,0.0,1.0,2020-01-02 10:39:25.657445,297.24,297.26,0
2020-01-02 10:39:30,Q,AAPL,297.24,4.0,297.26,1.0,1.0,0.0,2020-01-02 10:39:30.080784,297.29,297.32,1
2020-01-02 10:39:35,Z,AAPL,297.29,1.0,297.32,1.0,-2.0,0.0,2020-01-02 10:39:35.002442,297.31,297.33,0
2020-01-02 10:39:40,Y,AAPL,297.31,1.0,297.33,1.0,-1.0,0.0,2020-01-02 10:39:40.032032,297.33,297.36,0
2020-01-02 10:39:45,Z,AAPL,297.33,2.0,297.36,2.0,0.0,1.0,2020-01-02 10:39:45.031552,297.31,297.33,0
2020-01-02 10:39:50,Z,AAPL,297.31,2.0,297.33,4.0,0.0,1.0,2020-01-02 10:39:50.289010,297.25,297.27,-1
2020-01-02 10:39:55,Z,AAPL,297.25,2.0,297.27,1.0,0.0,-1.0,2020-01-02 10:39:55.040269,297.28,297.31,1
2020-01-02 10:40:00,Z,AAPL,297.28,2.0,297.31,2.0,0.0,0.0,2020-01-02 10:40:00.010856,297.2,297.23,-1
2020-01-02 10:40:05,Z,AAPL,297.2,1.0,297.23,5.0,0.0,0.0,2020-01-02 10:40:05.020494,297.19,297.21,0
2020-01-02 10:40:10,Z,AAPL,297.19,5.0,297.21,3.0,4.0,0.0,2020-01-02 10:40:10.040578,297.2,297.22,0
2020-01-02 10:40:15,Z,AAPL,297.2,1.0,297.22,1.0,-1.0,0.0,2020-01-02 10:40:15.513600,297.19,297.22,0
2020-01-02 10:40:20,N,AAPL,297.19,3.0,297.22,2.0,0.0,1.0,2020-01-02 10:40:20.136503,297.24,297.26,1
2020-01-02 10:40:25,Z,AAPL,297.24,1.0,297.26,1.0,-1.0,0.0,2020-01-02 10:40:25.136474,297.21,297.24,0
2020-01-02 10:40:30,Z,AAPL,297.21,2.0,297.24,5.0,0.0,3.0,2020-01-02 10:40:30.165288,297.22,297.24,0
2020-01-02 10:40:35,N,AAPL,297.22,1.0,297.24,1.0,-2.0,0.0,2020-01-02 10:40:35.132825,297.24,297.27,0
2020-01-02 10:40:40,N,AAPL,297.24,1.0,297.27,2.0,0.0,1.0,2020-01-02 10:40:40.112132,297.21,297.23,-1
2020-01-02 10:40:45,N,AAPL,297.21,3.0,297.23,1.0,0.0,-4.0,2020-01-02 10:40:45.466701,297.23,297.26,0
2020-01-02 10:40:50,P,AAPL,297.23,5.0,297.26,2.0,0.0,1.0,2020-01-02 10:40:50.603499,297.22,297.24,0
2020-01-02 10:40:55,N,AAPL,297.22,3.0,297.24,1.0,0.0,-1.0,2020-01-02 10:40:55.207449,297.24,297.26,0
2020-01-02 10:41:00,Z,AAPL,297.24,3.0,297.26,2.0,1.0,0.0,2020-01-02 10:41:00.270157,297.28,297.3,1
2020-01-02 10:41:05,Z,AAPL,297.28,3.0,297.3,7.0,1.0,0.0,2020-01-02 10:41:05.415651,297.17,297.21,-1
2020-01-02 10:41:10,N,AAPL,297.17,3.0,297.21,3.0,-1.0,2.0,2020-01-02 10:41:10.000624,297.23,297.25,1
2020-01-02 10:41:15,Q,AAPL,297.23,1.0,297.25,2.0,0.0,0.0,2020-01-02 10:41:15.134291,297.23,297.25,0
2020-01-02 10:41:20,Q,AAPL,297.23,1.0,297.25,2.0,-1.0,0.0,2020-01-02 10:41:20.044674,297.3,297.33,1
2020-01-02 10:41:25,Z,AAPL,297.3,1.0,297.33,3.0,0.0,2.0,2020-01-02 10:41:25.273567,297.27,297.29,-1
2020-01-02 10:41:30,Q,AAPL,297.27,3.0,297.29,1.0,1.0,0.0,2020-01-02 10:41:30.093710,297.25,297.28,0
2020-01-02 10:41:35,Q,AAPL,297.25,4.0,297.28,2.0,1.0,0.0,2020-01-02 10:41:36.203646,297.29,297.31,1
2020-01-02 10:41:40,Z,AAPL,297.29,1.0,297.31,2.0,0.0,0.0,2020-01-02 10:41:40.036054,297.3,297.33,0
2020-01-02 10:41:45,Z,AAPL,297.3,2.0,297.33,3.0,0.0,0.0,2020-01-02 10:41:45.284881,297.28,297.29,-1
2020-01-02 10:41:50,Z,AAPL,297.28,2.0,297.29,1.0,0.0,-1.0,2020-01-02 10:41:50.028310,297.32,297.34,1
2020-01-02 10:41:55,Z,AAPL,297.32,2.0,297.34,2.0,0.0,1.0,2020-01-02 10:41:55.026833,297.38,297.39,1
2020-01-02 10:42:00,Z,AAPL,297.38,1.0,297.39,1.0,0.0,-1.0,2020-01-02 10:42:00.234098,297.41,297.44,1
2020-01-02 10:42:05,Q,AAPL,297.41,5.0,297.44,2.0,4.0,0.0,2020-01-02 10:42:05.053926,297.46,297.48,1
2020-01-02 10:42:10,P,AAPL,297.46,5.0,297.48,2.0,1.0,0.0,2020-01-02 10:42:10.139828,297.47,297.49,0
2020-01-02 10:42:15,Q,AAPL,297.47,3.0,297.49,5.0,0.0,0.0,2020-01-02 10:42:15.286212,297.47,297.49,0
2020-01-02 10:42:20,Q,AAPL,297.47,5.0,297.49,1.0,0.0,-1.0,2020-01-02 10:42:20.605769,297.49,297.5,0
2020-01-02 10:42:25,Z,AAPL,297.49,2.0,297.5,4.0,0.0,0.0,2020-01-02 10:42:25.589466,297.44,297.47,-1
2020-01-02 10:42:30,Q,AAPL,297.44,38.0,297.47,1.0,0.0,0.0,2020-01-02 10:42:30.610735,297.46,297.48,0
2020-01-02 10:42:35,P,AAPL,297.46,3.0,297.48,1.0,0.0,-4.0,2020-01-02 10:42:35.114124,297.56,297.59,1
2020-01-02 10:42:40,N,AAPL,297.56,4.0,297.59,1.0,0.0,-2.0,2020-01-02 10:42:40.045608,297.59,297.62,0
2020-01-02 10:42:45,Z,AAPL,297.59,2.0,297.62,18.0,-1.0,16.0,2020-01-02 10:42:45.077330,297.62,297.64,0
2020-01-02 10:42:50,P,AAPL,297.62,1.0,297.64,1.0,0.0,0.0,2020-01-02 10:42:50.029136,297.67,297.69,1
2020-01-02 10:42:55,Z,AAPL,297.67,2.0,297.69,1.0,-1.0,0.0,2020-01-02 10:42:55.076386,297.71,297.72,1
2020-01-02 10:43:00,Q,AAPL,297.71,2.0,297.72,1.0,0.0,0.0,2020-01-02 10:43:01.113971,297.73,297.74,1
2020-01-02 10:43:05,K,AAPL,297.73,1.0,297.74,1.0,0.0,-7.0,2020-01-02 10:43:05.844538,297.69,297.71,-1
2020-01-02 10:43:10,P,AAPL,297.69,1.0,297.71,5.0,-3.0,0.0,2020-01-02 10:43:10.011815,297.65,297.66,-1
2020-01-02 10:43:15,Z,AAPL,297.65,1.0,297.66,2.0,-1.0,-2.0,2020-01-02 10:43:15.284229,297.58,297.6,-1
2020-01-02 10:43:20,N,AAPL,297.58,2.0,297.6,3.0,1.0,0.0,2020-01-02 10:43:20.192398,297.61,297.64,1
2020-01-02 10:43:25,Q,AAPL,297.61,2.0,297.64,2.0,0.0,1.0,2020-01-02 10:43:25.012631,297.64,297.68,0
2020-01-02 10:43:30,Q,AAPL,297.64,3.0,297.68,2.0,-1.0,1.0,2020-01-02 10:43:30.097035,297.57,297.58,-1
2020-01-02 10:43:35,Q,AAPL,297.57,2.0,297.58,3.0,-1.0,0.0,2020-01-02 10:43:35.282236,297.55,297.57,0
2020-01-02 10:43:40,Q,AAPL,297.55,3.0,297.57,1.0,1.0,0.0,2020-01-02 10:43:40.044684,297.57,297.58,0
2020-01-02 10:43:45,Q,AAPL,297.57,2.0,297.58,17.0,0.0,0.0,2020-01-02 10:43:45.810530,297.55,297.59,0
2020-01-02 10:43:50,P,AAPL,297.55,3.0,297.59,2.0,0.0,1.0,2020-01-02 10:43:50.561148,297.61,297.64,1
2020-01-02 10:43:55,Z,AAPL,297.61,2.0,297.64,2.0,0.0,1.0,2020-01-02 10:43:55.084546,297.59,297.61,0
2020-01-02 10:44:00,Q,AAPL,297.59,2.0,297.61,1.0,0.0,-4.0,2020-01-02 10:44:00.244919,297.58,297.61,0
2020-01-02 10:44:05,Z,AAPL,297.58,2.0,297.61,2.0,0.0,-1.0,2020-01-02 10:44:05.029743,297.62,297.66,1
2020-01-02 10:44:10,Z,AAPL,297.62,3.0,297.66,2.0,1.0,0.0,2020-01-02 10:44:10.185975,297.62,297.64,0
2020-01-02 10:44:15,Q,AAPL,297.62,2.0,297.64,2.0,0.0,1.0,2020-01-02 10:44:15.003227,297.6,297.63,0
2020-01-02 10:44:20,P,AAPL,297.6,50.0,297.63,2.0,49.0,0.0,2020-01-02 10:44:20.144780,297.61,297.64,0
2020-01-02 10:44:25,Z,AAPL,297.61,2.0,297.64,2.0,0.0,0.0,2020-01-02 10:44:25.047488,297.52,297.55,-1
2020-01-02 10:44:30,N,AAPL,297.52,1.0,297.55,2.0,-2.0,0.0,2020-01-02 10:44:30.166436,297.58,297.61,1
2020-01-02 10:44:35,Z,AAPL,297.58,2.0,297.61,1.0,0.0,-1.0,2020-01-02 10:44:35.098975,297.64,297.66,1
2020-01-02 10:44:40,Q,AAPL,297.64,2.0,297.66,9.0,0.0,1.0,2020-01-02 10:44:40.262335,297.62,297.63,-1
2020-01-02 10:44:45,N,AAPL,297.62,2.0,297.63,1.0,1.0,0.0,2020-01-02 10:44:46.053744,297.61,297.62,0
2020-01-02 10:44:50,Q,AAPL,297.61,1.0,297.62,1.0,0.0,-4.0,2020-01-02 10:44:50.317081,297.57,297.59,-1
2020-01-02 10:44:55,Q,AAPL,297.57,1.0,297.59,6.0,-1.0,3.0,2020-01-02 10:44:55.015361,297.53,297.55,-1
2020-01-02 10:45:00,Z,AAPL,297.53,1.0,297.55,2.0,0.0,-1.0,2020-01-02 10:45:00.019084,297.56,297.57,1
2020-01-02 10:45:05,Q,AAPL,297.56,1.0,297.57,1.0,-2.0,0.0,2020-01-02 10:45:05.786084,297.6,297.61,1
2020-01-02 10:45:10,Q,AAPL,297.6,3.0,297.61,1.0,0.0,0.0,2020-01-02 10:45:10.053587,297.63,297.65,1
2020-01-02 10:45:15,P,AAPL,297.63,3.0,297.65,2.0,2.0,1.0,2020-01-02 10:45:15.687978,297.66,297.68,1
2020-01-02 10:45:20,Q,AAPL,297.66,1.0,297.68,1.0,-5.0,0.0,2020-01-02 10:45:20.221015,297.71,297.74,1
2020-01-02 10:45:25,Z,AAPL,297.71,5.0,297.74,1.0,0.0,-1.0,2020-01-02 10:45:25.044982,297.71,297.72,0
2020-01-02 10:45:30,Z,AAPL,297.71,2.0,297.72,1.0,0.0,-3.0,2020-01-02 10:45:30.592654,297.71,297.73,0
2020-01-02 10:45:35,Z,AAPL,297.71,2.0,297.73,8.0,0.0,1.0,2020-01-02 10:45:35.097032,297.71,297.73,0
2020-01-02 10:45:40,P,AAPL,297.71,4.0,297.73,3.0,0.0,1.0,2020-01-02 10:45:40.039205,297.67,297.7,-1
2020-01-02 10:45:45,Q,AAPL,297.67,2.0,297.7,1.0,0.0,-1.0,2020-01-02 10:45:45.134887,297.64,297.66,-1
2020-01-02 10:45:50,Z,AAPL,297.64,3.0,297.66,1.0,0.0,0.0,2020-01-02 10:45:50.086212,297.65,297.67,0
2020-01-02 10:45:55,Z,AAPL,297.65,2.0,297.67,2.0,1.0,0.0,2020-01-02 10:45:55.073782,297.69,297.71,1
2020-01-02 10:46:00,Q,AAPL,297.69,3.0,297.71,1.0,1.0,0.0,2020-01-02 10:46:00.117772,297.69,297.72,0
2020-01-02 10:46:05,Z,AAPL,297.69,5.0,297.72,2.0,0.0,0.0,2020-01-02 10:46:05.333044,297.72,297.74,0
2020-01-02 10:46:10,Z,AAPL,297.72,4.0,297.74,3.0,0.0,0.0,2020-01-02 10:46:10.783551,297.62,297.65,-1
2020-01-02 10:46:15,Z,AAPL,297.62,4.0,297.65,3.0,0.0,1.0,2020-01-02 10:46:15.014944,297.6,297.63,0
2020-01-02 10:46:20,Z,AAPL,297.6,3.0,297.63,2.0,0.0,1.0,2020-01-02 10:46:20.072052,297.6,297.63,0
2020-01-02 10:46:25,Z,AAPL,297.6,7.0,297.63,3.0,0.0,-1.0,2020-01-02 10:46:25.624587,297.64,297.68,1
2020-01-02 10:46:30,Z,AAPL,297.64,4.0,297.68,1.0,0.0,0.0,2020-01-02 10:46:30.059238,297.71,297.72,1
2020-01-02 10:46:35,Q,AAPL,297.71,1.0,297.72,1.0,0.0,-1.0,2020-01-02 10:46:35.120747,297.7,297.72,0
2020-01-02 10:46:40,Q,AAPL,297.7,3.0,297.72,1.0,0.0,0.0,2020-01-02 10:46:40.120465,297.72,297.73,0
2020-01-02 10:46:45,Q,AAPL,297.72,3.0,297.73,2.0,1.0,0.0,2020-01-02 10:46:45.506587,297.72,297.73,0
2020-01-02 10:46:50,Q,AAPL,297.72,2.0,297.73,2.0,-3.0,1.0,2020-01-02 10:46:50.253400,297.7,297.73,0
2020-01-02 10:46:55,K,AAPL,297.7,2.0,297.73,1.0,1.0,0.0,2020-01-02 10:46:55.091680,297.71,297.72,0
2020-01-02 10:47:00,Q,AAPL,297.71,2.0,297.72,1.0,-1.0,0.0,2020-01-02 10:47:00.031556,297.71,297.73,0
2020-01-02 10:47:05,Z,AAPL,297.71,3.0,297.73,1.0,1.0,-5.0,2020-01-02 10:47:05.071125,297.68,297.71,0
2020-01-02 10:47:10,Z,AAPL,297.68,1.0,297.71,2.0,0.0,0.0,2020-01-02 10:47:10.517946,297.7,297.72,0
2020-01-02 10:47:15,Q,AAPL,297.7,6.0,297.72,1.0,0.0,-1.0,2020-01-02 10:47:15.178986,297.7,297.72,0
2020-01-02 10:47:20,X,AAPL,297.7,2.0,297.72,1.0,0.0,0.0,2020-01-02 10:47:20.139405,297.72,297.74,0
2020-01-02 10:47:25,X,AAPL,297.72,2.0,297.74,3.0,1.0,0.0,2020-01-02 10:47:25.145221,297.71,297.75,0
2020-01-02 10:47:30,Z,AAPL,297.71,2.0,297.75,5.0,0.0,4.0,2020-01-02 10:47:30.035502,297.71,297.74,0
2020-01-02 10:47:35,Z,AAPL,297.71,2.0,297.74,1.0,1.0,0.0,2020-01-02 10:47:35.607962,297.72,297.76,0
2020-01-02 10:47:40,N,AAPL,297.72,2.0,297.76,5.0,1.0,0.0,2020-01-02 10:47:40.408971,297.72,297.74,0
2020-01-02 10:47:45,K,AAPL,297.72,1.0,297.74,3.0,0.0,0.0,2020-01-02 10:47:45.086942,297.76,297.78,1
2020-01-02 10:47:50,Z,AAPL,297.76,2.0,297.78,2.0,0.0,-3.0,2020-01-02 10:47:50.196353,297.67,297.7,-1
2020-01-02 10:47:55,Q,AAPL,297.67,2.0,297.7,2.0,0.0,-3.0,2020-01-02 10:47:55.140184,297.7,297.72,0
2020-01-02 10:48:00,Q,AAPL,297.7,2.0,297.72,2.0,0.0,1.0,2020-01-02 10:48:00.192482,297.73,297.75,1
2020-01-02 10:48:05,P,AAPL,297.73,1.0,297.75,1.0,0.0,-1.0,2020-01-02 10:48:05.542616,297.65,297.66,-1
2020-01-02 10:48:10,K,AAPL,297.65,1.0,297.66,1.0,-1.0,0.0,2020-01-02 10:48:10.128213,297.61,297.64,-1
2020-01-02 10:48:15,Z,AAPL,297.61,3.0,297.64,2.0,0.0,0.0,2020-01-02 10:48:15.118686,297.55,297.57,-1
2020-01-02 10:48:20,Z,AAPL,297.55,3.0,297.57,2.0,0.0,1.0,2020-01-02 10:48:20.019956,297.56,297.59,0
2020-01-02 10:48:25,Z,AAPL,297.56,1.0,297.59,4.0,0.0,-1.0,2020-01-02 10:48:25.011275,297.52,297.54,-1
2020-01-02 10:48:30,Z,AAPL,297.52,3.0,297.54,2.0,0.0,1.0,2020-01-02 10:48:30.028600,297.5,297.52,0
2020-01-02 10:48:35,Z,AAPL,297.5,6.0,297.52,3.0,0.0,-1.0,2020-01-02 10:48:35.027848,297.47,297.49,-1
2020-01-02 10:48:40,Z,AAPL,297.47,2.0,297.49,2.0,0.0,0.0,2020-01-02 10:48:40.129349,297.4,297.41,-1
2020-01-02 10:48:45,P,AAPL,297.4,2.0,297.41,1.0,0.0,-2.0,2020-01-02 10:48:45.030930,297.48,297.51,1
2020-01-02 10:48:50,N,AAPL,297.48,3.0,297.51,1.0,1.0,0.0,2020-01-02 10:48:50.188604,297.5,297.52,0
2020-01-02 10:48:55,Z,AAPL,297.5,2.0,297.52,1.0,0.0,-1.0,2020-01-02 10:48:55.138794,297.53,297.56,1
2020-01-02 10:49:00,Z,AAPL,297.53,2.0,297.56,3.0,1.0,2.0,2020-01-02 10:49:00.075215,297.58,297.6,1
2020-01-02 10:49:05,Q,AAPL,297.58,1.0,297.6,1.0,0.0,0.0,2020-01-02 10:49:05.051269,297.58,297.61,0
2020-01-02 10:49:10,Q,AAPL,297.58,3.0,297.61,5.0,0.0,0.0,2020-01-02 10:49:10.017089,297.64,297.67,1
2020-01-02 10:49:15,Z,AAPL,297.64,3.0,297.67,2.0,2.0,1.0,2020-01-02 10:49:15.443089,297.71,297.75,1
2020-01-02 10:49:20,Z,AAPL,297.71,2.0,297.75,6.0,1.0,0.0,2020-01-02 10:49:20.229793,297.66,297.68,-1
2020-01-02 10:49:25,Z,AAPL,297.66,6.0,297.68,1.0,-2.0,0.0,2020-01-02 10:49:25.043842,297.68,297.7,0
2020-01-02 10:49:30,Q,AAPL,297.68,2.0,297.7,1.0,1.0,0.0,2020-01-02 10:49:30.147038,297.7,297.71,0
2020-01-02 10:49:35,P,AAPL,297.7,3.0,297.71,7.0,1.0,0.0,2020-01-02 10:49:35.780604,297.71,297.73,0
2020-01-02 10:49:40,Z,AAPL,297.71,1.0,297.73,7.0,0.0,5.0,2020-01-02 10:49:40.234708,297.74,297.77,1
2020-01-02 10:49:45,Z,AAPL,297.74,3.0,297.77,1.0,0.0,0.0,2020-01-02 10:49:45.039994,297.82,297.83,1
2020-01-02 10:49:50,Z,AAPL,297.82,1.0,297.83,2.0,-4.0,-2.0,2020-01-02 10:49:50.110192,297.87,297.89,1
2020-01-02 10:49:55,Z,AAPL,297.87,2.0,297.89,2.0,-5.0,0.0,2020-01-02 10:49:55.211681,297.89,297.9,0
2020-01-02 10:50:00,Z,AAPL,297.89,2.0,297.9,4.0,1.0,0.0,2020-01-02 10:50:00.011664,297.87,297.89,0
2020-01-02 10:50:05,Y,AAPL,297.87,4.0,297.89,1.0,2.0,-1.0,2020-01-02 10:50:05.198603,297.91,297.94,1
2020-01-02 10:50:10,Z,AAPL,297.91,10.0,297.94,2.0,9.0,0.0,2020-01-02 10:50:10.072100,297.95,297.96,1
2020-01-02 10:50:15,Z,AAPL,297.95,1.0,297.96,2.0,0.0,0.0,2020-01-02 10:50:15.458935,297.95,297.96,0
2020-01-02 10:50:20,Z,AAPL,297.95,6.0,297.96,2.0,4.0,-2.0,2020-01-02 10:50:20.533812,297.92,297.94,-1
2020-01-02 10:50:25,P,AAPL,297.92,1.0,297.94,1.0,0.0,0.0,2020-01-02 10:50:25.327289,297.88,297.9,-1
2020-01-02 10:50:30,P,AAPL,297.88,2.0,297.9,2.0,0.0,1.0,2020-01-02 10:50:30.954875,297.93,297.94,1
2020-01-02 10:50:35,Z,AAPL,297.93,2.0,297.94,3.0,-1.0,0.0,2020-01-02 10:50:37.126121,297.95,297.98,1
2020-01-02 10:50:40,N,AAPL,297.95,3.0,297.98,48.0,0.0,0.0,2020-01-02 10:50:40.057226,297.93,297.95,0
2020-01-02 10:50:45,Q,AAPL,297.93,2.0,297.95,1.0,1.0,0.0,2020-01-02 10:50:45.070244,297.94,297.96,0
2020-01-02 10:50:50,Z,AAPL,297.94,3.0,297.96,2.0,-1.0,1.0,2020-01-02 10:50:50.159719,297.98,297.99,1
2020-01-02 10:50:55,Z,AAPL,297.98,5.0,297.99,2.0,0.0,-1.0,2020-01-02 10:50:55.074842,297.94,297.97,-1
2020-01-02 10:51:00,N,AAPL,297.94,2.0,297.97,1.0,0.0,-1.0,2020-01-02 10:51:00.015582,297.89,297.92,-1
2020-01-02 10:51:05,N,AAPL,297.89,4.0,297.92,3.0,0.0,1.0,2020-01-02 10:51:05.134385,297.88,297.91,0
2020-01-02 10:51:10,Z,AAPL,297.88,1.0,297.91,3.0,0.0,0.0,2020-01-02 10:51:10.122356,297.82,297.84,-1
2020-01-02 10:51:15,Z,AAPL,297.82,10.0,297.84,2.0,0.0,0.0,2020-01-02 10:51:15.956366,297.78,297.79,-1
2020-01-02 10:51:20,Z,AAPL,297.78,1.0,297.79,1.0,0.0,-1.0,2020-01-02 10:51:20.708486,297.9,297.93,1
2020-01-02 10:51:25,N,AAPL,297.9,1.0,297.93,1.0,0.0,0.0,2020-01-02 10:51:25.385847,297.87,297.9,0
2020-01-02 10:51:30,Q,AAPL,297.87,1.0,297.9,2.0,-1.0,0.0,2020-01-02 10:51:30.223511,297.86,297.89,0
2020-01-02 10:51:35,N,AAPL,297.86,3.0,297.89,5.0,1.0,0.0,2020-01-02 10:51:36.098552,297.92,297.94,1
2020-01-02 10:51:40,N,AAPL,297.92,4.0,297.94,2.0,3.0,0.0,2020-01-02 10:51:40.001578,297.91,297.94,0
2020-01-02 10:51:45,N,AAPL,297.91,4.0,297.94,3.0,2.0,-2.0,2020-01-02 10:51:45.042709,297.9,297.93,0
2020-01-02 10:51:50,Z,AAPL,297.9,4.0,297.93,2.0,0.0,0.0,2020-01-02 10:51:50.056771,297.9,297.91,0
2020-01-02 10:51:55,Q,AAPL,297.9,5.0,297.91,1.0,0.0,-1.0,2020-01-02 10:51:56.380506,297.76,297.8,-1
2020-01-02 10:52:00,Q,AAPL,297.76,3.0,297.8,3.0,1.0,0.0,2020-01-02 10:52:00.375168,297.82,297.86,1
2020-01-02 10:52:05,Z,AAPL,297.82,2.0,297.86,4.0,0.0,3.0,2020-01-02 10:52:05.208475,297.83,297.85,0
2020-01-02 10:52:10,N,AAPL,297.83,2.0,297.85,2.0,0.0,0.0,2020-01-02 10:52:11.299386,297.85,297.87,0
2020-01-02 10:52:15,N,AAPL,297.85,2.0,297.87,1.0,1.0,0.0,2020-01-02 10:52:15.045850,297.9,297.92,1
2020-01-02 10:52:20,Q,AAPL,297.9,3.0,297.92,1.0,0.0,0.0,2020-01-02 10:52:20.690267,297.93,297.95,1
2020-01-02 10:52:25,Z,AAPL,297.93,2.0,297.95,1.0,1.0,0.0,2020-01-02 10:52:25.844774,297.94,297.96,0
2020-01-02 10:52:30,Z,AAPL,297.94,2.0,297.96,1.0,-2.0,0.0,2020-01-02 10:52:30.814317,297.96,297.99,0
2020-01-02 10:52:35,Q,AAPL,297.96,3.0,297.99,2.0,2.0,0.0,2020-01-02 10:52:35.074480,297.94,297.96,0
2020-01-02 10:52:40,Z,AAPL,297.94,3.0,297.96,4.0,0.0,1.0,2020-01-02 10:52:41.264976,297.9,297.91,-1
2020-01-02 10:52:45,N,AAPL,297.9,3.0,297.91,1.0,0.0,0.0,2020-01-02 10:52:45.604603,297.9,297.93,0
