last_interval,Exchange,Symbol,Best_Bid_Price,FB0,Best_Offer_Price,FA0,FB2,FA2,p_time,Next_Best_Bid,Next_Best_Offer,outcome,date
2020-01-03 09:30:00,Q,AAPL,297.13,10.0,297.15,20.0,9.0,19.0,2020-01-03 09:30:00.000185,296.5,296.84,-1,2020-01-03
2020-01-03 09:30:05,Q,AAPL,296.5,61.0,296.84,1.0,-19.0,-2.0,2020-01-03 09:30:06.701374,296.6,296.82,0,2020-01-03
2020-01-03 09:30:10,Y,AAPL,296.6,5.0,296.82,11.0,0.0,1.0,2020-01-03 09:30:10.526907,296.9,297.0,1,2020-01-03
2020-01-03 09:30:15,Q,AAPL,296.9,2.0,297.0,42.0,0.0,-1.0,2020-01-03 09:30:15.068392,297.13,297.27,1,2020-01-03
2020-01-03 09:30:20,Q,AAPL,297.13,5.0,297.27,1.0,0.0,0.0,2020-01-03 09:30:20.101289,297.49,297.57,1,2020-01-03
2020-01-03 09:30:25,X,AAPL,297.49,1.0,297.57,1.0,0.0,0.0,2020-01-03 09:30:25.127065,297.6,297.66,1,2020-01-03
2020-01-03 09:30:30,Q,AAPL,297.6,8.0,297.66,3.0,7.0,1.0,2020-01-03 09:30:30.500694,297.6,297.63,0,2020-01-03
2020-01-03 09:30:35,P,AAPL,297.6,36.0,297.63,1.0,35.0,0.0,2020-01-03 09:30:35.337329,297.6,297.66,0,2020-01-03
2020-01-03 09:30:40,Q,AAPL,297.6,1.0,297.66,1.0,-1.0,-33.0,2020-01-03 09:30:40.018279,297.9,297.95,1,2020-01-03
2020-01-03 09:30:45,B,AAPL,297.9,3.0,297.95,1.0,2.0,0.0,2020-01-03 09:30:45.336945,297.85,297.94,0,2020-01-03
2020-01-03 09:30:50,Z,AAPL,297.85,1.0,297.94,4.0,0.0,0.0,2020-01-03 09:30:50.018740,297.82,297.94,0,2020-01-03
2020-01-03 09:30:55,Q,AAPL,297.82,4.0,297.94,4.0,1.0,0.0,2020-01-03 09:30:55.504154,298.03,298.1,1,2020-01-03
2020-01-03 09:31:00,P,AAPL,298.03,3.0,298.1,2.0,2.0,0.0,2020-01-03 09:31:00.048612,298.25,298.27,1,2020-01-03
2020-01-03 09:31:05,Q,AAPL,298.25,1.0,298.27,3.0,-4.0,0.0,2020-01-03 09:31:05.025539,298.22,298.32,0,2020-01-03
2020-01-03 09:31:10,P,AAPL,298.22,1.0,298.32,1.0,0.0,0.0,2020-01-03 09:31:10.025691,298.16,298.17,-1,2020-01-03
2020-01-03 09:31:15,P,AAPL,298.16,2.0,298.17,4.0,1.0,2.0,2020-01-03 09:31:15.062797,298.2,298.24,1,2020-01-03
2020-01-03 09:31:20,N,AAPL,298.2,1.0,298.24,1.0,-3.0,-2.0,2020-01-03 09:31:20.008072,298.14,298.27,0,2020-01-03
2020-01-03 09:31:25,Z,AAPL,298.14,2.0,298.27,1.0,0.0,-1.0,2020-01-03 09:31:25.029030,298.48,298.5,1,2020-01-03
2020-01-03 09:31:30,Q,AAPL,298.48,1.0,298.5,2.0,-1.0,0.0,2020-01-03 09:31:30.046970,298.38,298.41,-1,2020-01-03
2020-01-03 09:31:35,K,AAPL,298.38,1.0,298.41,1.0,-1.0,0.0,2020-01-03 09:31:35.006012,298.43,298.45,1,2020-01-03
2020-01-03 09:31:40,P,AAPL,298.43,2.0,298.45,6.0,1.0,0.0,2020-01-03 09:31:40.015347,298.35,298.37,-1,2020-01-03
2020-01-03 09:31:45,K,AAPL,298.35,2.0,298.37,2.0,1.0,-2.0,2020-01-03 09:31:45.179471,298.22,298.27,-1,2020-01-03
2020-01-03 09:31:50,Z,AAPL,298.22,2.0,298.27,2.0,0.0,1.0,2020-01-03 09:31:50.005861,298.3,298.36,1,2020-01-03
2020-01-03 09:31:55,Q,AAPL,298.3,2.0,298.36,2.0,0.0,1.0,2020-01-03 09:31:55.138975,298.61,298.65,1,2020-01-03
2020-01-03 09:32:00,Z,AAPL,298.61,1.0,298.65,2.0,0.0,0.0,2020-01-03 09:32:00.008138,298.63,298.68,0,2020-01-03
2020-01-03 09:32:05,Y,AAPL,298.63,1.0,298.68,1.0,0.0,0.0,2020-01-03 09:32:05.059710,298.55,298.58,-1,2020-01-03
2020-01-03 09:32:10,Z,AAPL,298.55,2.0,298.58,1.0,1.0,0.0,2020-01-03 09:32:10.139535,298.5,298.56,0,2020-01-03
2020-01-03 09:32:15,P,AAPL,298.5,1.0,298.56,4.0,0.0,0.0,2020-01-03 09:32:15.035373,298.71,298.73,1,2020-01-03
2020-01-03 09:32:20,P,AAPL,298.71,2.0,298.73,3.0,0.0,2.0,2020-01-03 09:32:20.554753,298.93,298.97,1,2020-01-03
2020-01-03 09:32:25,Q,AAPL,298.93,3.0,298.97,1.0,0.0,-1.0,2020-01-03 09:32:25.095802,298.85,298.9,-1,2020-01-03
2020-01-03 09:32:30,N,AAPL,298.85,2.0,298.9,1.0,0.0,-1.0,2020-01-03 09:32:30.100825,298.83,298.86,0,2020-01-03
2020-01-03 09:32:35,Q,AAPL,298.83,3.0,298.86,3.0,0.0,1.0,2020-01-03 09:32:35.001964,298.92,298.98,1,2020-01-03
2020-01-03 09:32:40,Q,AAPL,298.92,2.0,298.98,4.0,0.0,0.0,2020-01-03 09:32:40.033933,299.08,299.14,1,2020-01-03
2020-01-03 09:32:45,Z,AAPL,299.08,2.0,299.14,2.0,-1.0,-8.0,2020-01-03 09:32:45.138380,299.07,299.13,0,2020-01-03
2020-01-03 09:32:50,X,AAPL,299.07,2.0,299.13,2.0,-1.0,0.0,2020-01-03 09:32:50.228188,299.19,299.23,1,2020-01-03
2020-01-03 09:32:55,Z,AAPL,299.19,1.0,299.23,1.0,0.0,0.0,2020-01-03 09:32:55.034646,299.23,299.28,0,2020-01-03
2020-01-03 09:33:00,Q,AAPL,299.23,1.0,299.28,1.0,0.0,-3.0,2020-01-03 09:33:00.154470,299.17,299.22,-1,2020-01-03
2020-01-03 09:33:05,Z,AAPL,299.17,2.0,299.22,2.0,1.0,-1.0,2020-01-03 09:33:05.250719,299.05,299.08,-1,2020-01-03
2020-01-03 09:33:10,Z,AAPL,299.05,1.0,299.08,2.0,0.0,1.0,2020-01-03 09:33:10.000783,299.02,299.08,0,2020-01-03
2020-01-03 09:33:15,Z,AAPL,299.02,2.0,299.08,1.0,0.0,-2.0,2020-01-03 09:33:15.132297,299.18,299.2,1,2020-01-03
2020-01-03 09:33:20,Z,AAPL,299.18,3.0,299.2,4.0,1.0,0.0,2020-01-03 09:33:20.075172,299.13,299.18,0,2020-01-03
2020-01-03 09:33:25,N,AAPL,299.13,3.0,299.18,4.0,-2.0,2.0,2020-01-03 09:33:25.028859,299.32,299.33,1,2020-01-03
2020-01-03 09:33:30,Q,AAPL,299.32,2.0,299.33,1.0,0.0,-7.0,2020-01-03 09:33:30.209573,299.37,299.41,1,2020-01-03
2020-01-03 09:33:35,Z,AAPL,299.37,2.0,299.41,5.0,-1.0,0.0,2020-01-03 09:33:35.340980,299.46,299.47,1,2020-01-03
2020-01-03 09:33:40,Z,AAPL,299.46,1.0,299.47,2.0,-2.0,0.0,2020-01-03 09:33:40.002311,299.34,299.43,-1,2020-01-03
2020-01-03 09:33:45,Z,AAPL,299.34,3.0,299.43,3.0,0.0,2.0,2020-01-03 09:33:45.164516,299.5,299.52,1,2020-01-03
2020-01-03 09:33:50,Q,AAPL,299.5,17.0,299.52,1.0,0.0,0.0,2020-01-03 09:33:50.109883,299.55,299.6,1,2020-01-03
2020-01-03 09:33:55,Z,AAPL,299.55,2.0,299.6,2.0,1.0,0.0,2020-01-03 09:33:55.143776,299.5,299.55,0,2020-01-03
2020-01-03 09:34:00,N,AAPL,299.5,3.0,299.55,2.0,1.0,0.0,2020-01-03 09:34:00.207396,299.49,299.54,0,2020-01-03
2020-01-03 09:34:05,Q,AAPL,299.49,1.0,299.54,1.0,0.0,0.0,2020-01-03 09:34:05.025953,299.69,299.74,1,2020-01-03
2020-01-03 09:34:10,Z,AAPL,299.69,2.0,299.74,10.0,1.0,0.0,2020-01-03 09:34:10.032819,299.76,299.82,1,2020-01-03
2020-01-03 09:34:15,Z,AAPL,299.76,2.0,299.82,2.0,0.0,1.0,2020-01-03 09:34:15.031662,299.78,299.85,0,2020-01-03
2020-01-03 09:34:20,X,AAPL,299.78,3.0,299.85,2.0,1.0,1.0,2020-01-03 09:34:20.013354,299.72,299.74,-1,2020-01-03
2020-01-03 09:34:25,Z,AAPL,299.72,1.0,299.74,2.0,0.0,0.0,2020-01-03 09:34:25.016206,299.77,299.8,1,2020-01-03
2020-01-03 09:34:30,K,AAPL,299.77,14.0,299.8,6.0,0.0,-4.0,2020-01-03 09:34:30.058760,299.92,299.95,1,2020-01-03
2020-01-03 09:34:35,Q,AAPL,299.92,2.0,299.95,1.0,0.0,-2.0,2020-01-03 09:34:35.037634,299.92,299.96,0,2020-01-03
2020-01-03 09:34:40,Q,AAPL,299.92,1.0,299.96,2.0,0.0,0.0,2020-01-03 09:34:40.054432,300.01,300.07,1,2020-01-03
2020-01-03 09:34:45,Z,AAPL,300.01,3.0,300.07,6.0,2.0,0.0,2020-01-03 09:34:45.227162,299.92,299.94,-1,2020-01-03
2020-01-03 09:34:50,K,AAPL,299.92,1.0,299.94,2.0,0.0,1.0,2020-01-03 09:34:50.036828,299.89,299.94,0,2020-01-03
2020-01-03 09:34:55,Q,AAPL,299.89,1.0,299.94,2.0,0.0,1.0,2020-01-03 09:34:55.002798,299.93,299.99,0,2020-01-03
2020-01-03 09:35:00,Z,AAPL,299.93,1.0,299.99,2.0,-1.0,0.0,2020-01-03 09:35:00.032281,299.95,299.97,0,2020-01-03
2020-01-03 09:35:05,J,AAPL,299.95,1.0,299.97,1.0,-2.0,-1.0,2020-01-03 09:35:05.177507,299.71,299.74,-1,2020-01-03
2020-01-03 09:35:10,Z,AAPL,299.71,5.0,299.74,1.0,0.0,-1.0,2020-01-03 09:35:10.375115,299.61,299.65,-1,2020-01-03
2020-01-03 09:35:15,Z,AAPL,299.61,1.0,299.65,14.0,0.0,12.0,2020-01-03 09:35:15.266780,299.55,299.57,-1,2020-01-03
2020-01-03 09:35:20,Q,AAPL,299.55,1.0,299.57,2.0,0.0,0.0,2020-01-03 09:35:20.084020,299.59,299.63,1,2020-01-03
2020-01-03 09:35:25,B,AAPL,299.59,2.0,299.63,27.0,-3.0,0.0,2020-01-03 09:35:25.122593,299.6,299.64,0,2020-01-03
2020-01-03 09:35:30,Z,AAPL,299.6,2.0,299.64,2.0,1.0,0.0,2020-01-03 09:35:30.032185,299.5,299.54,-1,2020-01-03
2020-01-03 09:35:35,P,AAPL,299.5,17.0,299.54,2.0,2.0,0.0,2020-01-03 09:35:35.001546,299.51,299.56,0,2020-01-03
2020-01-03 09:35:40,Z,AAPL,299.51,2.0,299.56,2.0,0.0,1.0,2020-01-03 09:35:41.029788,299.45,299.51,0,2020-01-03
2020-01-03 09:35:45,Q,AAPL,299.45,2.0,299.51,2.0,1.0,0.0,2020-01-03 09:35:45.114351,299.48,299.51,0,2020-01-03
2020-01-03 09:35:50,K,AAPL,299.48,2.0,299.51,3.0,0.0,1.0,2020-01-03 09:35:50.034368,299.54,299.56,1,2020-01-03
2020-01-03 09:35:55,Y,AAPL,299.54,1.0,299.56,2.0,-2.0,-1.0,2020-01-03 09:35:55.011802,299.46,299.5,-1,2020-01-03
2020-01-03 09:36:00,K,AAPL,299.46,5.0,299.5,2.0,3.0,0.0,2020-01-03 09:36:00.138568,299.59,299.64,1,2020-01-03
2020-01-03 09:36:05,K,AAPL,299.59,1.0,299.64,2.0,0.0,0.0,2020-01-03 09:36:05.082661,299.61,299.64,0,2020-01-03
2020-01-03 09:36:10,K,AAPL,299.61,1.0,299.64,24.0,0.0,0.0,2020-01-03 09:36:10.033444,299.6,299.63,0,2020-01-03
2020-01-03 09:36:15,Z,AAPL,299.6,3.0,299.63,1.0,0.0,-1.0,2020-01-03 09:36:15.103767,299.68,299.7,1,2020-01-03
2020-01-03 09:36:20,P,AAPL,299.68,1.0,299.7,1.0,0.0,0.0,2020-01-03 09:36:20.004171,299.64,299.65,-1,2020-01-03
2020-01-03 09:36:25,Y,AAPL,299.64,1.0,299.65,6.0,0.0,0.0,2020-01-03 09:36:25.020164,299.51,299.54,-1,2020-01-03
2020-01-03 09:36:30,N,AAPL,299.51,2.0,299.54,2.0,1.0,-1.0,2020-01-03 09:36:30.002819,299.6,299.62,1,2020-01-03
2020-01-03 09:36:35,Z,AAPL,299.6,1.0,299.62,1.0,-1.0,0.0,2020-01-03 09:36:35.076251,299.59,299.61,0,2020-01-03
2020-01-03 09:36:40,Q,AAPL,299.59,2.0,299.61,1.0,1.0,0.0,2020-01-03 09:36:40.349191,299.52,299.55,-1,2020-01-03
2020-01-03 09:36:45,Q,AAPL,299.52,2.0,299.55,2.0,0.0,-2.0,2020-01-03 09:36:45.003329,299.44,299.45,-1,2020-01-03
2020-01-03 09:36:50,Y,AAPL,299.44,1.0,299.45,2.0,-2.0,0.0,2020-01-03 09:36:50.028213,299.34,299.38,-1,2020-01-03
2020-01-03 09:36:55,Z,AAPL,299.34,2.0,299.38,2.0,0.0,1.0,2020-01-03 09:36:55.342405,299.26,299.27,-1,2020-01-03
2020-01-03 09:37:00,Z,AAPL,299.26,1.0,299.27,2.0,0.0,1.0,2020-01-03 09:37:00.094142,299.15,299.19,-1,2020-01-03
2020-01-03 09:37:05,Z,AAPL,299.15,22.0,299.19,2.0,11.0,0.0,2020-01-03 09:37:05.175763,299.17,299.2,0,2020-01-03
2020-01-03 09:37:10,Q,AAPL,299.17,5.0,299.2,2.0,-1.0,0.0,2020-01-03 09:37:10.107490,299.13,299.18,0,2020-01-03
2020-01-03 09:37:15,Z,AAPL,299.13,1.0,299.18,1.0,-1.0,0.0,2020-01-03 09:37:15.004063,299.16,299.21,0,2020-01-03
2020-01-03 09:37:20,N,AAPL,299.16,1.0,299.21,2.0,0.0,1.0,2020-01-03 09:37:20.101221,299.19,299.22,0,2020-01-03
2020-01-03 09:37:25,N,AAPL,299.19,1.0,299.22,3.0,0.0,1.0,2020-01-03 09:37:25.116113,299.03,299.06,-1,2020-01-03
2020-01-03 09:37:30,P,AAPL,299.03,1.0,299.06,1.0,0.0,0.0,2020-01-03 09:37:30.013916,299.17,299.22,1,2020-01-03
2020-01-03 09:37:35,N,AAPL,299.17,1.0,299.22,3.0,0.0,-1.0,2020-01-03 09:37:35.019508,299.08,299.1,-1,2020-01-03
2020-01-03 09:37:40,Y,AAPL,299.08,1.0,299.1,2.0,0.0,0.0,2020-01-03 09:37:40.105622,299.03,299.04,-1,2020-01-03
2020-01-03 09:37:45,Q,AAPL,299.03,1.0,299.04,4.0,0.0,0.0,2020-01-03 09:37:45.205725,299.01,299.02,-1,2020-01-03
2020-01-03 09:37:50,N,AAPL,299.01,1.0,299.02,2.0,-1.0,0.0,2020-01-03 09:37:50.213650,298.82,298.86,-1,2020-01-03
2020-01-03 09:37:55,N,AAPL,298.82,4.0,298.86,2.0,2.0,1.0,2020-01-03 09:37:55.082438,298.73,298.78,-1,2020-01-03
2020-01-03 09:38:00,Z,AAPL,298.73,3.0,298.78,1.0,0.0,-1.0,2020-01-03 09:38:00.016875,298.84,298.87,1,2020-01-03
2020-01-03 09:38:05,Q,AAPL,298.84,2.0,298.87,3.0,1.0,0.0,2020-01-03 09:38:05.265822,298.63,298.65,-1,2020-01-03
2020-01-03 09:38:10,Z,AAPL,298.63,1.0,298.65,1.0,-1.0,-23.0,2020-01-03 09:38:10.000056,298.63,298.69,0,2020-01-03
2020-01-03 09:38:15,N,AAPL,298.63,1.0,298.69,1.0,-1.0,0.0,2020-01-03 09:38:15.092619,298.65,298.71,0,2020-01-03
2020-01-03 09:38:20,Z,AAPL,298.65,10.0,298.71,2.0,8.0,0.0,2020-01-03 09:38:20.068644,298.64,298.68,0,2020-01-03
2020-01-03 09:38:25,P,AAPL,298.64,1.0,298.68,3.0,-1.0,1.0,2020-01-03 09:38:25.199154,298.71,298.77,1,2020-01-03
2020-01-03 09:38:30,Z,AAPL,298.71,2.0,298.77,2.0,1.0,0.0,2020-01-03 09:38:30.052636,298.68,298.69,-1,2020-01-03
2020-01-03 09:38:35,Q,AAPL,298.68,2.0,298.69,2.0,0.0,0.0,2020-01-03 09:38:35.000555,298.78,298.82,1,2020-01-03
2020-01-03 09:38:40,P,AAPL,298.78,2.0,298.82,3.0,0.0,-1.0,2020-01-03 09:38:40.072121,298.68,298.7,-1,2020-01-03
2020-01-03 09:38:45,P,AAPL,298.68,9.0,298.7,11.0,0.0,-1.0,2020-01-03 09:38:45.086177,298.71,298.72,1,2020-01-03
2020-01-03 09:38:50,B,AAPL,298.71,1.0,298.72,1.0,0.0,0.0,2020-01-03 09:38:50.408743,298.75,298.79,1,2020-01-03
2020-01-03 09:38:55,Q,AAPL,298.75,2.0,298.79,3.0,0.0,2.0,2020-01-03 09:38:55.034280,298.78,298.81,0,2020-01-03
2020-01-03 09:39:00,Z,AAPL,298.78,1.0,298.81,1.0,0.0,0.0,2020-01-03 09:39:00.021129,298.76,298.77,-1,2020-01-03
2020-01-03 09:39:05,Q,AAPL,298.76,2.0,298.77,2.0,-2.0,0.0,2020-01-03 09:39:05.153302,298.85,298.9,1,2020-01-03
2020-01-03 09:39:10,Z,AAPL,298.85,2.0,298.9,2.0,0.0,0.0,2020-01-03 09:39:10.051111,299.01,299.05,1,2020-01-03
2020-01-03 09:39:15,Z,AAPL,299.01,2.0,299.05,3.0,0.0,2.0,2020-01-03 09:39:15.004845,298.99,299.04,0,2020-01-03
2020-01-03 09:39:20,P,AAPL,298.99,1.0,299.04,1.0,0.0,0.0,2020-01-03 09:39:20.003384,298.93,298.97,-1,2020-01-03
2020-01-03 09:39:25,Y,AAPL,298.93,1.0,298.97,2.0,-3.0,0.0,2020-01-03 09:39:25.132555,298.98,299.0,1,2020-01-03
2020-01-03 09:39:30,J,AAPL,298.98,1.0,299.0,1.0,-1.0,0.0,2020-01-03 09:39:30.035198,298.96,299.0,0,2020-01-03
2020-01-03 09:39:35,Z,AAPL,298.96,2.0,299.0,1.0,1.0,0.0,2020-01-03 09:39:35.009595,299.0,299.04,0,2020-01-03
2020-01-03 09:39:40,Q,AAPL,299.0,2.0,299.04,2.0,0.0,1.0,2020-01-03 09:39:40.021280,299.06,299.1,1,2020-01-03
2020-01-03 09:39:45,X,AAPL,299.06,1.0,299.1,2.0,0.0,0.0,2020-01-03 09:39:45.133115,299.05,299.08,0,2020-01-03
2020-01-03 09:39:50,P,AAPL,299.05,1.0,299.08,2.0,-4.0,0.0,2020-01-03 09:39:50.036160,299.05,299.07,0,2020-01-03
2020-01-03 09:39:55,Z,AAPL,299.05,1.0,299.07,2.0,0.0,0.0,2020-01-03 09:39:55.039748,299.15,299.19,1,2020-01-03
2020-01-03 09:40:00,Q,AAPL,299.15,1.0,299.19,2.0,0.0,0.0,2020-01-03 09:40:00.001143,299.14,299.17,0,2020-01-03
2020-01-03 09:40:05,Q,AAPL,299.14,2.0,299.17,1.0,0.0,0.0,2020-01-03 09:40:05.028374,299.12,299.14,0,2020-01-03
2020-01-03 09:40:10,J,AAPL,299.12,1.0,299.14,1.0,0.0,0.0,2020-01-03 09:40:10.522627,299.23,299.26,1,2020-01-03
2020-01-03 09:40:15,Q,AAPL,299.23,2.0,299.26,2.0,0.0,-1.0,2020-01-03 09:40:15.187171,299.43,299.46,1,2020-01-03
2020-01-03 09:40:20,Z,AAPL,299.43,1.0,299.46,1.0,-1.0,0.0,2020-01-03 09:40:20.110739,299.32,299.36,-1,2020-01-03
2020-01-03 09:40:25,B,AAPL,299.32,2.0,299.36,3.0,0.0,0.0,2020-01-03 09:40:25.109967,299.29,299.33,0,2020-01-03
2020-01-03 09:40:30,Q,AAPL,299.29,1.0,299.33,1.0,-1.0,0.0,2020-01-03 09:40:31.006359,299.34,299.38,1,2020-01-03
2020-01-03 09:40:35,N,AAPL,299.34,2.0,299.38,2.0,0.0,-1.0,2020-01-03 09:40:35.092089,299.32,299.35,0,2020-01-03
2020-01-03 09:40:40,P,AAPL,299.32,5.0,299.35,2.0,4.0,0.0,2020-01-03 09:40:40.515329,299.29,299.32,0,2020-01-03
2020-01-03 09:40:45,Q,AAPL,299.29,2.0,299.32,5.0,0.0,4.0,2020-01-03 09:40:45.172947,299.25,299.28,-1,2020-01-03
2020-01-03 09:40:50,Y,AAPL,299.25,2.0,299.28,1.0,0.0,0.0,2020-01-03 09:40:50.058793,299.35,299.38,1,2020-01-03
2020-01-03 09:40:55,Z,AAPL,299.35,1.0,299.38,2.0,-1.0,0.0,2020-01-03 09:40:55.028408,299.38,299.4,0,2020-01-03
2020-01-03 09:41:00,Z,AAPL,299.38,2.0,299.4,1.0,0.0,0.0,2020-01-03 09:41:00.070396,299.55,299.59,1,2020-01-03
2020-01-03 09:41:05,P,AAPL,299.55,1.0,299.59,1.0,0.0,0.0,2020-01-03 09:41:05.013227,299.53,299.57,0,2020-01-03
2020-01-03 09:41:10,Q,AAPL,299.53,2.0,299.57,1.0,0.0,0.0,2020-01-03 09:41:10.117881,299.38,299.44,-1,2020-01-03
2020-01-03 09:41:15,Z,AAPL,299.38,2.0,299.44,1.0,0.0,-2.0,2020-01-03 09:41:15.008197,299.46,299.49,1,2020-01-03
2020-01-03 09:41:20,B,AAPL,299.46,1.0,299.49,2.0,-1.0,0.0,2020-01-03 09:41:20.520985,299.54,299.57,1,2020-01-03
2020-01-03 09:41:25,Q,AAPL,299.54,2.0,299.57,2.0,0.0,0.0,2020-01-03 09:41:25.213373,299.59,299.6,1,2020-01-03
2020-01-03 09:41:30,Y,AAPL,299.59,1.0,299.6,1.0,-2.0,0.0,2020-01-03 09:41:30.204969,299.56,299.59,0,2020-01-03
2020-01-03 09:41:35,Z,AAPL,299.56,2.0,299.59,3.0,1.0,0.0,2020-01-03 09:41:35.127569,299.63,299.65,1,2020-01-03
2020-01-03 09:41:40,Z,AAPL,299.63,2.0,299.65,1.0,0.0,-3.0,2020-01-03 09:41:40.047835,299.63,299.65,0,2020-01-03
2020-01-03 09:41:45,V,AAPL,299.63,1.0,299.65,1.0,0.0,0.0,2020-01-03 09:41:45.096151,299.65,299.68,0,2020-01-03
2020-01-03 09:41:50,Z,AAPL,299.65,2.0,299.68,2.0,0.0,0.0,2020-01-03 09:41:50.069591,299.64,299.67,0,2020-01-03
2020-01-03 09:41:55,Q,AAPL,299.64,101.0,299.67,1.0,1.0,-1.0,2020-01-03 09:41:55.162176,299.71,299.72,1,2020-01-03
2020-01-03 09:42:00,Z,AAPL,299.71,1.0,299.72,2.0,-16.0,0.0,2020-01-03 09:42:00.109303,299.68,299.71,0,2020-01-03
2020-01-03 09:42:05,Z,AAPL,299.68,1.0,299.71,1.0,0.0,0.0,2020-01-03 09:42:05.034428,299.77,299.79,1,2020-01-03
2020-01-03 09:42:10,Z,AAPL,299.77,1.0,299.79,1.0,0.0,0.0,2020-01-03 09:42:10.029132,299.82,299.85,1,2020-01-03
2020-01-03 09:42:15,P,AAPL,299.82,4.0,299.85,3.0,2.0,2.0,2020-01-03 09:42:15.559817,299.89,299.92,1,2020-01-03
2020-01-03 09:42:20,Q,AAPL,299.89,4.0,299.92,1.0,0.0,0.0,2020-01-03 09:42:20.007010,300.08,300.09,1,2020-01-03
2020-01-03 09:42:25,Z,AAPL,300.08,2.0,300.09,1.0,0.0,0.0,2020-01-03 09:42:25.087410,300.16,300.18,1,2020-01-03
2020-01-03 09:42:30,Q,AAPL,300.16,2.0,300.18,7.0,0.0,6.0,2020-01-03 09:42:30.136976,300.1,300.11,-1,2020-01-03
2020-01-03 09:42:35,P,AAPL,300.1,3.0,300.11,6.0,1.0,0.0,2020-01-03 09:42:35.036621,300.13,300.14,1,2020-01-03
2020-01-03 09:42:40,Z,AAPL,300.13,2.0,300.14,6.0,-2.0,0.0,2020-01-03 09:42:40.102413,300.13,300.15,0,2020-01-03
2020-01-03 09:42:45,Q,AAPL,300.13,4.0,300.15,1.0,3.0,0.0,2020-01-03 09:42:45.769388,299.97,300.0,-1,2020-01-03
2020-01-03 09:42:50,Q,AAPL,299.97,2.0,300.0,3.0,0.0,0.0,2020-01-03 09:42:50.000020,300.01,300.04,1,2020-01-03
2020-01-03 09:42:55,Z,AAPL,300.01,1.0,300.04,1.0,-2.0,-1.0,2020-01-03 09:42:55.099997,300.12,300.15,1,2020-01-03
2020-01-03 09:43:00,Z,AAPL,300.12,1.0,300.15,4.0,-2.0,0.0,2020-01-03 09:43:00.012023,300.12,300.16,0,2020-01-03
2020-01-03 09:43:05,Z,AAPL,300.12,1.0,300.16,3.0,0.0,0.0,2020-01-03 09:43:05.133551,300.15,300.17,0,2020-01-03
2020-01-03 09:43:10,Q,AAPL,300.15,1.0,300.17,2.0,0.0,1.0,2020-01-03 09:43:10.014397,300.25,300.28,1,2020-01-03
2020-01-03 09:43:15,Z,AAPL,300.25,2.0,300.28,2.0,0.0,0.0,2020-01-03 09:43:15.046561,300.29,300.32,1,2020-01-03
2020-01-03 09:43:20,Z,AAPL,300.29,1.0,300.32,2.0,-1.0,0.0,2020-01-03 09:43:20.067495,300.3,300.32,0,2020-01-03
2020-01-03 09:43:25,J,AAPL,300.3,1.0,300.32,1.0,0.0,0.0,2020-01-03 09:43:25.166117,300.3,300.34,0,2020-01-03
2020-01-03 09:43:30,Q,AAPL,300.3,2.0,300.34,6.0,1.0,0.0,2020-01-03 09:43:30.097930,300.43,300.46,1,2020-01-03
2020-01-03 09:43:35,Q,AAPL,300.43,1.0,300.46,2.0,-1.0,1.0,2020-01-03 09:43:35.154088,300.43,300.46,0,2020-01-03
2020-01-03 09:43:40,Z,AAPL,300.43,1.0,300.46,1.0,-1.0,0.0,2020-01-03 09:43:40.219386,300.42,300.43,0,2020-01-03
2020-01-03 09:43:45,Q,AAPL,300.42,1.0,300.43,2.0,-1.0,0.0,2020-01-03 09:43:45.149737,300.48,300.5,1,2020-01-03
2020-01-03 09:43:50,P,AAPL,300.48,2.0,300.5,3.0,1.0,0.0,2020-01-03 09:43:50.059581,300.43,300.45,-1,2020-01-03
2020-01-03 09:43:55,Q,AAPL,300.43,3.0,300.45,1.0,2.0,-1.0,2020-01-03 09:43:55.014776,300.54,300.57,1,2020-01-03
2020-01-03 09:44:00,Z,AAPL,300.54,3.0,300.57,1.0,1.0,0.0,2020-01-03 09:44:00.017029,300.44,300.48,-1,2020-01-03
2020-01-03 09:44:05,Z,AAPL,300.44,5.0,300.48,2.0,3.0,0.0,2020-01-03 09:44:05.111621,300.33,300.36,-1,2020-01-03
2020-01-03 09:44:10,Z,AAPL,300.33,6.0,300.36,2.0,0.0,-2.0,2020-01-03 09:44:10.006675,300.26,300.27,-1,2020-01-03
2020-01-03 09:44:15,Z,AAPL,300.26,2.0,300.27,1.0,0.0,0.0,2020-01-03 09:44:15.067160,300.23,300.27,0,2020-01-03
2020-01-03 09:44:20,Z,AAPL,300.23,2.0,300.27,11.0,1.0,9.0,2020-01-03 09:44:20.026059,300.13,300.15,-1,2020-01-03
2020-01-03 09:44:25,P,AAPL,300.13,3.0,300.15,1.0,1.0,-3.0,2020-01-03 09:44:25.462308,300.09,300.11,-1,2020-01-03
2020-01-03 09:44:30,Q,AAPL,300.09,1.0,300.11,1.0,0.0,0.0,2020-01-03 09:44:30.154274,300.17,300.19,1,2020-01-03
2020-01-03 09:44:35,Q,AAPL,300.17,3.0,300.19,2.0,1.0,0.0,2020-01-03 09:44:35.019453,300.17,300.22,0,2020-01-03
2020-01-03 09:44:40,Q,AAPL,300.17,2.0,300.22,5.0,1.0,0.0,2020-01-03 09:44:40.150377,300.06,300.09,-1,2020-01-03
2020-01-03 09:44:45,Z,AAPL,300.06,1.0,300.09,1.0,0.0,-3.0,2020-01-03 09:44:45.024082,300.13,300.17,1,2020-01-03
2020-01-03 09:44:50,N,AAPL,300.13,1.0,300.17,1.0,-2.0,-1.0,2020-01-03 09:44:50.019307,300.09,300.11,-1,2020-01-03
2020-01-03 09:44:55,Z,AAPL,300.09,1.0,300.11,1.0,0.0,0.0,2020-01-03 09:44:55.484404,299.96,299.99,-1,2020-01-03
2020-01-03 09:45:00,Z,AAPL,299.96,2.0,299.99,2.0,-1.0,0.0,2020-01-03 09:45:00.024988,299.84,299.86,-1,2020-01-03
2020-01-03 09:45:05,N,AAPL,299.84,2.0,299.86,2.0,0.0,1.0,2020-01-03 09:45:05.000571,299.61,299.64,-1,2020-01-03
2020-01-03 09:45:10,Z,AAPL,299.61,2.0,299.64,1.0,1.0,-1.0,2020-01-03 09:45:10.016541,299.64,299.66,0,2020-01-03
2020-01-03 09:45:15,P,AAPL,299.64,2.0,299.66,1.0,0.0,-1.0,2020-01-03 09:45:15.034652,299.69,299.74,1,2020-01-03
2020-01-03 09:45:20,Z,AAPL,299.69,1.0,299.74,3.0,-1.0,0.0,2020-01-03 09:45:20.019026,299.78,299.83,1,2020-01-03
2020-01-03 09:45:25,Z,AAPL,299.78,2.0,299.83,1.0,-1.0,0.0,2020-01-03 09:45:25.198748,299.67,299.71,-1,2020-01-03
2020-01-03 09:45:30,Q,AAPL,299.67,2.0,299.71,3.0,1.0,0.0,2020-01-03 09:45:30.090585,299.69,299.71,0,2020-01-03
2020-01-03 09:45:35,Z,AAPL,299.69,3.0,299.71,4.0,-1.0,1.0,2020-01-03 09:45:35.164467,299.67,299.7,0,2020-01-03
2020-01-03 09:45:40,Z,AAPL,299.67,1.0,299.7,3.0,0.0,1.0,2020-01-03 09:45:41.031982,299.67,299.69,0,2020-01-03
2020-01-03 09:45:45,Q,AAPL,299.67,2.0,299.69,2.0,0.0,-9.0,2020-01-03 09:45:45.042092,299.66,299.69,0,2020-01-03
2020-01-03 09:45:50,Z,AAPL,299.66,1.0,299.69,33.0,0.0,31.0,2020-01-03 09:45:50.039532,299.61,299.64,-1,2020-01-03
2020-01-03 09:45:55,Z,AAPL,299.61,1.0,299.64,1.0,0.0,-1.0,2020-01-03 09:45:55.183728,299.51,299.55,-1,2020-01-03
2020-01-03 09:46:00,P,AAPL,299.51,4.0,299.55,2.0,2.0,1.0,2020-01-03 09:46:00.031863,299.49,299.5,-1,2020-01-03
2020-01-03 09:46:05,Z,AAPL,299.49,1.0,299.5,1.0,0.0,0.0,2020-01-03 09:46:05.021728,299.24,299.28,-1,2020-01-03
2020-01-03 09:46:10,Y,AAPL,299.24,1.0,299.28,1.0,-1.0,0.0,2020-01-03 09:46:10.011223,299.29,299.31,1,2020-01-03
2020-01-03 09:46:15,Q,AAPL,299.29,2.0,299.31,2.0,0.0,-1.0,2020-01-03 09:46:15.007512,299.24,299.26,-1,2020-01-03
2020-01-03 09:46:20,Z,AAPL,299.24,2.0,299.26,2.0,0.0,0.0,2020-01-03 09:46:20.212426,299.18,299.21,-1,2020-01-03
2020-01-03 09:46:25,N,AAPL,299.18,1.0,299.21,1.0,0.0,-1.0,2020-01-03 09:46:25.259382,299.15,299.18,0,2020-01-03
2020-01-03 09:46:30,Z,AAPL,299.15,1.0,299.18,2.0,-1.0,0.0,2020-01-03 09:46:30.031057,299.0,299.05,-1,2020-01-03
2020-01-03 09:46:35,Z,AAPL,299.0,4.0,299.05,3.0,3.0,0.0,2020-01-03 09:46:35.156085,299.04,299.07,0,2020-01-03
2020-01-03 09:46:40,N,AAPL,299.04,2.0,299.07,3.0,0.0,-2.0,2020-01-03 09:46:40.007492,299.0,299.02,-1,2020-01-03
2020-01-03 09:46:45,Q,AAPL,299.0,3.0,299.02,2.0,0.0,1.0,2020-01-03 09:46:45.318814,299.0,299.05,0,2020-01-03
2020-01-03 09:46:50,Z,AAPL,299.0,2.0,299.05,4.0,0.0,0.0,2020-01-03 09:46:50.006550,299.31,299.33,1,2020-01-03
2020-01-03 09:46:55,Z,AAPL,299.31,2.0,299.33,3.0,1.0,0.0,2020-01-03 09:46:55.353018,299.39,299.42,1,2020-01-03
2020-01-03 09:47:00,Z,AAPL,299.39,2.0,299.42,1.0,1.0,0.0,2020-01-03 09:47:00.011614,299.42,299.46,0,2020-01-03
2020-01-03 09:47:05,Z,AAPL,299.42,2.0,299.46,1.0,1.0,-1.0,2020-01-03 09:47:05.119053,299.37,299.42,0,2020-01-03
2020-01-03 09:47:10,Z,AAPL,299.37,3.0,299.42,1.0,0.0,-1.0,2020-01-03 09:47:10.480514,299.45,299.46,1,2020-01-03
2020-01-03 09:47:15,Q,AAPL,299.45,1.0,299.46,1.0,-1.0,0.0,2020-01-03 09:47:15.154490,299.39,299.42,-1,2020-01-03
2020-01-03 09:47:20,Z,AAPL,299.39,2.0,299.42,1.0,0.0,0.0,2020-01-03 09:47:20.043228,299.49,299.52,1,2020-01-03
2020-01-03 09:47:25,Z,AAPL,299.49,3.0,299.52,2.0,1.0,0.0,2020-01-03 09:47:25.012539,299.72,299.76,1,2020-01-03
2020-01-03 09:47:30,Q,AAPL,299.72,4.0,299.76,2.0,3.0,0.0,2020-01-03 09:47:30.116161,299.86,299.89,1,2020-01-03
2020-01-03 09:47:35,Z,AAPL,299.86,3.0,299.89,2.0,1.0,0.0,2020-01-03 09:47:35.106527,299.89,299.9,0,2020-01-03
2020-01-03 09:47:40,P,AAPL,299.89,2.0,299.9,9.0,0.0,1.0,2020-01-03 09:47:40.138269,299.72,299.76,-1,2020-01-03
2020-01-03 09:47:45,Q,AAPL,299.72,2.0,299.76,2.0,1.0,0.0,2020-01-03 09:47:45.318008,299.93,299.96,1,2020-01-03
2020-01-03 09:47:50,Q,AAPL,299.93,1.0,299.96,5.0,0.0,4.0,2020-01-03 09:47:50.179343,299.87,299.9,-1,2020-01-03
2020-01-03 09:47:55,Z,AAPL,299.87,1.0,299.9,1.0,-1.0,0.0,2020-01-03 09:47:55.000050,299.85,299.88,0,2020-01-03
2020-01-03 09:48:00,C,AAPL,299.85,1.0,299.88,2.0,-2.0,1.0,2020-01-03 09:48:00.304519,299.68,299.71,-1,2020-01-03
2020-01-03 09:48:05,Z,AAPL,299.68,2.0,299.71,1.0,0.0,-1.0,2020-01-03 09:48:05.014200,299.52,299.56,-1,2020-01-03
2020-01-03 09:48:10,Z,AAPL,299.52,2.0,299.56,8.0,0.0,4.0,2020-01-03 09:48:10.122144,299.51,299.52,0,2020-01-03
2020-01-03 09:48:15,Q,AAPL,299.51,1.0,299.52,3.0,0.0,0.0,2020-01-03 09:48:15.030093,299.48,299.51,0,2020-01-03
2020-01-03 09:48:20,Q,AAPL,299.48,2.0,299.51,1.0,0.0,0.0,2020-01-03 09:48:20.498338,299.51,299.57,0,2020-01-03
2020-01-03 09:48:25,Z,AAPL,299.51,3.0,299.57,2.0,1.0,-1.0,2020-01-03 09:48:25.176249,299.48,299.49,-1,2020-01-03
2020-01-03 09:48:30,Q,AAPL,299.48,25.0,299.49,1.0,2.0,0.0,2020-01-03 09:48:30.200664,299.42,299.44,-1,2020-01-03
2020-01-03 09:48:35,Z,AAPL,299.42,4.0,299.44,2.0,0.0,-1.0,2020-01-03 09:48:35.265605,299.45,299.52,1,2020-01-03
2020-01-03 09:48:40,Z,AAPL,299.45,2.0,299.52,2.0,0.0,-1.0,2020-01-03 09:48:40.026908,299.61,299.64,1,2020-01-03
2020-01-03 09:48:45,Q,AAPL,299.61,2.0,299.64,1.0,0.0,0.0,2020-01-03 09:48:45.127830,299.61,299.64,0,2020-01-03
2020-01-03 09:48:50,Z,AAPL,299.61,1.0,299.64,2.0,0.0,0.0,2020-01-03 09:48:50.013148,299.61,299.62,0,2020-01-03
2020-01-03 09:48:55,Z,AAPL,299.61,2.0,299.62,4.0,-1.0,0.0,2020-01-03 09:48:55.205935,299.64,299.67,1,2020-01-03
2020-01-03 09:49:00,Z,AAPL,299.64,30.0,299.67,1.0,28.0,0.0,2020-01-03 09:49:00.208499,299.75,299.8,1,2020-01-03
2020-01-03 09:49:05,Z,AAPL,299.75,3.0,299.8,1.0,0.0,0.0,2020-01-03 09:49:05.298517,299.88,299.9,1,2020-01-03
2020-01-03 09:49:10,Z,AAPL,299.88,2.0,299.9,13.0,-3.0,0.0,2020-01-03 09:49:10.041012,299.86,299.9,0,2020-01-03
2020-01-03 09:49:15,N,AAPL,299.86,2.0,299.9,2.0,-1.0,0.0,2020-01-03 09:49:15.312591,299.87,299.91,0,2020-01-03
2020-01-03 09:49:20,Q,AAPL,299.87,2.0,299.91,2.0,0.0,1.0,2020-01-03 09:49:20.014434,299.92,299.95,1,2020-01-03
2020-01-03 09:49:25,Q,AAPL,299.92,1.0,299.95,1.0,-1.0,0.0,2020-01-03 09:49:25.053236,299.94,299.97,0,2020-01-03
2020-01-03 09:49:30,Q,AAPL,299.94,1.0,299.97,2.0,0.0,1.0,2020-01-03 09:49:30.328962,299.82,299.86,-1,2020-01-03
2020-01-03 09:49:35,Z,AAPL,299.82,2.0,299.86,2.0,-3.0,-2.0,2020-01-03 09:49:35.065092,299.95,299.96,1,2020-01-03
2020-01-03 09:49:40,Z,AAPL,299.95,2.0,299.96,10.0,0.0,0.0,2020-01-03 09:49:40.052889,300.02,300.05,1,2020-01-03
2020-01-03 09:49:45,Q,AAPL,300.02,2.0,300.05,1.0,0.0,-1.0,2020-01-03 09:49:45.123818,299.93,299.98,-1,2020-01-03
2020-01-03 09:49:50,Z,AAPL,299.93,4.0,299.98,2.0,1.0,0.0,2020-01-03 09:49:50.108311,299.81,299.84,-1,2020-01-03
2020-01-03 09:49:55,N,AAPL,299.81,4.0,299.84,2.0,1.0,0.0,2020-01-03 09:49:55.013456,299.83,299.85,0,2020-01-03
2020-01-03 09:50:00,Q,AAPL,299.83,3.0,299.85,1.0,2.0,-2.0,2020-01-03 09:50:01.324223,299.71,299.76,-1,2020-01-03
2020-01-03 09:50:05,Z,AAPL,299.71,1.0,299.76,3.0,-1.0,0.0,2020-01-03 09:50:05.087720,299.67,299.71,0,2020-01-03
2020-01-03 09:50:10,N,AAPL,299.67,2.0,299.71,2.0,0.0,-2.0,2020-01-03 09:50:10.064750,299.78,299.82,1,2020-01-03
2020-01-03 09:50:15,N,AAPL,299.78,4.0,299.82,2.0,2.0,0.0,2020-01-03 09:50:15.205032,299.85,299.89,1,2020-01-03
2020-01-03 09:50:20,B,AAPL,299.85,5.0,299.89,3.0,3.0,0.0,2020-01-03 09:50:20.390458,299.75,299.76,-1,2020-01-03
2020-01-03 09:50:25,Q,AAPL,299.75,1.0,299.76,1.0,0.0,-1.0,2020-01-03 09:50:25.011302,299.75,299.78,0,2020-01-03
2020-01-03 09:50:30,Q,AAPL,299.75,2.0,299.78,3.0,0.0,1.0,2020-01-03 09:50:30.176620,299.7,299.72,-1,2020-01-03
2020-01-03 09:50:35,Z,AAPL,299.7,2.0,299.72,2.0,0.0,1.0,2020-01-03 09:50:35.247451,299.63,299.66,-1,2020-01-03
2020-01-03 09:50:40,Z,AAPL,299.63,2.0,299.66,1.0,1.0,0.0,2020-01-03 09:50:40.076337,299.58,299.6,-1,2020-01-03
2020-01-03 09:50:45,P,AAPL,299.58,3.0,299.6,1.0,0.0,0.0,2020-01-03 09:50:45.036264,299.68,299.71,1,2020-01-03
2020-01-03 09:50:50,Q,AAPL,299.68,4.0,299.71,2.0,0.0,0.0,2020-01-03 09:50:50.063044,299.64,299.66,-1,2020-01-03
2020-01-03 09:50:55,Q,AAPL,299.64,3.0,299.66,2.0,0.0,1.0,2020-01-03 09:50:55.413685,299.59,299.61,-1,2020-01-03
2020-01-03 09:51:00,Q,AAPL,299.59,2.0,299.61,2.0,0.0,0.0,2020-01-03 09:51:00.398838,299.43,299.47,-1,2020-01-03
2020-01-03 09:51:05,Z,AAPL,299.43,2.0,299.47,2.0,-1.0,0.0,2020-01-03 09:51:05.012047,299.38,299.4,-1,2020-01-03
2020-01-03 09:51:10,N,AAPL,299.38,3.0,299.4,2.0,0.0,1.0,2020-01-03 09:51:10.111508,299.36,299.37,-1,2020-01-03
2020-01-03 09:51:15,Q,AAPL,299.36,1.0,299.37,6.0,-4.0,0.0,2020-01-03 09:51:15.081305,299.39,299.41,1,2020-01-03
2020-01-03 09:51:20,Q,AAPL,299.39,2.0,299.41,3.0,0.0,1.0,2020-01-03 09:51:20.031476,299.27,299.29,-1,2020-01-03
2020-01-03 09:51:25,Z,AAPL,299.27,1.0,299.29,2.0,-2.0,0.0,2020-01-03 09:51:25.209458,299.17,299.22,-1,2020-01-03
2020-01-03 09:51:30,Z,AAPL,299.17,4.0,299.22,7.0,1.0,0.0,2020-01-03 09:51:30.029194,299.13,299.16,-1,2020-01-03
2020-01-03 09:51:35,Z,AAPL,299.13,10.0,299.16,1.0,0.0,-1.0,2020-01-03 09:51:35.023006,299.21,299.24,1,2020-01-03
2020-01-03 09:51:40,Q,AAPL,299.21,2.0,299.24,4.0,-1.0,2.0,2020-01-03 09:51:40.505125,299.14,299.17,-1,2020-01-03
2020-01-03 09:51:45,Q,AAPL,299.14,2.0,299.17,2.0,-1.0,0.0,2020-01-03 09:51:45.039182,299.17,299.2,0,2020-01-03
2020-01-03 09:51:50,Q,AAPL,299.17,3.0,299.2,3.0,-1.0,0.0,2020-01-03 09:51:50.007105,299.23,299.25,1,2020-01-03
2020-01-03 09:51:55,B,AAPL,299.23,1.0,299.25,1.0,-1.0,0.0,2020-01-03 09:51:55.185788,299.15,299.16,-1,2020-01-03
2020-01-03 09:52:00,Q,AAPL,299.15,14.0,299.16,35.0,0.0,1.0,2020-01-03 09:52:00.162506,299.1,299.11,-1,2020-01-03
2020-01-03 09:52:05,K,AAPL,299.1,1.0,299.11,1.0,-1.0,0.0,2020-01-03 09:52:05.001794,299.07,299.09,-1,2020-01-03
2020-01-03 09:52:10,Q,AAPL,299.07,1.0,299.09,2.0,0.0,0.0,2020-01-03 09:52:10.285792,298.97,299.01,-1,2020-01-03
2020-01-03 09:52:15,Z,AAPL,298.97,2.0,299.01,2.0,0.0,1.0,2020-01-03 09:52:15.110305,299.04,299.07,1,2020-01-03
2020-01-03 09:52:20,N,AAPL,299.04,1.0,299.07,3.0,-2.0,0.0,2020-01-03 09:52:20.065130,299.11,299.15,1,2020-01-03
2020-01-03 09:52:25,Q,AAPL,299.11,3.0,299.15,2.0,0.0,0.0,2020-01-03 09:52:25.048583,299.13,299.16,0,2020-01-03
2020-01-03 09:52:30,P,AAPL,299.13,1.0,299.16,2.0,-1.0,0.0,2020-01-03 09:52:30.249648,299.26,299.29,1,2020-01-03
2020-01-03 09:52:35,J,AAPL,299.26,1.0,299.29,1.0,0.0,0.0,2020-01-03 09:52:35.048561,299.33,299.37,1,2020-01-03
2020-01-03 09:52:40,P,AAPL,299.33,1.0,299.37,2.0,0.0,0.0,2020-01-03 09:52:40.012340,299.38,299.4,1,2020-01-03
2020-01-03 09:52:45,Q,AAPL,299.38,2.0,299.4,1.0,1.0,-1.0,2020-01-03 09:52:45.001776,299.18,299.2,-1,2020-01-03
2020-01-03 09:52:50,Z,AAPL,299.18,1.0,299.2,2.0,0.0,1.0,2020-01-03 09:52:50.252084,299.1,299.12,-1,2020-01-03
2020-01-03 09:52:55,Q,AAPL,299.1,1.0,299.12,7.0,-1.0,0.0,2020-01-03 09:52:55.129505,298.96,298.99,-1,2020-01-03
2020-01-03 09:53:00,Z,AAPL,298.96,2.0,298.99,1.0,-1.0,0.0,2020-01-03 09:53:00.198052,298.99,299.01,0,2020-01-03
2020-01-03 09:53:05,Z,AAPL,298.99,1.0,299.01,1.0,0.0,-1.0,2020-01-03 09:53:05.028437,298.93,298.96,-1,2020-01-03
2020-01-03 09:53:10,Z,AAPL,298.93,1.0,298.96,1.0,0.0,-1.0,2020-01-03 09:53:10.005475,299.13,299.17,1,2020-01-03
2020-01-03 09:53:15,Q,AAPL,299.13,1.0,299.17,3.0,0.0,2.0,2020-01-03 09:53:15.063955,299.23,299.26,1,2020-01-03
2020-01-03 09:53:20,Q,AAPL,299.23,1.0,299.26,2.0,-1.0,0.0,2020-01-03 09:53:20.045918,299.02,299.06,-1,2020-01-03
2020-01-03 09:53:25,Q,AAPL,299.02,4.0,299.06,4.0,2.0,1.0,2020-01-03 09:53:25.703550,299.05,299.07,0,2020-01-03
2020-01-03 09:53:30,Z,AAPL,299.05,4.0,299.07,25.0,0.0,-1.0,2020-01-03 09:53:30.151143,299.12,299.15,1,2020-01-03
2020-01-03 09:53:35,Z,AAPL,299.12,1.0,299.15,2.0,-1.0,1.0,2020-01-03 09:53:35.305194,299.09,299.12,0,2020-01-03
2020-01-03 09:53:40,Z,AAPL,299.09,3.0,299.12,1.0,0.0,-1.0,2020-01-03 09:53:40.036857,299.17,299.2,1,2020-01-03
2020-01-03 09:53:45,Z,AAPL,299.17,3.0,299.2,1.0,1.0,0.0,2020-01-03 09:53:45.360258,299.24,299.27,1,2020-01-03
2020-01-03 09:53:50,K,AAPL,299.24,3.0,299.27,2.0,0.0,0.0,2020-01-03 09:53:50.001651,299.26,299.29,0,2020-01-03
2020-01-03 09:53:55,Z,AAPL,299.26,2.0,299.29,1.0,1.0,-1.0,2020-01-03 09:53:55.065425,299.33,299.34,1,2020-01-03
2020-01-03 09:54:00,Q,AAPL,299.33,2.0,299.34,2.0,0.0,-1.0,2020-01-03 09:54:00.332004,299.24,299.26,-1,2020-01-03
2020-01-03 09:54:05,Q,AAPL,299.24,1.0,299.26,1.0,0.0,0.0,2020-01-03 09:54:05.228413,299.21,299.25,0,2020-01-03
2020-01-03 09:54:10,Q,AAPL,299.21,3.0,299.25,3.0,0.0,1.0,2020-01-03 09:54:10.099225,299.07,299.1,-1,2020-01-03
2020-01-03 09:54:15,Z,AAPL,299.07,2.0,299.1,1.0,0.0,0.0,2020-01-03 09:54:15.046409,299.09,299.11,0,2020-01-03
2020-01-03 09:54:20,P,AAPL,299.09,1.0,299.11,4.0,0.0,3.0,2020-01-03 09:54:20.193570,298.95,298.99,-1,2020-01-03
2020-01-03 09:54:25,N,AAPL,298.95,1.0,298.99,1.0,-1.0,0.0,2020-01-03 09:54:25.058615,299.05,299.07,1,2020-01-03
2020-01-03 09:54:30,Q,AAPL,299.05,2.0,299.07,1.0,0.0,0.0,2020-01-03 09:54:30.678234,299.05,299.07,0,2020-01-03
2020-01-03 09:54:35,P,AAPL,299.05,1.0,299.07,3.0,0.0,1.0,2020-01-03 09:54:35.020933,299.09,299.11,1,2020-01-03
2020-01-03 09:54:40,Q,AAPL,299.09,1.0,299.11,1.0,-1.0,0.0,2020-01-03 09:54:40.850275,299.09,299.13,0,2020-01-03
2020-01-03 09:54:45,Q,AAPL,299.09,1.0,299.13,2.0,0.0,0.0,2020-01-03 09:54:45.308604,299.04,299.08,-1,2020-01-03
2020-01-03 09:54:50,Z,AAPL,299.04,2.0,299.08,1.0,0.0,0.0,2020-01-03 09:54:50.014502,299.1,299.13,1,2020-01-03
2020-01-03 09:54:55,Z,AAPL,299.1,1.0,299.13,3.0,0.0,0.0,2020-01-03 09:54:55.776606,299.09,299.12,0,2020-01-03
2020-01-03 09:55:00,Z,AAPL,299.09,1.0,299.12,1.0,-4.0,-1.0,2020-01-03 09:55:00.120658,299.07,299.1,0,2020-01-03
2020-01-03 09:55:05,Z,AAPL,299.07,4.0,299.1,2.0,-1.0,0.0,2020-01-03 09:55:05.128775,298.92,298.95,-1,2020-01-03
2020-01-03 09:55:10,Z,AAPL,298.92,3.0,298.95,2.0,0.0,1.0,2020-01-03 09:55:10.031011,298.93,298.96,0,2020-01-03
2020-01-03 09:55:15,P,AAPL,298.93,2.0,298.96,1.0,0.0,0.0,2020-01-03 09:55:15.058892,298.96,299.0,0,2020-01-03
2020-01-03 09:55:20,N,AAPL,298.96,2.0,299.0,2.0,-1.0,0.0,2020-01-03 09:55:20.127009,298.82,298.87,-1,2020-01-03
2020-01-03 09:55:25,Z,AAPL,298.82,2.0,298.87,2.0,1.0,0.0,2020-01-03 09:55:25.137972,298.81,298.86,0,2020-01-03
2020-01-03 09:55:30,J,AAPL,298.81,3.0,298.86,1.0,2.0,0.0,2020-01-03 09:55:30.184871,298.82,298.83,0,2020-01-03
2020-01-03 09:55:35,J,AAPL,298.82,1.0,298.83,2.0,-1.0,0.0,2020-01-03 09:55:35.444247,298.8,298.82,0,2020-01-03
2020-01-03 09:55:40,Q,AAPL,298.8,30.0,298.82,2.0,0.0,1.0,2020-01-03 09:55:40.060339,298.78,298.81,0,2020-01-03
2020-01-03 09:55:45,Z,AAPL,298.78,2.0,298.81,2.0,1.0,0.0,2020-01-03 09:55:45.147476,298.88,298.91,1,2020-01-03
2020-01-03 09:55:50,P,AAPL,298.88,2.0,298.91,4.0,0.0,3.0,2020-01-03 09:55:50.055359,298.71,298.75,-1,2020-01-03
2020-01-03 09:55:55,Z,AAPL,298.71,2.0,298.75,2.0,0.0,-1.0,2020-01-03 09:55:55.004671,298.67,298.7,-1,2020-01-03
2020-01-03 09:56:00,Z,AAPL,298.67,2.0,298.7,1.0,1.0,0.0,2020-01-03 09:56:00.089345,298.75,298.78,1,2020-01-03
2020-01-03 09:56:05,Z,AAPL,298.75,1.0,298.78,1.0,0.0,-1.0,2020-01-03 09:56:05.268133,298.75,298.76,0,2020-01-03
2020-01-03 09:56:10,Z,AAPL,298.75,1.0,298.76,2.0,0.0,1.0,2020-01-03 09:56:10.026795,298.75,298.77,0,2020-01-03
2020-01-03 09:56:15,K,AAPL,298.75,2.0,298.77,3.0,1.0,0.0,2020-01-03 09:56:15.005585,298.75,298.78,0,2020-01-03
2020-01-03 09:56:20,Z,AAPL,298.75,1.0,298.78,1.0,-1.0,0.0,2020-01-03 09:56:20.259577,298.69,298.71,-1,2020-01-03
2020-01-03 09:56:25,Q,AAPL,298.69,1.0,298.71,1.0,-1.0,0.0,2020-01-03 09:56:25.328058,298.66,298.68,-1,2020-01-03
2020-01-03 09:56:30,Q,AAPL,298.66,2.0,298.68,2.0,0.0,0.0,2020-01-03 09:56:30.129811,298.68,298.7,0,2020-01-03
2020-01-03 09:56:35,P,AAPL,298.68,1.0,298.7,31.0,0.0,4.0,2020-01-03 09:56:35.077272,298.67,298.7,0,2020-01-03
2020-01-03 09:56:40,Q,AAPL,298.67,2.0,298.7,7.0,-3.0,0.0,2020-01-03 09:56:40.003822,298.68,298.7,0,2020-01-03
2020-01-03 09:56:45,P,AAPL,298.68,3.0,298.7,6.0,-1.0,0.0,2020-01-03 09:56:45.249430,298.81,298.82,1,2020-01-03
2020-01-03 09:56:50,Q,AAPL,298.81,1.0,298.82,1.0,-1.0,-1.0,2020-01-03 09:56:50.417992,298.94,298.95,1,2020-01-03
2020-01-03 09:56:55,N,AAPL,298.94,1.0,298.95,1.0,-1.0,0.0,2020-01-03 09:56:55.134992,298.85,298.89,-1,2020-01-03
2020-01-03 09:57:00,Z,AAPL,298.85,2.0,298.89,3.0,1.0,1.0,2020-01-03 09:57:00.003563,298.9,298.92,1,2020-01-03
2020-01-03 09:57:05,Q,AAPL,298.9,2.0,298.92,2.0,0.0,1.0,2020-01-03 09:57:05.120134,299.08,299.1,1,2020-01-03
2020-01-03 09:57:10,Z,AAPL,299.08,1.0,299.1,1.0,-4.0,0.0,2020-01-03 09:57:10.319927,299.15,299.17,1,2020-01-03
2020-01-03 09:57:15,Q,AAPL,299.15,2.0,299.17,2.0,-1.0,1.0,2020-01-03 09:57:15.000994,299.17,299.19,0,2020-01-03
2020-01-03 09:57:20,Z,AAPL,299.17,3.0,299.19,1.0,2.0,-1.0,2020-01-03 09:57:20.003480,299.06,299.1,-1,2020-01-03
2020-01-03 09:57:25,Q,AAPL,299.06,2.0,299.1,2.0,0.0,0.0,2020-01-03 09:57:25.073188,299.04,299.07,0,2020-01-03
2020-01-03 09:57:30,P,AAPL,299.04,2.0,299.07,1.0,1.0,0.0,2020-01-03 09:57:30.051838,298.99,299.02,-1,2020-01-03
2020-01-03 09:57:35,P,AAPL,298.99,2.0,299.02,1.0,0.0,-3.0,2020-01-03 09:57:35.129624,298.93,298.96,-1,2020-01-03
2020-01-03 09:57:40,N,AAPL,298.93,4.0,298.96,1.0,-1.0,0.0,2020-01-03 09:57:40.041022,298.87,298.9,-1,2020-01-03
2020-01-03 09:57:45,Z,AAPL,298.87,1.0,298.9,1.0,0.0,0.0,2020-01-03 09:57:45.093077,298.9,298.94,0,2020-01-03
2020-01-03 09:57:50,Z,AAPL,298.9,1.0,298.94,1.0,-1.0,0.0,2020-01-03 09:57:50.129870,298.96,298.98,1,2020-01-03
2020-01-03 09:57:55,K,AAPL,298.96,1.0,298.98,1.0,0.0,0.0,2020-01-03 09:57:55.127540,298.99,299.0,1,2020-01-03
2020-01-03 09:58:00,Q,AAPL,298.99,2.0,299.0,1.0,1.0,0.0,2020-01-03 09:58:00.016236,299.02,299.04,1,2020-01-03
2020-01-03 09:58:05,Q,AAPL,299.02,3.0,299.04,2.0,1.0,0.0,2020-01-03 09:58:05.007397,299.12,299.14,1,2020-01-03
2020-01-03 09:58:10,P,AAPL,299.12,1.0,299.14,1.0,0.0,0.0,2020-01-03 09:58:10.000844,299.1,299.13,0,2020-01-03
2020-01-03 09:58:15,Z,AAPL,299.1,1.0,299.13,1.0,0.0,-1.0,2020-01-03 09:58:15.248080,299.16,299.18,1,2020-01-03
2020-01-03 09:58:20,B,AAPL,299.16,1.0,299.18,2.0,0.0,0.0,2020-01-03 09:58:20.081444,298.98,299.03,-1,2020-01-03
2020-01-03 09:58:25,Q,AAPL,298.98,2.0,299.03,2.0,0.0,1.0,2020-01-03 09:58:25.088987,299.06,299.07,1,2020-01-03
2020-01-03 09:58:30,B,AAPL,299.06,1.0,299.07,2.0,-1.0,1.0,2020-01-03 09:58:30.167512,299.11,299.14,1,2020-01-03
2020-01-03 09:58:35,Z,AAPL,299.11,1.0,299.14,2.0,0.0,0.0,2020-01-03 09:58:35.104557,299.12,299.14,0,2020-01-03
2020-01-03 09:58:40,Q,AAPL,299.12,3.0,299.14,1.0,0.0,-1.0,2020-01-03 09:58:40.009291,299.12,299.15,0,2020-01-03
2020-01-03 09:58:45,Q,AAPL,299.12,2.0,299.15,1.0,1.0,0.0,2020-01-03 09:58:45.031390,299.13,299.15,0,2020-01-03
2020-01-03 09:58:50,Z,AAPL,299.13,2.0,299.15,1.0,0.0,-1.0,2020-01-03 09:58:50.168545,299.14,299.17,0,2020-01-03
2020-01-03 09:58:55,Z,AAPL,299.14,2.0,299.17,1.0,0.0,-1.0,2020-01-03 09:58:55.197032,299.24,299.29,1,2020-01-03
2020-01-03 09:59:00,Y,AAPL,299.24,2.0,299.29,1.0,0.0,-2.0,2020-01-03 09:59:00.045118,299.24,299.26,0,2020-01-03
2020-01-03 09:59:05,Q,AAPL,299.24,1.0,299.26,2.0,0.0,0.0,2020-01-03 09:59:05.124268,299.26,299.3,0,2020-01-03
2020-01-03 09:59:10,Q,AAPL,299.26,1.0,299.3,2.0,-1.0,0.0,2020-01-03 09:59:10.030904,299.16,299.2,-1,2020-01-03
2020-01-03 09:59:15,Z,AAPL,299.16,1.0,299.2,2.0,0.0,0.0,2020-01-03 09:59:15.029374,299.24,299.27,1,2020-01-03
2020-01-03 09:59:20,Z,AAPL,299.24,2.0,299.27,2.0,0.0,1.0,2020-01-03 09:59:20.044463,299.2,299.23,-1,2020-01-03
2020-01-03 09:59:25,Z,AAPL,299.2,2.0,299.23,1.0,0.0,-1.0,2020-01-03 09:59:25.221851,299.24,299.27,1,2020-01-03
2020-01-03 09:59:30,Q,AAPL,299.24,2.0,299.27,2.0,1.0,0.0,2020-01-03 09:59:30.444994,299.13,299.17,-1,2020-01-03
2020-01-03 09:59:35,Q,AAPL,299.13,2.0,299.17,2.0,1.0,0.0,2020-01-03 09:59:35.738568,299.07,299.09,-1,2020-01-03
2020-01-03 09:59:40,Y,AAPL,299.07,1.0,299.09,2.0,-1.0,0.0,2020-01-03 09:59:40.253914,299.12,299.16,1,2020-01-03
2020-01-03 09:59:45,Q,AAPL,299.12,3.0,299.16,2.0,1.0,0.0,2020-01-03 09:59:45.324390,299.19,299.21,1,2020-01-03
2020-01-03 09:59:50,Z,AAPL,299.19,2.0,299.21,2.0,0.0,-2.0,2020-01-03 09:59:51.184143,299.21,299.26,0,2020-01-03
2020-01-03 09:59:55,Q,AAPL,299.21,2.0,299.26,2.0,0.0,1.0,2020-01-03 09:59:55.059333,299.13,299.22,0,2020-01-03
2020-01-03 10:00:00,Z,AAPL,299.13,1.0,299.22,1.0,-1.0,0.0,2020-01-03 10:00:00.000181,298.6,298.68,-1,2020-01-03
2020-01-03 10:00:05,Q,AAPL,298.6,5.0,298.68,1.0,0.0,0.0,2020-01-03 10:00:05.043828,298.63,298.74,0,2020-01-03
2020-01-03 10:00:10,Q,AAPL,298.63,1.0,298.74,4.0,0.0,2.0,2020-01-03 10:00:10.187147,298.53,298.64,0,2020-01-03
2020-01-03 10:00:15,J,AAPL,298.53,3.0,298.64,4.0,1.0,2.0,2020-01-03 10:00:15.026133,298.5,298.57,0,2020-01-03
2020-01-03 10:00:20,K,AAPL,298.5,2.0,298.57,1.0,1.0,0.0,2020-01-03 10:00:20.007856,298.59,298.67,1,2020-01-03
2020-01-03 10:00:25,Q,AAPL,298.59,2.0,298.67,2.0,0.0,0.0,2020-01-03 10:00:25.219130,298.55,298.62,0,2020-01-03
2020-01-03 10:00:30,Q,AAPL,298.55,2.0,298.62,1.0,0.0,0.0,2020-01-03 10:00:30.026874,298.75,298.82,1,2020-01-03
2020-01-03 10:00:35,N,AAPL,298.75,2.0,298.82,1.0,0.0,0.0,2020-01-03 10:00:35.230279,298.76,298.84,0,2020-01-03
2020-01-03 10:00:40,Q,AAPL,298.76,3.0,298.84,1.0,0.0,0.0,2020-01-03 10:00:40.009624,298.85,298.9,1,2020-01-03
2020-01-03 10:00:45,Z,AAPL,298.85,3.0,298.9,3.0,2.0,0.0,2020-01-03 10:00:45.624520,298.71,298.75,-1,2020-01-03
2020-01-03 10:00:50,N,AAPL,298.71,2.0,298.75,1.0,0.0,-1.0,2020-01-03 10:00:50.078141,298.68,298.72,0,2020-01-03
2020-01-03 10:00:55,Q,AAPL,298.68,4.0,298.72,2.0,1.0,0.0,2020-01-03 10:00:55.228296,298.6,298.65,-1,2020-01-03
2020-01-03 10:01:00,Q,AAPL,298.6,1.0,298.65,2.0,0.0,1.0,2020-01-03 10:01:00.006746,298.7,298.75,1,2020-01-03
2020-01-03 10:01:05,X,AAPL,298.7,1.0,298.75,1.0,-1.0,0.0,2020-01-03 10:01:05.105778,298.73,298.78,0,2020-01-03
2020-01-03 10:01:10,X,AAPL,298.73,1.0,298.78,2.0,-1.0,0.0,2020-01-03 10:01:10.229986,298.79,298.8,1,2020-01-03
2020-01-03 10:01:15,Q,AAPL,298.79,1.0,298.8,1.0,0.0,0.0,2020-01-03 10:01:15.009482,298.77,298.84,0,2020-01-03
2020-01-03 10:01:20,Y,AAPL,298.77,2.0,298.84,4.0,1.0,0.0,2020-01-03 10:01:20.180034,298.87,298.9,1,2020-01-03
2020-01-03 10:01:25,Q,AAPL,298.87,2.0,298.9,1.0,0.0,-1.0,2020-01-03 10:01:25.000216,298.88,298.91,0,2020-01-03
2020-01-03 10:01:30,Q,AAPL,298.88,1.0,298.91,4.0,0.0,-1.0,2020-01-03 10:01:30.221014,298.88,298.93,0,2020-01-03
2020-01-03 10:01:35,K,AAPL,298.88,2.0,298.93,2.0,1.0,0.0,2020-01-03 10:01:35.129005,298.93,298.96,0,2020-01-03
2020-01-03 10:01:40,P,AAPL,298.93,2.0,298.96,3.0,1.0,0.0,2020-01-03 10:01:40.148555,298.84,298.86,-1,2020-01-03
2020-01-03 10:01:45,P,AAPL,298.84,3.0,298.86,1.0,0.0,-1.0,2020-01-03 10:01:45.028443,298.63,298.66,-1,2020-01-03
2020-01-03 10:01:50,Z,AAPL,298.63,3.0,298.66,1.0,1.0,-1.0,2020-01-03 10:01:50.209573,298.55,298.57,-1,2020-01-03
2020-01-03 10:01:55,B,AAPL,298.55,4.0,298.57,1.0,0.0,-2.0,2020-01-03 10:01:55.076945,298.51,298.54,-1,2020-01-03
2020-01-03 10:02:00,Z,AAPL,298.51,1.0,298.54,1.0,0.0,0.0,2020-01-03 10:02:00.010436,298.36,298.4,-1,2020-01-03
2020-01-03 10:02:05,Q,AAPL,298.36,6.0,298.4,1.0,0.0,0.0,2020-01-03 10:02:05.004287,298.24,298.3,-1,2020-01-03
2020-01-03 10:02:10,N,AAPL,298.24,5.0,298.3,1.0,4.0,0.0,2020-01-03 10:02:10.025979,298.1,298.13,-1,2020-01-03
2020-01-03 10:02:15,Q,AAPL,298.1,7.0,298.13,1.0,0.0,-1.0,2020-01-03 10:02:15.102098,298.07,298.12,0,2020-01-03
2020-01-03 10:02:20,N,AAPL,298.07,2.0,298.12,1.0,0.0,0.0,2020-01-03 10:02:20.021743,298.1,298.15,0,2020-01-03
2020-01-03 10:02:25,P,AAPL,298.1,10.0,298.15,3.0,8.0,0.0,2020-01-03 10:02:25.182547,298.23,298.26,1,2020-01-03
2020-01-03 10:02:30,Z,AAPL,298.23,2.0,298.26,1.0,0.0,-1.0,2020-01-03 10:02:30.039024,297.89,297.95,-1,2020-01-03
2020-01-03 10:02:35,Z,AAPL,297.89,4.0,297.95,1.0,1.0,-2.0,2020-01-03 10:02:35.113042,297.91,297.95,0,2020-01-03
2020-01-03 10:02:40,N,AAPL,297.91,1.0,297.95,3.0,0.0,2.0,2020-01-03 10:02:40.068648,297.83,297.86,-1,2020-01-03
2020-01-03 10:02:45,Z,AAPL,297.83,1.0,297.86,1.0,-1.0,0.0,2020-01-03 10:02:45.538309,297.93,297.98,1,2020-01-03
2020-01-03 10:02:50,Z,AAPL,297.93,4.0,297.98,6.0,1.0,0.0,2020-01-03 10:02:50.018351,297.92,297.95,0,2020-01-03
2020-01-03 10:02:55,Z,AAPL,297.92,2.0,297.95,2.0,0.0,-1.0,2020-01-03 10:02:55.119994,297.94,297.97,0,2020-01-03
2020-01-03 10:03:00,Q,AAPL,297.94,7.0,297.97,1.0,0.0,-1.0,2020-01-03 10:03:00.113855,298.06,298.1,1,2020-01-03
2020-01-03 10:03:05,Z,AAPL,298.06,3.0,298.1,1.0,1.0,0.0,2020-01-03 10:03:05.003471,298.01,298.05,-1,2020-01-03
2020-01-03 10:03:10,Z,AAPL,298.01,2.0,298.05,1.0,0.0,0.0,2020-01-03 10:03:10.003617,297.9,297.98,-1,2020-01-03
2020-01-03 10:03:15,N,AAPL,297.9,2.0,297.98,2.0,0.0,1.0,2020-01-03 10:03:15.340097,297.86,297.93,0,2020-01-03
2020-01-03 10:03:20,Q,AAPL,297.86,3.0,297.93,2.0,0.0,1.0,2020-01-03 10:03:20.249960,297.85,297.9,0,2020-01-03
2020-01-03 10:03:25,P,AAPL,297.85,4.0,297.9,1.0,0.0,0.0,2020-01-03 10:03:25.237114,297.84,297.9,0,2020-01-03
2020-01-03 10:03:30,N,AAPL,297.84,2.0,297.9,1.0,0.0,0.0,2020-01-03 10:03:30.438177,297.93,297.95,1,2020-01-03
2020-01-03 10:03:35,Z,AAPL,297.93,2.0,297.95,2.0,1.0,0.0,2020-01-03 10:03:35.076121,297.91,297.96,0,2020-01-03
2020-01-03 10:03:40,Z,AAPL,297.91,2.0,297.96,2.0,0.0,0.0,2020-01-03 10:03:40.662852,297.81,297.85,-1,2020-01-03
2020-01-03 10:03:45,Q,AAPL,297.81,1.0,297.85,1.0,-1.0,0.0,2020-01-03 10:03:45.261352,297.81,297.87,0,2020-01-03
2020-01-03 10:03:50,Q,AAPL,297.81,3.0,297.87,2.0,0.0,1.0,2020-01-03 10:03:50.087133,297.62,297.67,-1,2020-01-03
2020-01-03 10:03:55,Z,AAPL,297.62,1.0,297.67,1.0,-1.0,0.0,2020-01-03 10:03:55.007460,297.67,297.72,0,2020-01-03
2020-01-03 10:04:00,Z,AAPL,297.67,1.0,297.72,1.0,0.0,0.0,2020-01-03 10:04:00.000404,297.8,297.87,1,2020-01-03
2020-01-03 10:04:05,Z,AAPL,297.8,2.0,297.87,1.0,0.0,-1.0,2020-01-03 10:04:05.261627,297.96,297.98,1,2020-01-03
2020-01-03 10:04:10,P,AAPL,297.96,1.0,297.98,1.0,-1.0,0.0,2020-01-03 10:04:10.399323,298.01,298.05,1,2020-01-03
2020-01-03 10:04:15,Q,AAPL,298.01,13.0,298.05,4.0,0.0,3.0,2020-01-03 10:04:15.016059,297.96,297.98,-1,2020-01-03
2020-01-03 10:04:20,Z,AAPL,297.96,2.0,297.98,3.0,0.0,1.0,2020-01-03 10:04:20.025345,298.13,298.19,1,2020-01-03
2020-01-03 10:04:25,Z,AAPL,298.13,2.0,298.19,1.0,1.0,-1.0,2020-01-03 10:04:25.027077,298.08,298.12,-1,2020-01-03
2020-01-03 10:04:30,N,AAPL,298.08,4.0,298.12,2.0,-1.0,0.0,2020-01-03 10:04:30.003432,297.96,297.97,-1,2020-01-03
2020-01-03 10:04:35,Z,AAPL,297.96,12.0,297.97,4.0,11.0,2.0,2020-01-03 10:04:35.026329,298.02,298.07,1,2020-01-03
2020-01-03 10:04:40,X,AAPL,298.02,1.0,298.07,3.0,0.0,0.0,2020-01-03 10:04:40.359464,298.01,298.05,0,2020-01-03
2020-01-03 10:04:45,Z,AAPL,298.01,1.0,298.05,3.0,0.0,1.0,2020-01-03 10:04:45.064809,298.03,298.09,0,2020-01-03
2020-01-03 10:04:50,Z,AAPL,298.03,2.0,298.09,4.0,-2.0,3.0,2020-01-03 10:04:50.298168,297.96,298.0,-1,2020-01-03
2020-01-03 10:04:55,Z,AAPL,297.96,1.0,298.0,1.0,0.0,-1.0,2020-01-03 10:04:55.034882,298.01,298.05,1,2020-01-03
2020-01-03 10:05:00,N,AAPL,298.01,3.0,298.05,1.0,0.0,-1.0,2020-01-03 10:05:00.000406,297.92,297.96,-1,2020-01-03
2020-01-03 10:05:05,Q,AAPL,297.92,2.0,297.96,1.0,0.0,0.0,2020-01-03 10:05:05.326713,297.93,298.0,0,2020-01-03
2020-01-03 10:05:10,Z,AAPL,297.93,3.0,298.0,2.0,1.0,0.0,2020-01-03 10:05:10.042470,298.04,298.07,1,2020-01-03
2020-01-03 10:05:15,Z,AAPL,298.04,1.0,298.07,1.0,-1.0,0.0,2020-01-03 10:05:15.102327,298.01,298.04,0,2020-01-03
2020-01-03 10:05:20,Z,AAPL,298.01,2.0,298.04,1.0,0.0,0.0,2020-01-03 10:05:20.000958,298.01,298.05,0,2020-01-03
2020-01-03 10:05:25,Q,AAPL,298.01,4.0,298.05,1.0,0.0,0.0,2020-01-03 10:05:25.013768,297.96,298.01,0,2020-01-03
2020-01-03 10:05:30,Z,AAPL,297.96,4.0,298.01,1.0,2.0,0.0,2020-01-03 10:05:30.026015,297.97,298.02,0,2020-01-03
2020-01-03 10:05:35,Z,AAPL,297.97,2.0,298.02,1.0,0.0,-1.0,2020-01-03 10:05:35.118553,298.0,298.03,0,2020-01-03
2020-01-03 10:05:40,Q,AAPL,298.0,3.0,298.03,1.0,0.0,0.0,2020-01-03 10:05:40.204192,298.02,298.05,0,2020-01-03
2020-01-03 10:05:45,K,AAPL,298.02,1.0,298.05,1.0,0.0,0.0,2020-01-03 10:05:45.301828,297.94,297.97,-1,2020-01-03
2020-01-03 10:05:50,Z,AAPL,297.94,2.0,297.97,2.0,-2.0,1.0,2020-01-03 10:05:51.303172,298.04,298.05,1,2020-01-03
2020-01-03 10:05:55,Z,AAPL,298.04,1.0,298.05,2.0,-1.0,0.0,2020-01-03 10:05:55.730626,298.08,298.1,1,2020-01-03
2020-01-03 10:06:00,Z,AAPL,298.08,4.0,298.1,24.0,0.0,-9.0,2020-01-03 10:06:00.078317,298.05,298.08,0,2020-01-03
2020-01-03 10:06:05,N,AAPL,298.05,1.0,298.08,6.0,0.0,-1.0,2020-01-03 10:06:05.035315,298.07,298.1,0,2020-01-03
2020-01-03 10:06:10,X,AAPL,298.07,3.0,298.1,60.0,2.0,0.0,2020-01-03 10:06:10.126052,298.16,298.18,1,2020-01-03
2020-01-03 10:06:15,Q,AAPL,298.16,4.0,298.18,26.0,3.0,0.0,2020-01-03 10:06:15.268525,298.06,298.08,-1,2020-01-03
2020-01-03 10:06:20,Z,AAPL,298.06,10.0,298.08,1.0,0.0,-1.0,2020-01-03 10:06:20.021055,297.97,298.02,-1,2020-01-03
2020-01-03 10:06:25,N,AAPL,297.97,5.0,298.02,2.0,2.0,0.0,2020-01-03 10:06:25.075811,298.05,298.08,1,2020-01-03
2020-01-03 10:06:30,Z,AAPL,298.05,1.0,298.08,1.0,-2.0,0.0,2020-01-03 10:06:30.037161,298.01,298.03,-1,2020-01-03
2020-01-03 10:06:35,Z,AAPL,298.01,2.0,298.03,1.0,0.0,-1.0,2020-01-03 10:06:35.122360,297.95,297.99,-1,2020-01-03
2020-01-03 10:06:40,Z,AAPL,297.95,2.0,297.99,1.0,-8.0,-1.0,2020-01-03 10:06:40.242664,297.96,298.01,0,2020-01-03
2020-01-03 10:06:45,Z,AAPL,297.96,2.0,298.01,3.0,0.0,0.0,2020-01-03 10:06:45.328386,297.92,297.95,-1,2020-01-03
2020-01-03 10:06:50,Q,AAPL,297.92,1.0,297.95,2.0,0.0,1.0,2020-01-03 10:06:50.120722,297.94,297.96,0,2020-01-03
2020-01-03 10:06:55,Z,AAPL,297.94,2.0,297.96,1.0,-1.0,0.0,2020-01-03 10:06:56.204353,298.04,298.09,1,2020-01-03
2020-01-03 10:07:00,Q,AAPL,298.04,2.0,298.09,2.0,0.0,1.0,2020-01-03 10:07:00.201702,297.98,298.05,0,2020-01-03
2020-01-03 10:07:05,Z,AAPL,297.98,3.0,298.05,2.0,0.0,0.0,2020-01-03 10:07:05.147787,297.99,298.03,0,2020-01-03
2020-01-03 10:07:10,X,AAPL,297.99,2.0,298.03,1.0,0.0,-1.0,2020-01-03 10:07:10.133278,297.95,297.99,0,2020-01-03
2020-01-03 10:07:15,Q,AAPL,297.95,3.0,297.99,1.0,0.0,0.0,2020-01-03 10:07:15.455456,297.99,298.04,0,2020-01-03
2020-01-03 10:07:20,Q,AAPL,297.99,1.0,298.04,2.0,0.0,0.0,2020-01-03 10:07:20.019719,297.94,297.98,-1,2020-01-03
2020-01-03 10:07:25,Q,AAPL,297.94,3.0,297.98,5.0,0.0,4.0,2020-01-03 10:07:25.050467,297.94,297.96,0,2020-01-03
2020-01-03 10:07:30,Z,AAPL,297.94,3.0,297.96,2.0,1.0,0.0,2020-01-03 10:07:30.037192,297.96,298.0,0,2020-01-03
2020-01-03 10:07:35,Z,AAPL,297.96,4.0,298.0,2.0,0.0,0.0,2020-01-03 10:07:35.445999,297.98,298.05,0,2020-01-03
2020-01-03 10:07:40,Z,AAPL,297.98,4.0,298.05,23.0,3.0,22.0,2020-01-03 10:07:40.000365,297.97,298.0,0,2020-01-03
2020-01-03 10:07:45,N,AAPL,297.97,2.0,298.0,3.0,1.0,0.0,2020-01-03 10:07:45.309318,297.96,298.0,0,2020-01-03
2020-01-03 10:07:50,P,AAPL,297.96,3.0,298.0,2.0,0.0,1.0,2020-01-03 10:07:50.083295,298.03,298.05,1,2020-01-03
2020-01-03 10:07:55,Z,AAPL,298.03,1.0,298.05,16.0,-1.0,0.0,2020-01-03 10:07:55.004611,298.12,298.14,1,2020-01-03
2020-01-03 10:08:00,Z,AAPL,298.12,1.0,298.14,1.0,0.0,0.0,2020-01-03 10:08:00.283333,298.09,298.11,-1,2020-01-03
2020-01-03 10:08:05,Y,AAPL,298.09,2.0,298.11,1.0,0.0,-2.0,2020-01-03 10:08:05.803404,298.05,298.1,0,2020-01-03
2020-01-03 10:08:10,Q,AAPL,298.05,5.0,298.1,3.0,0.0,2.0,2020-01-03 10:08:10.018541,298.08,298.14,0,2020-01-03
2020-01-03 10:08:15,Q,AAPL,298.08,2.0,298.14,3.0,0.0,2.0,2020-01-03 10:08:15.027894,298.13,298.15,0,2020-01-03
2020-01-03 10:08:20,J,AAPL,298.13,1.0,298.15,1.0,-1.0,0.0,2020-01-03 10:08:20.057434,298.08,298.09,-1,2020-01-03
2020-01-03 10:08:25,J,AAPL,298.08,1.0,298.09,3.0,0.0,0.0,2020-01-03 10:08:25.067646,298.11,298.13,1,2020-01-03
2020-01-03 10:08:30,Q,AAPL,298.11,2.0,298.13,1.0,0.0,-1.0,2020-01-03 10:08:30.514594,298.28,298.3,1,2020-01-03
2020-01-03 10:08:35,J,AAPL,298.28,1.0,298.3,4.0,-2.0,0.0,2020-01-03 10:08:35.393031,298.18,298.22,-1,2020-01-03
2020-01-03 10:08:40,Q,AAPL,298.18,2.0,298.22,3.0,1.0,0.0,2020-01-03 10:08:40.003951,298.19,298.23,0,2020-01-03
2020-01-03 10:08:45,Q,AAPL,298.19,2.0,298.23,2.0,1.0,0.0,2020-01-03 10:08:45.645941,298.24,298.27,1,2020-01-03
2020-01-03 10:08:50,Z,AAPL,298.24,2.0,298.27,2.0,-1.0,1.0,2020-01-03 10:08:50.135089,298.27,298.3,0,2020-01-03
2020-01-03 10:08:55,Q,AAPL,298.27,1.0,298.3,2.0,0.0,0.0,2020-01-03 10:08:55.027427,298.32,298.35,1,2020-01-03
2020-01-03 10:09:00,K,AAPL,298.32,1.0,298.35,19.0,0.0,18.0,2020-01-03 10:09:00.045459,298.29,298.32,0,2020-01-03
2020-01-03 10:09:05,Z,AAPL,298.29,2.0,298.32,2.0,0.0,1.0,2020-01-03 10:09:05.052843,298.24,298.28,-1,2020-01-03
2020-01-03 10:09:10,Z,AAPL,298.24,3.0,298.28,1.0,-1.0,0.0,2020-01-03 10:09:10.144172,298.38,298.4,1,2020-01-03
2020-01-03 10:09:15,Z,AAPL,298.38,2.0,298.4,5.0,0.0,0.0,2020-01-03 10:09:15.302680,298.53,298.55,1,2020-01-03
2020-01-03 10:09:20,K,AAPL,298.53,1.0,298.55,2.0,0.0,0.0,2020-01-03 10:09:20.024337,298.53,298.55,0,2020-01-03
2020-01-03 10:09:25,Z,AAPL,298.53,2.0,298.55,1.0,-2.0,-1.0,2020-01-03 10:09:25.113074,298.57,298.59,1,2020-01-03
2020-01-03 10:09:30,P,AAPL,298.57,3.0,298.59,1.0,2.0,0.0,2020-01-03 10:09:30.146915,298.57,298.61,0,2020-01-03
2020-01-03 10:09:35,Z,AAPL,298.57,4.0,298.61,2.0,3.0,1.0,2020-01-03 10:09:35.156780,298.58,298.61,0,2020-01-03
2020-01-03 10:09:40,Z,AAPL,298.58,1.0,298.61,3.0,0.0,-2.0,2020-01-03 10:09:40.002645,298.69,298.71,1,2020-01-03
2020-01-03 10:09:45,P,AAPL,298.69,2.0,298.71,7.0,-1.0,1.0,2020-01-03 10:09:45.005777,298.7,298.74,0,2020-01-03
2020-01-03 10:09:50,Z,AAPL,298.7,5.0,298.74,5.0,1.0,0.0,2020-01-03 10:09:50.003811,298.72,298.77,0,2020-01-03
2020-01-03 10:09:55,Z,AAPL,298.72,2.0,298.77,2.0,1.0,0.0,2020-01-03 10:09:55.003840,298.65,298.69,-1,2020-01-03
2020-01-03 10:10:00,Q,AAPL,298.65,1.0,298.69,2.0,0.0,-1.0,2020-01-03 10:10:00.201965,298.66,298.7,0,2020-01-03
2020-01-03 10:10:05,Z,AAPL,298.66,3.0,298.7,2.0,-1.0,0.0,2020-01-03 10:10:05.054500,298.75,298.78,1,2020-01-03
2020-01-03 10:10:10,Q,AAPL,298.75,2.0,298.78,1.0,0.0,0.0,2020-01-03 10:10:10.054825,298.74,298.76,0,2020-01-03
2020-01-03 10:10:15,Q,AAPL,298.74,1.0,298.76,2.0,0.0,1.0,2020-01-03 10:10:15.226088,298.72,298.75,0,2020-01-03
2020-01-03 10:10:20,Q,AAPL,298.72,2.0,298.75,1.0,0.0,0.0,2020-01-03 10:10:20.001081,298.79,298.82,1,2020-01-03
2020-01-03 10:10:25,Q,AAPL,298.79,3.0,298.82,1.0,0.0,0.0,2020-01-03 10:10:25.288367,298.82,298.84,0,2020-01-03
2020-01-03 10:10:30,P,AAPL,298.82,1.0,298.84,1.0,0.0,0.0,2020-01-03 10:10:30.016535,298.78,298.82,0,2020-01-03
2020-01-03 10:10:35,N,AAPL,298.78,2.0,298.82,2.0,0.0,1.0,2020-01-03 10:10:35.032823,298.82,298.84,0,2020-01-03
2020-01-03 10:10:40,Q,AAPL,298.82,2.0,298.84,1.0,0.0,-1.0,2020-01-03 10:10:40.218086,298.85,298.87,1,2020-01-03
2020-01-03 10:10:45,N,AAPL,298.85,4.0,298.87,1.0,0.0,-1.0,2020-01-03 10:10:45.169223,298.95,298.98,1,2020-01-03
2020-01-03 10:10:50,Z,AAPL,298.95,2.0,298.98,6.0,1.0,0.0,2020-01-03 10:10:50.004404,298.95,298.98,0,2020-01-03
2020-01-03 10:10:55,Z,AAPL,298.95,4.0,298.98,2.0,0.0,0.0,2020-01-03 10:10:55.129925,298.89,298.94,-1,2020-01-03
2020-01-03 10:11:00,Z,AAPL,298.89,2.0,298.94,2.0,-2.0,0.0,2020-01-03 10:11:00.009195,298.88,298.91,0,2020-01-03
2020-01-03 10:11:05,Z,AAPL,298.88,1.0,298.91,1.0,-1.0,0.0,2020-01-03 10:11:05.097713,298.91,298.94,0,2020-01-03
2020-01-03 10:11:10,Q,AAPL,298.91,1.0,298.94,1.0,-1.0,0.0,2020-01-03 10:11:10.063469,298.84,298.87,-1,2020-01-03
2020-01-03 10:11:15,K,AAPL,298.84,1.0,298.87,2.0,0.0,0.0,2020-01-03 10:11:15.027267,298.85,298.89,0,2020-01-03
2020-01-03 10:11:20,P,AAPL,298.85,1.0,298.89,4.0,0.0,2.0,2020-01-03 10:11:20.367474,298.84,298.87,0,2020-01-03
2020-01-03 10:11:25,Z,AAPL,298.84,9.0,298.87,1.0,1.0,0.0,2020-01-03 10:11:25.106008,298.74,298.79,-1,2020-01-03
2020-01-03 10:11:30,Z,AAPL,298.74,1.0,298.79,2.0,0.0,0.0,2020-01-03 10:11:30.351680,298.72,298.76,0,2020-01-03
2020-01-03 10:11:35,K,AAPL,298.72,2.0,298.76,2.0,0.0,0.0,2020-01-03 10:11:35.003499,298.69,298.74,0,2020-01-03
2020-01-03 10:11:40,Q,AAPL,298.69,1.0,298.74,2.0,0.0,1.0,2020-01-03 10:11:40.011034,298.71,298.74,0,2020-01-03
2020-01-03 10:11:45,K,AAPL,298.71,1.0,298.74,2.0,-1.0,0.0,2020-01-03 10:11:45.026364,298.67,298.72,0,2020-01-03
2020-01-03 10:11:50,K,AAPL,298.67,2.0,298.72,1.0,1.0,0.0,2020-01-03 10:11:50.008135,298.67,298.71,0,2020-01-03
2020-01-03 10:11:55,Z,AAPL,298.67,5.0,298.71,3.0,0.0,1.0,2020-01-03 10:11:55.001225,298.78,298.8,1,2020-01-03
2020-01-03 10:12:00,K,AAPL,298.78,2.0,298.8,16.0,0.0,1.0,2020-01-03 10:12:00.176858,298.75,298.77,-1,2020-01-03
2020-01-03 10:12:05,Z,AAPL,298.75,1.0,298.77,2.0,0.0,0.0,2020-01-03 10:12:05.004589,298.75,298.78,0,2020-01-03
2020-01-03 10:12:10,J,AAPL,298.75,1.0,298.78,2.0,-1.0,0.0,2020-01-03 10:12:10.021333,298.82,298.84,1,2020-01-03
2020-01-03 10:12:15,P,AAPL,298.82,2.0,298.84,1.0,1.0,0.0,2020-01-03 10:12:15.143769,298.91,298.92,1,2020-01-03
2020-01-03 10:12:20,K,AAPL,298.91,2.0,298.92,1.0,0.0,0.0,2020-01-03 10:12:20.152331,298.91,298.92,0,2020-01-03
2020-01-03 10:12:25,K,AAPL,298.91,2.0,298.92,1.0,0.0,0.0,2020-01-03 10:12:25.019120,298.9,298.92,0,2020-01-03
2020-01-03 10:12:30,Z,AAPL,298.9,2.0,298.92,1.0,1.0,0.0,2020-01-03 10:12:30.328520,298.97,298.98,1,2020-01-03
2020-01-03 10:12:35,P,AAPL,298.97,3.0,298.98,3.0,1.0,1.0,2020-01-03 10:12:35.933977,298.92,298.93,-1,2020-01-03
2020-01-03 10:12:40,Q,AAPL,298.92,2.0,298.93,1.0,0.0,0.0,2020-01-03 10:12:40.123347,298.95,298.99,1,2020-01-03
2020-01-03 10:12:45,Q,AAPL,298.95,3.0,298.99,3.0,1.0,0.0,2020-01-03 10:12:45.033407,299.03,299.07,1,2020-01-03
2020-01-03 10:12:50,Z,AAPL,299.03,3.0,299.07,4.0,1.0,0.0,2020-01-03 10:12:50.002591,299.08,299.11,1,2020-01-03
2020-01-03 10:12:55,Q,AAPL,299.08,3.0,299.11,2.0,0.0,1.0,2020-01-03 10:12:55.326785,299.05,299.07,-1,2020-01-03
2020-01-03 10:13:00,Z,AAPL,299.05,1.0,299.07,2.0,0.0,-2.0,2020-01-03 10:13:00.028756,299.07,299.11,0,2020-01-03
2020-01-03 10:13:05,N,AAPL,299.07,1.0,299.11,4.0,0.0,0.0,2020-01-03 10:13:05.075324,299.0,299.03,-1,2020-01-03
2020-01-03 10:13:10,K,AAPL,299.0,2.0,299.03,1.0,0.0,0.0,2020-01-03 10:13:10.086275,298.93,298.96,-1,2020-01-03
2020-01-03 10:13:15,Z,AAPL,298.93,2.0,298.96,1.0,1.0,0.0,2020-01-03 10:13:15.024434,298.92,298.95,0,2020-01-03
2020-01-03 10:13:20,N,AAPL,298.92,1.0,298.95,1.0,-1.0,0.0,2020-01-03 10:13:20.173792,298.9,298.94,0,2020-01-03
2020-01-03 10:13:25,Z,AAPL,298.9,10.0,298.94,1.0,9.0,0.0,2020-01-03 10:13:25.072487,298.95,298.97,1,2020-01-03
2020-01-03 10:13:30,Q,AAPL,298.95,2.0,298.97,2.0,0.0,1.0,2020-01-03 10:13:30.059079,298.93,298.97,0,2020-01-03
2020-01-03 10:13:35,Z,AAPL,298.93,1.0,298.97,3.0,0.0,1.0,2020-01-03 10:13:35.070468,298.82,298.86,-1,2020-01-03
2020-01-03 10:13:40,Z,AAPL,298.82,4.0,298.86,2.0,0.0,1.0,2020-01-03 10:13:40.003331,298.71,298.73,-1,2020-01-03
2020-01-03 10:13:45,Q,AAPL,298.71,2.0,298.73,1.0,1.0,-1.0,2020-01-03 10:13:45.137098,298.72,298.75,0,2020-01-03
2020-01-03 10:13:50,Z,AAPL,298.72,3.0,298.75,2.0,1.0,0.0,2020-01-03 10:13:50.014597,298.74,298.77,0,2020-01-03
2020-01-03 10:13:55,Q,AAPL,298.74,4.0,298.77,1.0,3.0,0.0,2020-01-03 10:13:55.101222,298.77,298.81,0,2020-01-03
2020-01-03 10:14:00,Q,AAPL,298.77,3.0,298.81,4.0,0.0,3.0,2020-01-03 10:14:00.007355,298.79,298.81,0,2020-01-03
2020-01-03 10:14:05,Z,AAPL,298.79,2.0,298.81,1.0,0.0,0.0,2020-01-03 10:14:05.333620,298.78,298.81,0,2020-01-03
2020-01-03 10:14:10,Z,AAPL,298.78,4.0,298.81,5.0,0.0,3.0,2020-01-03 10:14:10.220903,298.75,298.77,-1,2020-01-03
2020-01-03 10:14:15,Z,AAPL,298.75,2.0,298.77,3.0,-1.0,0.0,2020-01-03 10:14:16.017165,298.72,298.75,0,2020-01-03
2020-01-03 10:14:20,N,AAPL,298.72,4.0,298.75,3.0,1.0,0.0,2020-01-03 10:14:20.134855,298.8,298.83,1,2020-01-03
2020-01-03 10:14:25,Q,AAPL,298.8,2.0,298.83,1.0,1.0,0.0,2020-01-03 10:14:25.191693,298.91,298.94,1,2020-01-03
2020-01-03 10:14:30,Z,AAPL,298.91,1.0,298.94,2.0,0.0,-8.0,2020-01-03 10:14:30.078696,298.96,298.99,1,2020-01-03
2020-01-03 10:14:35,Z,AAPL,298.96,2.0,298.99,4.0,-3.0,-7.0,2020-01-03 10:14:35.352862,299.01,299.05,1,2020-01-03
2020-01-03 10:14:40,Z,AAPL,299.01,4.0,299.05,2.0,1.0,0.0,2020-01-03 10:14:40.022418,299.1,299.12,1,2020-01-03
2020-01-03 10:14:45,Z,AAPL,299.1,5.0,299.12,1.0,2.0,0.0,2020-01-03 10:14:45.004140,299.12,299.15,0,2020-01-03
2020-01-03 10:14:50,N,AAPL,299.12,1.0,299.15,2.0,-1.0,0.0,2020-01-03 10:14:50.628284,299.11,299.14,0,2020-01-03
2020-01-03 10:14:55,N,AAPL,299.11,4.0,299.14,3.0,0.0,1.0,2020-01-03 10:14:55.350157,299.16,299.18,1,2020-01-03
2020-01-03 10:15:00,P,AAPL,299.16,3.0,299.18,1.0,-1.0,0.0,2020-01-03 10:15:00.146673,299.11,299.16,0,2020-01-03
2020-01-03 10:15:05,N,AAPL,299.11,4.0,299.16,5.0,0.0,4.0,2020-01-03 10:15:05.024349,299.04,299.08,-1,2020-01-03
2020-01-03 10:15:10,Z,AAPL,299.04,3.0,299.08,3.0,0.0,2.0,2020-01-03 10:15:10.010569,299.11,299.14,1,2020-01-03
2020-01-03 10:15:15,Z,AAPL,299.11,1.0,299.14,1.0,0.0,-4.0,2020-01-03 10:15:15.087952,299.11,299.14,0,2020-01-03
2020-01-03 10:15:20,Y,AAPL,299.11,5.0,299.14,1.0,0.0,-8.0,2020-01-03 10:15:20.412207,299.12,299.14,0,2020-01-03
2020-01-03 10:15:25,Z,AAPL,299.12,3.0,299.14,2.0,0.0,0.0,2020-01-03 10:15:25.095057,299.11,299.14,0,2020-01-03
2020-01-03 10:15:30,Q,AAPL,299.11,2.0,299.14,2.0,1.0,0.0,2020-01-03 10:15:30.361961,299.05,299.09,-1,2020-01-03
2020-01-03 10:15:35,P,AAPL,299.05,3.0,299.09,3.0,0.0,1.0,2020-01-03 10:15:35.232745,299.1,299.14,1,2020-01-03
2020-01-03 10:15:40,N,AAPL,299.1,3.0,299.14,3.0,0.0,1.0,2020-01-03 10:15:40.189179,299.11,299.14,0,2020-01-03
2020-01-03 10:15:45,Z,AAPL,299.11,1.0,299.14,3.0,-1.0,0.0,2020-01-03 10:15:45.477617,299.1,299.14,0,2020-01-03
2020-01-03 10:15:50,Z,AAPL,299.1,5.0,299.14,5.0,0.0,3.0,2020-01-03 10:15:50.014128,299.16,299.18,1,2020-01-03
2020-01-03 10:15:55,Q,AAPL,299.16,1.0,299.18,3.0,0.0,0.0,2020-01-03 10:15:55.000027,299.16,299.19,0,2020-01-03
2020-01-03 10:16:00,N,AAPL,299.16,2.0,299.19,2.0,0.0,-2.0,2020-01-03 10:16:00.002169,299.27,299.3,1,2020-01-03
2020-01-03 10:16:05,C,AAPL,299.27,2.0,299.3,13.0,0.0,12.0,2020-01-03 10:16:05.149060,299.25,299.27,0,2020-01-03
2020-01-03 10:16:10,Z,AAPL,299.25,2.0,299.27,1.0,0.0,-1.0,2020-01-03 10:16:10.004374,299.29,299.3,1,2020-01-03
2020-01-03 10:16:15,Q,AAPL,299.29,1.0,299.3,1.0,0.0,-5.0,2020-01-03 10:16:15.012855,299.3,299.32,0,2020-01-03
2020-01-03 10:16:20,Q,AAPL,299.3,6.0,299.32,4.0,1.0,0.0,2020-01-03 10:16:20.004379,299.27,299.3,0,2020-01-03
2020-01-03 10:16:25,N,AAPL,299.27,2.0,299.3,2.0,0.0,1.0,2020-01-03 10:16:25.137349,299.32,299.35,1,2020-01-03
2020-01-03 10:16:30,Z,AAPL,299.32,10.0,299.35,2.0,0.0,1.0,2020-01-03 10:16:30.003334,299.38,299.39,1,2020-01-03
2020-01-03 10:16:35,Q,AAPL,299.38,2.0,299.39,1.0,1.0,-2.0,2020-01-03 10:16:35.634997,299.42,299.45,1,2020-01-03
2020-01-03 10:16:40,Z,AAPL,299.42,1.0,299.45,2.0,-2.0,0.0,2020-01-03 10:16:40.000351,299.39,299.43,0,2020-01-03
2020-01-03 10:16:45,Z,AAPL,299.39,4.0,299.43,4.0,3.0,0.0,2020-01-03 10:16:45.412559,299.53,299.54,1,2020-01-03
2020-01-03 10:16:50,Z,AAPL,299.53,1.0,299.54,3.0,-1.0,0.0,2020-01-03 10:16:50.027997,299.48,299.49,-1,2020-01-03
2020-01-03 10:16:55,P,AAPL,299.48,1.0,299.49,7.0,0.0,0.0,2020-01-03 10:16:55.128517,299.56,299.6,1,2020-01-03
2020-01-03 10:17:00,Q,AAPL,299.56,2.0,299.6,6.0,-1.0,0.0,2020-01-03 10:17:01.550317,299.47,299.49,-1,2020-01-03
2020-01-03 10:17:05,Z,AAPL,299.47,1.0,299.49,1.0,0.0,0.0,2020-01-03 10:17:05.012141,299.4,299.43,-1,2020-01-03
2020-01-03 10:17:10,Z,AAPL,299.4,1.0,299.43,2.0,0.0,1.0,2020-01-03 10:17:10.197443,299.36,299.39,-1,2020-01-03
2020-01-03 10:17:15,Z,AAPL,299.36,4.0,299.39,1.0,0.0,-1.0,2020-01-03 10:17:15.014074,299.42,299.45,1,2020-01-03
2020-01-03 10:17:20,K,AAPL,299.42,4.0,299.45,1.0,0.0,0.0,2020-01-03 10:17:20.018405,299.46,299.48,1,2020-01-03
2020-01-03 10:17:25,Z,AAPL,299.46,2.0,299.48,1.0,0.0,-1.0,2020-01-03 10:17:25.150373,299.47,299.49,0,2020-01-03
2020-01-03 10:17:30,Z,AAPL,299.47,3.0,299.49,3.0,0.0,1.0,2020-01-03 10:17:30.273838,299.47,299.48,0,2020-01-03
2020-01-03 10:17:35,Q,AAPL,299.47,1.0,299.48,2.0,-1.0,0.0,2020-01-03 10:17:35.324472,299.4,299.44,-1,2020-01-03
2020-01-03 10:17:40,Z,AAPL,299.4,1.0,299.44,2.0,0.0,0.0,2020-01-03 10:17:40.130670,299.41,299.44,0,2020-01-03
2020-01-03 10:17:45,N,AAPL,299.41,1.0,299.44,2.0,0.0,-1.0,2020-01-03 10:17:45.010281,299.4,299.44,0,2020-01-03
2020-01-03 10:17:50,N,AAPL,299.4,3.0,299.44,2.0,0.0,0.0,2020-01-03 10:17:50.022958,299.46,299.49,1,2020-01-03
2020-01-03 10:17:55,Z,AAPL,299.46,3.0,299.49,1.0,1.0,0.0,2020-01-03 10:17:55.321302,299.43,299.47,0,2020-01-03
2020-01-03 10:18:00,Z,AAPL,299.43,3.0,299.47,8.0,1.0,0.0,2020-01-03 10:18:00.146695,299.38,299.4,-1,2020-01-03
2020-01-03 10:18:05,Q,AAPL,299.38,1.0,299.4,2.0,0.0,1.0,2020-01-03 10:18:05.001426,299.35,299.38,0,2020-01-03
2020-01-03 10:18:10,P,AAPL,299.35,2.0,299.38,1.0,1.0,-1.0,2020-01-03 10:18:10.583710,299.32,299.36,0,2020-01-03
2020-01-03 10:18:15,P,AAPL,299.32,1.0,299.36,1.0,-1.0,-1.0,2020-01-03 10:18:15.090212,299.35,299.37,0,2020-01-03
2020-01-03 10:18:20,Q,AAPL,299.35,1.0,299.37,1.0,0.0,0.0,2020-01-03 10:18:20.001300,299.23,299.27,-1,2020-01-03
2020-01-03 10:18:25,Z,AAPL,299.23,4.0,299.27,1.0,1.0,0.0,2020-01-03 10:18:25.024703,299.27,299.31,0,2020-01-03
2020-01-03 10:18:30,Z,AAPL,299.27,3.0,299.31,1.0,1.0,0.0,2020-01-03 10:18:30.989459,299.23,299.26,-1,2020-01-03
2020-01-03 10:18:35,N,AAPL,299.23,2.0,299.26,1.0,0.0,0.0,2020-01-03 10:18:35.831732,299.23,299.25,0,2020-01-03
2020-01-03 10:18:40,K,AAPL,299.23,1.0,299.25,2.0,0.0,0.0,2020-01-03 10:18:40.786349,299.27,299.31,1,2020-01-03
2020-01-03 10:18:45,Q,AAPL,299.27,5.0,299.31,2.0,0.0,1.0,2020-01-03 10:18:45.299215,299.35,299.39,1,2020-01-03
2020-01-03 10:18:50,N,AAPL,299.35,3.0,299.39,4.0,0.0,2.0,2020-01-03 10:18:50.053391,299.34,299.39,0,2020-01-03
2020-01-03 10:18:55,N,AAPL,299.34,3.0,299.39,1.0,0.0,-1.0,2020-01-03 10:18:55.018501,299.28,299.31,-1,2020-01-03
2020-01-03 10:19:00,Z,AAPL,299.28,5.0,299.31,2.0,0.0,1.0,2020-01-03 10:19:00.004876,299.32,299.36,1,2020-01-03
2020-01-03 10:19:05,N,AAPL,299.32,3.0,299.36,4.0,0.0,2.0,2020-01-03 10:19:05.012111,299.12,299.16,-1,2020-01-03
2020-01-03 10:19:10,Z,AAPL,299.12,1.0,299.16,2.0,0.0,0.0,2020-01-03 10:19:10.028380,299.11,299.14,0,2020-01-03
2020-01-03 10:19:15,Q,AAPL,299.11,2.0,299.14,1.0,0.0,-3.0,2020-01-03 10:19:15.032674,299.16,299.17,1,2020-01-03
2020-01-03 10:19:20,Z,AAPL,299.16,7.0,299.17,2.0,-1.0,1.0,2020-01-03 10:19:20.118722,299.14,299.18,0,2020-01-03
2020-01-03 10:19:25,Z,AAPL,299.14,3.0,299.18,2.0,0.0,0.0,2020-01-03 10:19:26.342418,299.03,299.06,-1,2020-01-03
2020-01-03 10:19:30,Q,AAPL,299.03,1.0,299.06,2.0,-4.0,0.0,2020-01-03 10:19:30.000337,299.01,299.04,0,2020-01-03
2020-01-03 10:19:35,Z,AAPL,299.01,1.0,299.04,1.0,0.0,-1.0,2020-01-03 10:19:35.171745,299.04,299.07,0,2020-01-03
2020-01-03 10:19:40,J,AAPL,299.04,3.0,299.07,1.0,1.0,0.0,2020-01-03 10:19:40.618882,299.05,299.09,0,2020-01-03
2020-01-03 10:19:45,Z,AAPL,299.05,1.0,299.09,2.0,0.0,0.0,2020-01-03 10:19:45.084439,299.0,299.03,-1,2020-01-03
2020-01-03 10:19:50,Q,AAPL,299.0,9.0,299.03,3.0,0.0,1.0,2020-01-03 10:19:50.063712,299.0,299.01,0,2020-01-03
2020-01-03 10:19:55,Z,AAPL,299.0,9.0,299.01,2.0,0.0,-2.0,2020-01-03 10:19:55.268437,298.91,298.94,-1,2020-01-03
2020-01-03 10:20:00,N,AAPL,298.91,2.0,298.94,1.0,0.0,0.0,2020-01-03 10:20:00.032679,299.03,299.06,1,2020-01-03
2020-01-03 10:20:05,Q,AAPL,299.03,2.0,299.06,1.0,0.0,0.0,2020-01-03 10:20:05.478730,298.95,299.0,-1,2020-01-03
2020-01-03 10:20:10,N,AAPL,298.95,2.0,299.0,3.0,0.0,1.0,2020-01-03 10:20:10.000320,298.87,298.92,-1,2020-01-03
2020-01-03 10:20:15,N,AAPL,298.87,5.0,298.92,4.0,0.0,1.0,2020-01-03 10:20:15.163290,298.86,298.91,0,2020-01-03
2020-01-03 10:20:20,P,AAPL,298.86,3.0,298.91,1.0,0.0,0.0,2020-01-03 10:20:20.072128,298.93,298.96,1,2020-01-03
2020-01-03 10:20:25,Z,AAPL,298.93,2.0,298.96,1.0,-1.0,0.0,2020-01-03 10:20:25.100116,298.84,298.88,-1,2020-01-03
2020-01-03 10:20:30,N,AAPL,298.84,1.0,298.88,2.0,0.0,0.0,2020-01-03 10:20:30.003987,298.91,298.94,1,2020-01-03
2020-01-03 10:20:35,Z,AAPL,298.91,1.0,298.94,2.0,0.0,0.0,2020-01-03 10:20:35.009339,298.89,298.93,0,2020-01-03
2020-01-03 10:20:40,N,AAPL,298.89,3.0,298.93,2.0,2.0,0.0,2020-01-03 10:20:40.330767,298.92,298.95,0,2020-01-03
2020-01-03 10:20:45,P,AAPL,298.92,4.0,298.95,2.0,0.0,0.0,2020-01-03 10:20:45.243411,298.88,298.92,0,2020-01-03
2020-01-03 10:20:50,N,AAPL,298.88,2.0,298.92,2.0,0.0,-2.0,2020-01-03 10:20:50.012277,298.91,298.95,0,2020-01-03
2020-01-03 10:20:55,N,AAPL,298.91,5.0,298.95,1.0,3.0,0.0,2020-01-03 10:20:55.172444,298.9,298.95,0,2020-01-03
2020-01-03 10:21:00,Q,AAPL,298.9,4.0,298.95,2.0,-1.0,0.0,2020-01-03 10:21:00.052779,298.89,298.91,0,2020-01-03
2020-01-03 10:21:05,N,AAPL,298.89,1.0,298.91,4.0,-1.0,2.0,2020-01-03 10:21:05.492409,298.83,298.87,-1,2020-01-03
2020-01-03 10:21:10,Z,AAPL,298.83,3.0,298.87,1.0,0.0,0.0,2020-01-03 10:21:10.254537,298.98,299.01,1,2020-01-03
2020-01-03 10:21:15,K,AAPL,298.98,3.0,299.01,2.0,1.0,-8.0,2020-01-03 10:21:15.173744,299.04,299.07,1,2020-01-03
2020-01-03 10:21:20,Z,AAPL,299.04,2.0,299.07,1.0,0.0,-1.0,2020-01-03 10:21:20.064075,299.01,299.05,0,2020-01-03
2020-01-03 10:21:25,X,AAPL,299.01,5.0,299.05,1.0,0.0,-1.0,2020-01-03 10:21:25.579895,298.97,299.0,-1,2020-01-03
2020-01-03 10:21:30,N,AAPL,298.97,2.0,299.0,1.0,1.0,0.0,2020-01-03 10:21:30.790628,299.01,299.05,1,2020-01-03
2020-01-03 10:21:35,J,AAPL,299.01,8.0,299.05,2.0,-3.0,0.0,2020-01-03 10:21:35.000992,299.0,299.03,0,2020-01-03
2020-01-03 10:21:40,Z,AAPL,299.0,1.0,299.03,1.0,0.0,-1.0,2020-01-03 10:21:40.121871,298.95,298.98,-1,2020-01-03
2020-01-03 10:21:45,Z,AAPL,298.95,2.0,298.98,2.0,0.0,1.0,2020-01-03 10:21:45.194793,298.99,299.03,1,2020-01-03
2020-01-03 10:21:50,Z,AAPL,298.99,2.0,299.03,3.0,0.0,-1.0,2020-01-03 10:21:50.029040,299.03,299.07,0,2020-01-03
2020-01-03 10:21:55,Q,AAPL,299.03,1.0,299.07,3.0,0.0,1.0,2020-01-03 10:21:55.005807,299.04,299.07,0,2020-01-03
2020-01-03 10:22:00,N,AAPL,299.04,4.0,299.07,1.0,-1.0,0.0,2020-01-03 10:22:00.581277,299.0,299.03,-1,2020-01-03
2020-01-03 10:22:05,N,AAPL,299.0,2.0,299.03,2.0,0.0,1.0,2020-01-03 10:22:05.090252,298.96,298.97,-1,2020-01-03
2020-01-03 10:22:10,P,AAPL,298.96,1.0,298.97,1.0,0.0,-1.0,2020-01-03 10:22:10.000936,298.92,298.96,0,2020-01-03
2020-01-03 10:22:15,N,AAPL,298.92,2.0,298.96,2.0,1.0,1.0,2020-01-03 10:22:15.306180,298.91,298.94,0,2020-01-03
2020-01-03 10:22:20,N,AAPL,298.91,2.0,298.94,1.0,0.0,0.0,2020-01-03 10:22:20.048830,298.89,298.91,0,2020-01-03
2020-01-03 10:22:25,N,AAPL,298.89,2.0,298.91,4.0,0.0,2.0,2020-01-03 10:22:25.073433,298.8,298.81,-1,2020-01-03
2020-01-03 10:22:30,P,AAPL,298.8,5.0,298.81,2.0,0.0,-27.0,2020-01-03 10:22:30.223078,298.8,298.84,0,2020-01-03
2020-01-03 10:22:35,J,AAPL,298.8,6.0,298.84,2.0,1.0,0.0,2020-01-03 10:22:35.000309,298.81,298.84,0,2020-01-03
2020-01-03 10:22:40,Z,AAPL,298.81,3.0,298.84,1.0,1.0,0.0,2020-01-03 10:22:40.144241,298.87,298.9,1,2020-01-03
2020-01-03 10:22:45,Q,AAPL,298.87,2.0,298.9,2.0,0.0,1.0,2020-01-03 10:22:45.031320,298.9,298.93,0,2020-01-03
2020-01-03 10:22:50,K,AAPL,298.9,1.0,298.93,2.0,-1.0,0.0,2020-01-03 10:22:50.313706,298.89,298.9,0,2020-01-03
2020-01-03 10:22:55,K,AAPL,298.89,2.0,298.9,1.0,-3.0,0.0,2020-01-03 10:22:55.225267,298.89,298.91,0,2020-01-03
2020-01-03 10:23:00,Z,AAPL,298.89,2.0,298.91,1.0,-3.0,0.0,2020-01-03 10:23:00.985191,298.8,298.83,-1,2020-01-03
2020-01-03 10:23:05,Z,AAPL,298.8,1.0,298.83,1.0,0.0,0.0,2020-01-03 10:23:05.031111,298.91,298.94,1,2020-01-03
2020-01-03 10:23:10,K,AAPL,298.91,4.0,298.94,1.0,0.0,0.0,2020-01-03 10:23:10.026153,298.93,298.96,0,2020-01-03
2020-01-03 10:23:15,Q,AAPL,298.93,2.0,298.96,2.0,1.0,0.0,2020-01-03 10:23:15.009706,298.97,298.99,1,2020-01-03
2020-01-03 10:23:20,N,AAPL,298.97,1.0,298.99,4.0,0.0,2.0,2020-01-03 10:23:20.025311,298.98,298.99,0,2020-01-03
2020-01-03 10:23:25,P,AAPL,298.98,19.0,298.99,1.0,0.0,0.0,2020-01-03 10:23:25.165453,298.97,299.0,0,2020-01-03
2020-01-03 10:23:30,Z,AAPL,298.97,1.0,299.0,1.0,-2.0,0.0,2020-01-03 10:23:30.111532,298.96,298.99,0,2020-01-03
2020-01-03 10:23:35,N,AAPL,298.96,3.0,298.99,1.0,0.0,-4.0,2020-01-03 10:23:35.054379,298.96,299.0,0,2020-01-03
2020-01-03 10:23:40,Z,AAPL,298.96,3.0,299.0,1.0,-1.0,0.0,2020-01-03 10:23:41.474720,298.96,298.98,0,2020-01-03
2020-01-03 10:23:45,Z,AAPL,298.96,3.0,298.98,2.0,0.0,0.0,2020-01-03 10:23:45.020714,298.97,299.0,0,2020-01-03
2020-01-03 10:23:50,J,AAPL,298.97,1.0,299.0,1.0,-2.0,0.0,2020-01-03 10:23:50.051452,299.03,299.08,1,2020-01-03
2020-01-03 10:23:55,Q,AAPL,299.03,3.0,299.08,4.0,2.0,0.0,2020-01-03 10:23:55.223505,298.99,299.04,0,2020-01-03
2020-01-03 10:24:00,Z,AAPL,298.99,5.0,299.04,1.0,0.0,-1.0,2020-01-03 10:24:00.111092,299.05,299.09,1,2020-01-03
2020-01-03 10:24:05,K,AAPL,299.05,1.0,299.09,2.0,-4.0,1.0,2020-01-03 10:24:05.048982,298.91,298.93,-1,2020-01-03
2020-01-03 10:24:10,N,AAPL,298.91,9.0,298.93,4.0,1.0,3.0,2020-01-03 10:24:11.231071,298.91,298.94,0,2020-01-03
2020-01-03 10:24:15,Z,AAPL,298.91,7.0,298.94,1.0,2.0,0.0,2020-01-03 10:24:16.253470,298.94,298.97,0,2020-01-03
2020-01-03 10:24:20,Z,AAPL,298.94,2.0,298.97,3.0,0.0,2.0,2020-01-03 10:24:20.472702,299.04,299.08,1,2020-01-03
2020-01-03 10:24:25,Z,AAPL,299.04,3.0,299.08,1.0,0.0,-1.0,2020-01-03 10:24:25.112706,299.06,299.1,0,2020-01-03
2020-01-03 10:24:30,Z,AAPL,299.06,4.0,299.1,7.0,0.0,5.0,2020-01-03 10:24:30.142846,299.02,299.07,0,2020-01-03
2020-01-03 10:24:35,Z,AAPL,299.02,3.0,299.07,3.0,1.0,2.0,2020-01-03 10:24:35.011971,299.05,299.08,0,2020-01-03
2020-01-03 10:24:40,Z,AAPL,299.05,2.0,299.08,1.0,-1.0,0.0,2020-01-03 10:24:40.085929,299.16,299.17,1,2020-01-03
2020-01-03 10:24:45,Z,AAPL,299.16,2.0,299.17,1.0,0.0,0.0,2020-01-03 10:24:45.089795,299.23,299.26,1,2020-01-03
2020-01-03 10:24:50,Q,AAPL,299.23,2.0,299.26,1.0,0.0,0.0,2020-01-03 10:24:50.010379,299.21,299.24,0,2020-01-03
2020-01-03 10:24:55,Q,AAPL,299.21,2.0,299.24,2.0,0.0,1.0,2020-01-03 10:24:55.033696,299.27,299.3,1,2020-01-03
2020-01-03 10:25:00,K,AAPL,299.27,1.0,299.3,4.0,0.0,0.0,2020-01-03 10:25:00.029527,299.23,299.26,-1,2020-01-03
2020-01-03 10:25:05,Q,AAPL,299.23,1.0,299.26,1.0,-1.0,0.0,2020-01-03 10:25:05.084322,299.21,299.23,0,2020-01-03
2020-01-03 10:25:10,Q,AAPL,299.21,1.0,299.23,3.0,0.0,1.0,2020-01-03 10:25:10.144772,299.21,299.25,0,2020-01-03
2020-01-03 10:25:15,K,AAPL,299.21,1.0,299.25,2.0,0.0,0.0,2020-01-03 10:25:15.215324,299.13,299.17,-1,2020-01-03
2020-01-03 10:25:20,Z,AAPL,299.13,4.0,299.17,1.0,1.0,0.0,2020-01-03 10:25:20.025631,299.13,299.17,0,2020-01-03
2020-01-03 10:25:25,Z,AAPL,299.13,1.0,299.17,2.0,0.0,0.0,2020-01-03 10:25:25.283107,299.25,299.28,1,2020-01-03
2020-01-03 10:25:30,J,AAPL,299.25,3.0,299.28,1.0,-1.0,0.0,2020-01-03 10:25:30.086821,299.19,299.22,-1,2020-01-03
2020-01-03 10:25:35,Q,AAPL,299.19,1.0,299.22,2.0,0.0,1.0,2020-01-03 10:25:35.035992,299.25,299.28,1,2020-01-03
2020-01-03 10:25:40,Z,AAPL,299.25,1.0,299.28,7.0,0.0,0.0,2020-01-03 10:25:40.004216,299.23,299.25,0,2020-01-03
2020-01-03 10:25:45,Z,AAPL,299.23,2.0,299.25,7.0,0.0,5.0,2020-01-03 10:25:45.557300,299.25,299.27,0,2020-01-03
2020-01-03 10:25:50,Z,AAPL,299.25,3.0,299.27,2.0,0.0,-5.0,2020-01-03 10:25:50.291047,299.2,299.22,-1,2020-01-03
2020-01-03 10:25:55,P,AAPL,299.2,4.0,299.22,2.0,1.0,0.0,2020-01-03 10:25:55.179966,299.19,299.21,0,2020-01-03
2020-01-03 10:26:00,K,AAPL,299.19,1.0,299.21,2.0,0.0,1.0,2020-01-03 10:26:00.090744,299.2,299.24,0,2020-01-03
2020-01-03 10:26:05,Z,AAPL,299.2,4.0,299.24,1.0,1.0,0.0,2020-01-03 10:26:05.001068,299.15,299.18,-1,2020-01-03
2020-01-03 10:26:10,K,AAPL,299.15,4.0,299.18,5.0,3.0,0.0,2020-01-03 10:26:10.186039,299.11,299.13,-1,2020-01-03
2020-01-03 10:26:15,Z,AAPL,299.11,3.0,299.13,1.0,1.0,0.0,2020-01-03 10:26:15.012521,299.09,299.11,0,2020-01-03
2020-01-03 10:26:20,Z,AAPL,299.09,1.0,299.11,1.0,-1.0,0.0,2020-01-03 10:26:20.117324,299.11,299.14,0,2020-01-03
2020-01-03 10:26:25,K,AAPL,299.11,2.0,299.14,1.0,1.0,0.0,2020-01-03 10:26:25.787116,299.16,299.19,1,2020-01-03
2020-01-03 10:26:30,N,AAPL,299.16,2.0,299.19,3.0,0.0,1.0,2020-01-03 10:26:30.008933,299.19,299.22,0,2020-01-03
2020-01-03 10:26:35,Y,AAPL,299.19,2.0,299.22,1.0,0.0,-2.0,2020-01-03 10:26:35.013271,299.21,299.24,0,2020-01-03
2020-01-03 10:26:40,Q,AAPL,299.21,1.0,299.24,2.0,0.0,0.0,2020-01-03 10:26:40.087976,299.21,299.24,0,2020-01-03
2020-01-03 10:26:45,P,AAPL,299.21,2.0,299.24,2.0,0.0,0.0,2020-01-03 10:26:46.011525,299.23,299.24,0,2020-01-03
2020-01-03 10:26:50,K,AAPL,299.23,1.0,299.24,2.0,0.0,0.0,2020-01-03 10:26:50.113557,299.27,299.29,1,2020-01-03
2020-01-03 10:26:55,P,AAPL,299.27,5.0,299.29,9.0,4.0,0.0,2020-01-03 10:26:55.122981,299.26,299.29,0,2020-01-03
2020-01-03 10:27:00,Z,AAPL,299.26,5.0,299.29,8.0,0.0,6.0,2020-01-03 10:27:00.034368,299.27,299.29,0,2020-01-03
2020-01-03 10:27:05,Q,AAPL,299.27,4.0,299.29,11.0,0.0,1.0,2020-01-03 10:27:05.310285,299.27,299.29,0,2020-01-03
2020-01-03 10:27:10,Z,AAPL,299.27,4.0,299.29,10.0,0.0,8.0,2020-01-03 10:27:10.149542,299.25,299.27,0,2020-01-03
2020-01-03 10:27:15,N,AAPL,299.25,2.0,299.27,2.0,0.0,0.0,2020-01-03 10:27:15.124048,299.19,299.21,-1,2020-01-03
2020-01-03 10:27:20,Z,AAPL,299.19,4.0,299.21,3.0,0.0,1.0,2020-01-03 10:27:20.088701,299.17,299.18,-1,2020-01-03
2020-01-03 10:27:25,Q,AAPL,299.17,1.0,299.18,1.0,0.0,-1.0,2020-01-03 10:27:25.113323,299.19,299.23,1,2020-01-03
2020-01-03 10:27:30,Q,AAPL,299.19,2.0,299.23,1.0,0.0,-1.0,2020-01-03 10:27:30.184363,299.2,299.22,0,2020-01-03
2020-01-03 10:27:35,N,AAPL,299.2,1.0,299.22,1.0,0.0,0.0,2020-01-03 10:27:35.196296,299.21,299.23,0,2020-01-03
2020-01-03 10:27:40,Q,AAPL,299.21,3.0,299.23,1.0,0.0,-1.0,2020-01-03 10:27:40.111742,299.28,299.31,1,2020-01-03
2020-01-03 10:27:45,Q,AAPL,299.28,3.0,299.31,5.0,0.0,4.0,2020-01-03 10:27:45.022112,299.22,299.26,-1,2020-01-03
2020-01-03 10:27:50,Z,AAPL,299.22,4.0,299.26,1.0,0.0,0.0,2020-01-03 10:27:50.224806,299.29,299.31,1,2020-01-03
2020-01-03 10:27:55,N,AAPL,299.29,4.0,299.31,35.0,-1.0,0.0,2020-01-03 10:27:55.038061,299.32,299.35,1,2020-01-03
2020-01-03 10:28:00,Z,AAPL,299.32,1.0,299.35,3.0,0.0,1.0,2020-01-03 10:28:00.005024,299.25,299.26,-1,2020-01-03
2020-01-03 10:28:05,K,AAPL,299.25,3.0,299.26,1.0,0.0,-1.0,2020-01-03 10:28:05.484187,299.28,299.31,1,2020-01-03
2020-01-03 10:28:10,Z,AAPL,299.28,1.0,299.31,3.0,0.0,0.0,2020-01-03 10:28:10.006804,299.31,299.35,0,2020-01-03
2020-01-03 10:28:15,Z,AAPL,299.31,1.0,299.35,1.0,0.0,-1.0,2020-01-03 10:28:15.113218,299.36,299.38,1,2020-01-03
2020-01-03 10:28:20,Z,AAPL,299.36,4.0,299.38,2.0,1.0,0.0,2020-01-03 10:28:20.098453,299.36,299.39,0,2020-01-03
2020-01-03 10:28:25,Z,AAPL,299.36,2.0,299.39,2.0,0.0,0.0,2020-01-03 10:28:25.019096,299.35,299.36,0,2020-01-03
2020-01-03 10:28:30,Z,AAPL,299.35,1.0,299.36,2.0,0.0,-3.0,2020-01-03 10:28:30.030269,299.41,299.45,1,2020-01-03
2020-01-03 10:28:35,K,AAPL,299.41,5.0,299.45,5.0,4.0,0.0,2020-01-03 10:28:35.060812,299.42,299.45,0,2020-01-03
2020-01-03 10:28:40,N,AAPL,299.42,1.0,299.45,3.0,0.0,-2.0,2020-01-03 10:28:40.014418,299.43,299.45,0,2020-01-03
2020-01-03 10:28:45,Q,AAPL,299.43,2.0,299.45,2.0,1.0,0.0,2020-01-03 10:28:45.044325,299.43,299.46,0,2020-01-03
2020-01-03 10:28:50,N,AAPL,299.43,2.0,299.46,2.0,0.0,1.0,2020-01-03 10:28:50.293428,299.43,299.45,0,2020-01-03
2020-01-03 10:28:55,Z,AAPL,299.43,2.0,299.45,1.0,0.0,-1.0,2020-01-03 10:28:55.529151,299.4,299.42,-1,2020-01-03
2020-01-03 10:29:00,Q,AAPL,299.4,5.0,299.42,2.0,-1.0,0.0,2020-01-03 10:29:00.006063,299.42,299.44,0,2020-01-03
2020-01-03 10:29:05,P,AAPL,299.42,2.0,299.44,4.0,-1.0,3.0,2020-01-03 10:29:05.356966,299.43,299.45,0,2020-01-03
2020-01-03 10:29:10,Z,AAPL,299.43,2.0,299.45,2.0,0.0,0.0,2020-01-03 10:29:10.170010,299.43,299.46,0,2020-01-03
2020-01-03 10:29:15,P,AAPL,299.43,4.0,299.46,3.0,0.0,2.0,2020-01-03 10:29:15.112326,299.46,299.48,0,2020-01-03
2020-01-03 10:29:20,Q,AAPL,299.46,2.0,299.48,2.0,0.0,1.0,2020-01-03 10:29:20.041270,299.44,299.46,0,2020-01-03
2020-01-03 10:29:25,Q,AAPL,299.44,2.0,299.46,1.0,0.0,-2.0,2020-01-03 10:29:25.185174,299.49,299.5,1,2020-01-03
2020-01-03 10:29:30,P,AAPL,299.49,3.0,299.5,3.0,1.0,0.0,2020-01-03 10:29:30.359870,299.49,299.52,0,2020-01-03
2020-01-03 10:29:35,Q,AAPL,299.49,2.0,299.52,1.0,0.0,-3.0,2020-01-03 10:29:35.008153,299.48,299.51,0,2020-01-03
2020-01-03 10:29:40,Z,AAPL,299.48,8.0,299.51,2.0,0.0,-1.0,2020-01-03 10:29:40.003744,299.46,299.5,0,2020-01-03
2020-01-03 10:29:45,Q,AAPL,299.46,3.0,299.5,2.0,0.0,1.0,2020-01-03 10:29:45.116832,299.41,299.43,-1,2020-01-03
2020-01-03 10:29:50,Q,AAPL,299.41,1.0,299.43,2.0,-4.0,0.0,2020-01-03 10:29:50.316331,299.43,299.44,0,2020-01-03
2020-01-03 10:29:55,J,AAPL,299.43,1.0,299.44,2.0,0.0,0.0,2020-01-03 10:29:55.055088,299.43,299.45,0,2020-01-03
2020-01-03 10:30:00,Z,AAPL,299.43,4.0,299.45,2.0,0.0,0.0,2020-01-03 10:30:00.035513,299.45,299.49,0,2020-01-03
2020-01-03 10:30:05,Q,AAPL,299.45,4.0,299.49,2.0,1.0,0.0,2020-01-03 10:30:05.494642,299.37,299.41,-1,2020-01-03
2020-01-03 10:30:10,Z,AAPL,299.37,1.0,299.41,2.0,-1.0,1.0,2020-01-03 10:30:10.000443,299.35,299.37,0,2020-01-03
2020-01-03 10:30:15,P,AAPL,299.35,5.0,299.37,1.0,0.0,0.0,2020-01-03 10:30:15.361920,299.28,299.3,-1,2020-01-03
2020-01-03 10:30:20,C,AAPL,299.28,1.0,299.3,1.0,-4.0,0.0,2020-01-03 10:30:20.077901,299.25,299.3,0,2020-01-03
2020-01-03 10:30:25,Z,AAPL,299.25,3.0,299.3,4.0,0.0,3.0,2020-01-03 10:30:25.194261,299.18,299.22,-1,2020-01-03
2020-01-03 10:30:30,Q,AAPL,299.18,2.0,299.22,2.0,0.0,0.0,2020-01-03 10:30:30.008144,299.23,299.25,1,2020-01-03
2020-01-03 10:30:35,Z,AAPL,299.23,4.0,299.25,2.0,-1.0,0.0,2020-01-03 10:30:35.459833,299.27,299.3,1,2020-01-03
2020-01-03 10:30:40,N,AAPL,299.27,2.0,299.3,1.0,0.0,0.0,2020-01-03 10:30:40.973091,299.23,299.26,-1,2020-01-03
2020-01-03 10:30:45,Z,AAPL,299.23,5.0,299.26,2.0,0.0,0.0,2020-01-03 10:30:45.798892,299.34,299.38,1,2020-01-03
2020-01-03 10:30:50,Y,AAPL,299.34,2.0,299.38,1.0,0.0,0.0,2020-01-03 10:30:50.033758,299.33,299.34,0,2020-01-03
2020-01-03 10:30:55,Q,AAPL,299.33,2.0,299.34,2.0,0.0,-1.0,2020-01-03 10:30:55.064949,299.4,299.43,1,2020-01-03
2020-01-03 10:31:00,Z,AAPL,299.4,2.0,299.43,2.0,1.0,1.0,2020-01-03 10:31:00.009895,299.36,299.4,0,2020-01-03
2020-01-03 10:31:05,Y,AAPL,299.36,1.0,299.4,1.0,-2.0,0.0,2020-01-03 10:31:05.086880,299.4,299.44,0,2020-01-03
2020-01-03 10:31:10,N,AAPL,299.4,2.0,299.44,1.0,0.0,-1.0,2020-01-03 10:31:10.022795,299.36,299.4,0,2020-01-03
2020-01-03 10:31:15,Q,AAPL,299.36,2.0,299.4,2.0,0.0,1.0,2020-01-03 10:31:15.004289,299.35,299.37,0,2020-01-03
2020-01-03 10:31:20,Z,AAPL,299.35,2.0,299.37,1.0,1.0,0.0,2020-01-03 10:31:20.022533,299.33,299.35,0,2020-01-03
2020-01-03 10:31:25,Z,AAPL,299.33,1.0,299.35,1.0,0.0,0.0,2020-01-03 10:31:25.271616,299.24,299.28,-1,2020-01-03
2020-01-03 10:31:30,Q,AAPL,299.24,1.0,299.28,2.0,0.0,0.0,2020-01-03 10:31:30.039531,299.25,299.26,0,2020-01-03
2020-01-03 10:31:35,Z,AAPL,299.25,1.0,299.26,2.0,0.0,0.0,2020-01-03 10:31:35.830391,299.2,299.22,-1,2020-01-03
2020-01-03 10:31:40,Q,AAPL,299.2,1.0,299.22,1.0,0.0,0.0,2020-01-03 10:31:40.935091,299.13,299.15,-1,2020-01-03
2020-01-03 10:31:45,Z,AAPL,299.13,1.0,299.15,1.0,0.0,-1.0,2020-01-03 10:31:45.112436,299.14,299.17,0,2020-01-03
2020-01-03 10:31:50,Q,AAPL,299.14,3.0,299.17,1.0,1.0,0.0,2020-01-03 10:31:50.102585,299.06,299.1,-1,2020-01-03
2020-01-03 10:31:55,Z,AAPL,299.06,1.0,299.1,2.0,0.0,-1.0,2020-01-03 10:31:55.006760,299.04,299.08,0,2020-01-03
2020-01-03 10:32:00,Z,AAPL,299.04,2.0,299.08,2.0,0.0,0.0,2020-01-03 10:32:00.009166,299.04,299.06,0,2020-01-03
2020-01-03 10:32:05,Z,AAPL,299.04,2.0,299.06,2.0,0.0,-1.0,2020-01-03 10:32:05.005436,299.01,299.06,0,2020-01-03
2020-01-03 10:32:10,P,AAPL,299.01,3.0,299.06,2.0,-2.0,0.0,2020-01-03 10:32:10.003691,298.85,298.9,-1,2020-01-03
2020-01-03 10:32:15,N,AAPL,298.85,2.0,298.9,3.0,1.0,0.0,2020-01-03 10:32:15.060966,298.83,298.86,0,2020-01-03
2020-01-03 10:32:20,Z,AAPL,298.83,5.0,298.86,1.0,4.0,0.0,2020-01-03 10:32:20.081222,298.87,298.9,1,2020-01-03
2020-01-03 10:32:25,Z,AAPL,298.87,3.0,298.9,3.0,1.0,0.0,2020-01-03 10:32:25.195532,298.96,298.99,1,2020-01-03
2020-01-03 10:32:30,Q,AAPL,298.96,1.0,298.99,3.0,-2.0,0.0,2020-01-03 10:32:30.177835,298.98,299.02,0,2020-01-03
2020-01-03 10:32:35,N,AAPL,298.98,1.0,299.02,2.0,-2.0,1.0,2020-01-03 10:32:35.054753,298.92,298.95,-1,2020-01-03
2020-01-03 10:32:40,Z,AAPL,298.92,4.0,298.95,1.0,0.0,-1.0,2020-01-03 10:32:40.093249,298.88,298.9,-1,2020-01-03
2020-01-03 10:32:45,Q,AAPL,298.88,2.0,298.9,1.0,0.0,0.0,2020-01-03 10:32:45.028969,298.87,298.88,0,2020-01-03
2020-01-03 10:32:50,Z,AAPL,298.87,1.0,298.88,2.0,0.0,0.0,2020-01-03 10:32:50.819704,298.9,298.93,1,2020-01-03
2020-01-03 10:32:55,Z,AAPL,298.9,5.0,298.93,1.0,0.0,-1.0,2020-01-03 10:32:55.275132,298.91,298.94,0,2020-01-03
2020-01-03 10:33:00,Q,AAPL,298.91,9.0,298.94,2.0,-1.0,0.0,2020-01-03 10:33:00.479530,298.97,299.02,1,2020-01-03
2020-01-03 10:33:05,Z,AAPL,298.97,1.0,299.02,3.0,-1.0,0.0,2020-01-03 10:33:05.982538,298.95,298.96,-1,2020-01-03
2020-01-03 10:33:10,K,AAPL,298.95,1.0,298.96,1.0,-4.0,0.0,2020-01-03 10:33:10.494015,298.94,298.97,0,2020-01-03
2020-01-03 10:33:15,Z,AAPL,298.94,1.0,298.97,3.0,0.0,1.0,2020-01-03 10:33:15.830152,298.9,298.94,0,2020-01-03
2020-01-03 10:33:20,Z,AAPL,298.9,2.0,298.94,2.0,1.0,0.0,2020-01-03 10:33:20.013739,299.0,299.04,1,2020-01-03
2020-01-03 10:33:25,Z,AAPL,299.0,2.0,299.04,2.0,0.0,0.0,2020-01-03 10:33:25.052467,299.06,299.08,1,2020-01-03
2020-01-03 10:33:30,Q,AAPL,299.06,2.0,299.08,1.0,0.0,0.0,2020-01-03 10:33:30.874306,299.0,299.01,-1,2020-01-03
2020-01-03 10:33:35,Z,AAPL,299.0,1.0,299.01,2.0,0.0,0.0,2020-01-03 10:33:35.044720,299.09,299.14,1,2020-01-03
2020-01-03 10:33:40,Z,AAPL,299.09,4.0,299.14,3.0,1.0,0.0,2020-01-03 10:33:40.025814,299.13,299.17,0,2020-01-03
2020-01-03 10:33:45,Q,AAPL,299.13,2.0,299.17,2.0,0.0,1.0,2020-01-03 10:33:45.150064,299.1,299.13,0,2020-01-03
2020-01-03 10:33:50,Z,AAPL,299.1,6.0,299.13,2.0,3.0,-7.0,2020-01-03 10:33:50.804713,299.01,299.05,-1,2020-01-03
2020-01-03 10:33:55,Z,AAPL,299.01,2.0,299.05,1.0,0.0,-1.0,2020-01-03 10:33:55.004092,299.08,299.11,1,2020-01-03
2020-01-03 10:34:00,N,AAPL,299.08,2.0,299.11,4.0,0.0,2.0,2020-01-03 10:34:00.004870,299.07,299.09,0,2020-01-03
2020-01-03 10:34:05,N,AAPL,299.07,2.0,299.09,2.0,0.0,0.0,2020-01-03 10:34:06.240582,299.08,299.14,0,2020-01-03
2020-01-03 10:34:10,Q,AAPL,299.08,3.0,299.14,1.0,0.0,0.0,2020-01-03 10:34:10.036820,299.1,299.14,0,2020-01-03
2020-01-03 10:34:15,Z,AAPL,299.1,3.0,299.14,1.0,1.0,0.0,2020-01-03 10:34:15.066827,299.11,299.14,0,2020-01-03
2020-01-03 10:34:20,Q,AAPL,299.11,2.0,299.14,2.0,0.0,0.0,2020-01-03 10:34:20.036366,299.13,299.16,0,2020-01-03
2020-01-03 10:34:25,Z,AAPL,299.13,3.0,299.16,1.0,1.0,0.0,2020-01-03 10:34:25.114079,299.14,299.17,0,2020-01-03
2020-01-03 10:34:30,Z,AAPL,299.14,3.0,299.17,2.0,0.0,-1.0,2020-01-03 10:34:30.155117,299.14,299.17,0,2020-01-03
2020-01-03 10:34:35,P,AAPL,299.14,5.0,299.17,2.0,3.0,0.0,2020-01-03 10:34:35.244589,299.11,299.14,0,2020-01-03
2020-01-03 10:34:40,N,AAPL,299.11,3.0,299.14,1.0,1.0,0.0,2020-01-03 10:34:40.040067,299.12,299.16,0,2020-01-03
2020-01-03 10:34:45,P,AAPL,299.12,3.0,299.16,3.0,0.0,2.0,2020-01-03 10:34:45.187929,299.13,299.15,0,2020-01-03
2020-01-03 10:34:50,Q,AAPL,299.13,2.0,299.15,1.0,0.0,-1.0,2020-01-03 10:34:50.123510,299.14,299.16,0,2020-01-03
2020-01-03 10:34:55,Z,AAPL,299.14,3.0,299.16,1.0,1.0,0.0,2020-01-03 10:34:55.082243,299.2,299.24,1,2020-01-03
2020-01-03 10:35:00,Z,AAPL,299.2,5.0,299.24,1.0,3.0,0.0,2020-01-03 10:35:00.019985,299.21,299.24,0,2020-01-03
2020-01-03 10:35:05,Z,AAPL,299.21,3.0,299.24,1.0,-1.0,0.0,2020-01-03 10:35:05.025622,299.21,299.24,0,2020-01-03
2020-01-03 10:35:10,K,AAPL,299.21,4.0,299.24,1.0,1.0,0.0,2020-01-03 10:35:10.084436,299.22,299.24,0,2020-01-03
2020-01-03 10:35:15,Q,AAPL,299.22,2.0,299.24,2.0,0.0,1.0,2020-01-03 10:35:15.159417,299.17,299.2,-1,2020-01-03
2020-01-03 10:35:20,Q,AAPL,299.17,3.0,299.2,2.0,0.0,-1.0,2020-01-03 10:35:20.018502,299.07,299.11,-1,2020-01-03
2020-01-03 10:35:25,Z,AAPL,299.07,2.0,299.11,1.0,0.0,0.0,2020-01-03 10:35:25.033716,299.06,299.1,0,2020-01-03
2020-01-03 10:35:30,P,AAPL,299.06,4.0,299.1,10.0,0.0,2.0,2020-01-03 10:35:30.252944,299.03,299.06,0,2020-01-03
2020-01-03 10:35:35,Z,AAPL,299.03,1.0,299.06,1.0,0.0,-2.0,2020-01-03 10:35:35.088202,299.03,299.07,0,2020-01-03
2020-01-03 10:35:40,Q,AAPL,299.03,2.0,299.07,3.0,0.0,0.0,2020-01-03 10:35:40.012552,299.06,299.09,0,2020-01-03
2020-01-03 10:35:45,Z,AAPL,299.06,5.0,299.09,1.0,1.0,0.0,2020-01-03 10:35:45.237120,299.1,299.13,1,2020-01-03
2020-01-03 10:35:50,Z,AAPL,299.1,3.0,299.13,1.0,0.0,0.0,2020-01-03 10:35:51.327609,299.1,299.13,0,2020-01-03
2020-01-03 10:35:55,Z,AAPL,299.1,2.0,299.13,1.0,0.0,-1.0,2020-01-03 10:35:55.064162,299.17,299.19,1,2020-01-03
2020-01-03 10:36:00,P,AAPL,299.17,2.0,299.19,25.0,0.0,0.0,2020-01-03 10:36:01.023404,299.14,299.17,0,2020-01-03
2020-01-03 10:36:05,N,AAPL,299.14,4.0,299.17,2.0,-1.0,0.0,2020-01-03 10:36:05.257157,299.14,299.15,0,2020-01-03
2020-01-03 10:36:10,P,AAPL,299.14,3.0,299.15,1.0,0.0,-1.0,2020-01-03 10:36:10.011959,299.03,299.06,-1,2020-01-03
2020-01-03 10:36:15,Z,AAPL,299.03,4.0,299.06,2.0,0.0,0.0,2020-01-03 10:36:15.412955,298.93,298.97,-1,2020-01-03
2020-01-03 10:36:20,Q,AAPL,298.93,3.0,298.97,1.0,1.0,0.0,2020-01-03 10:36:20.006434,298.92,298.95,0,2020-01-03
2020-01-03 10:36:25,Q,AAPL,298.92,9.0,298.95,3.0,8.0,2.0,2020-01-03 10:36:25.906301,298.96,299.0,1,2020-01-03
2020-01-03 10:36:30,P,AAPL,298.96,1.0,299.0,1.0,-2.0,-1.0,2020-01-03 10:36:30.831282,299.04,299.06,1,2020-01-03
2020-01-03 10:36:35,Z,AAPL,299.04,1.0,299.06,1.0,-1.0,-1.0,2020-01-03 10:36:35.236012,299.09,299.13,1,2020-01-03
2020-01-03 10:36:40,Z,AAPL,299.09,4.0,299.13,1.0,1.0,-1.0,2020-01-03 10:36:40.423668,299.03,299.05,-1,2020-01-03
2020-01-03 10:36:45,Z,AAPL,299.03,1.0,299.05,3.0,-2.0,0.0,2020-01-03 10:36:45.102962,299.01,299.04,0,2020-01-03
2020-01-03 10:36:50,N,AAPL,299.01,5.0,299.04,1.0,0.0,-4.0,2020-01-03 10:36:50.113275,298.96,298.98,-1,2020-01-03
2020-01-03 10:36:55,Z,AAPL,298.96,2.0,298.98,2.0,0.0,1.0,2020-01-03 10:36:55.277792,298.93,298.97,0,2020-01-03
2020-01-03 10:37:00,N,AAPL,298.93,4.0,298.97,2.0,0.0,0.0,2020-01-03 10:37:00.088044,298.87,298.88,-1,2020-01-03
2020-01-03 10:37:05,Z,AAPL,298.87,3.0,298.88,2.0,0.0,1.0,2020-01-03 10:37:05.136639,298.75,298.78,-1,2020-01-03
2020-01-03 10:37:10,Z,AAPL,298.75,2.0,298.78,1.0,-1.0,-1.0,2020-01-03 10:37:10.000344,298.8,298.82,1,2020-01-03
2020-01-03 10:37:15,Q,AAPL,298.8,3.0,298.82,1.0,1.0,0.0,2020-01-03 10:37:15.848637,298.76,298.79,-1,2020-01-03
2020-01-03 10:37:20,N,AAPL,298.76,2.0,298.79,1.0,0.0,0.0,2020-01-03 10:37:20.215167,298.66,298.69,-1,2020-01-03
2020-01-03 10:37:25,Z,AAPL,298.66,3.0,298.69,1.0,0.0,-2.0,2020-01-03 10:37:25.099221,298.56,298.6,-1,2020-01-03
2020-01-03 10:37:30,Z,AAPL,298.56,3.0,298.6,5.0,1.0,0.0,2020-01-03 10:37:30.145846,298.58,298.62,0,2020-01-03
2020-01-03 10:37:35,N,AAPL,298.58,2.0,298.62,1.0,0.0,0.0,2020-01-03 10:37:35.035120,298.62,298.65,0,2020-01-03
2020-01-03 10:37:40,N,AAPL,298.62,5.0,298.65,2.0,4.0,0.0,2020-01-03 10:37:40.104532,298.63,298.65,0,2020-01-03
2020-01-03 10:37:45,Q,AAPL,298.63,5.0,298.65,2.0,-1.0,0.0,2020-01-03 10:37:45.355553,298.57,298.6,-1,2020-01-03
2020-01-03 10:37:50,Z,AAPL,298.57,3.0,298.6,1.0,-3.0,-1.0,2020-01-03 10:37:50.790594,298.58,298.61,0,2020-01-03
2020-01-03 10:37:55,Q,AAPL,298.58,2.0,298.61,1.0,0.0,0.0,2020-01-03 10:37:55.421415,298.57,298.6,0,2020-01-03
2020-01-03 10:38:00,N,AAPL,298.57,1.0,298.6,2.0,-1.0,0.0,2020-01-03 10:38:00.383030,298.58,298.62,0,2020-01-03
2020-01-03 10:38:05,Z,AAPL,298.58,2.0,298.62,2.0,0.0,1.0,2020-01-03 10:38:05.545949,298.58,298.61,0,2020-01-03
2020-01-03 10:38:10,N,AAPL,298.58,1.0,298.61,2.0,-4.0,1.0,2020-01-03 10:38:10.049933,298.57,298.6,0,2020-01-03
2020-01-03 10:38:15,Y,AAPL,298.57,2.0,298.6,2.0,0.0,0.0,2020-01-03 10:38:15.123116,298.56,298.58,0,2020-01-03
2020-01-03 10:38:20,N,AAPL,298.56,1.0,298.58,2.0,0.0,1.0,2020-01-03 10:38:20.072318,298.53,298.56,0,2020-01-03
2020-01-03 10:38:25,N,AAPL,298.53,4.0,298.56,3.0,-1.0,0.0,2020-01-03 10:38:25.351851,298.55,298.6,0,2020-01-03
2020-01-03 10:38:30,Q,AAPL,298.55,3.0,298.6,5.0,0.0,-1.0,2020-01-03 10:38:30.011179,298.45,298.49,-1,2020-01-03
2020-01-03 10:38:35,P,AAPL,298.45,2.0,298.49,2.0,0.0,1.0,2020-01-03 10:38:35.961273,298.45,298.49,0,2020-01-03
2020-01-03 10:38:40,N,AAPL,298.45,3.0,298.49,3.0,0.0,1.0,2020-01-03 10:38:40.275727,298.47,298.49,0,2020-01-03
2020-01-03 10:38:45,Z,AAPL,298.47,1.0,298.49,2.0,-3.0,0.0,2020-01-03 10:38:45.020973,298.46,298.49,0,2020-01-03
2020-01-03 10:38:50,N,AAPL,298.46,4.0,298.49,2.0,1.0,0.0,2020-01-03 10:38:51.381561,298.49,298.52,0,2020-01-03
2020-01-03 10:38:55,Z,AAPL,298.49,1.0,298.52,2.0,0.0,0.0,2020-01-03 10:38:55.420550,298.47,298.51,0,2020-01-03
2020-01-03 10:39:00,Z,AAPL,298.47,5.0,298.51,2.0,0.0,0.0,2020-01-03 10:39:00.270393,298.5,298.53,0,2020-01-03
2020-01-03 10:39:05,Z,AAPL,298.5,1.0,298.53,1.0,0.0,0.0,2020-01-03 10:39:05.010148,298.49,298.53,0,2020-01-03
2020-01-03 10:39:10,N,AAPL,298.49,3.0,298.53,3.0,1.0,1.0,2020-01-03 10:39:10.150500,298.44,298.48,-1,2020-01-03
2020-01-03 10:39:15,Z,AAPL,298.44,6.0,298.48,2.0,0.0,0.0,2020-01-03 10:39:15.707327,298.3,298.34,-1,2020-01-03
2020-01-03 10:39:20,Z,AAPL,298.3,5.0,298.34,2.0,0.0,1.0,2020-01-03 10:39:20.005904,298.23,298.28,-1,2020-01-03
2020-01-03 10:39:25,Q,AAPL,298.23,1.0,298.28,3.0,0.0,0.0,2020-01-03 10:39:25.003107,298.32,298.36,1,2020-01-03
2020-01-03 10:39:30,Z,AAPL,298.32,3.0,298.36,4.0,1.0,0.0,2020-01-03 10:39:30.017979,298.34,298.37,0,2020-01-03
2020-01-03 10:39:35,Q,AAPL,298.34,2.0,298.37,3.0,-1.0,2.0,2020-01-03 10:39:35.015904,298.33,298.35,0,2020-01-03
2020-01-03 10:39:40,Z,AAPL,298.33,4.0,298.35,1.0,1.0,0.0,2020-01-03 10:39:40.185565,298.38,298.42,1,2020-01-03
2020-01-03 10:39:45,P,AAPL,298.38,2.0,298.42,1.0,0.0,0.0,2020-01-03 10:39:45.030343,298.44,298.47,1,2020-01-03
2020-01-03 10:39:50,K,AAPL,298.44,2.0,298.47,7.0,0.0,0.0,2020-01-03 10:39:50.000072,298.44,298.47,0,2020-01-03
2020-01-03 10:39:55,K,AAPL,298.44,3.0,298.47,1.0,0.0,0.0,2020-01-03 10:39:55.664558,298.42,298.45,0,2020-01-03
2020-01-03 10:40:00,Q,AAPL,298.42,4.0,298.45,1.0,1.0,0.0,2020-01-03 10:40:00.006807,298.47,298.5,1,2020-01-03
2020-01-03 10:40:05,Z,AAPL,298.47,2.0,298.5,2.0,-1.0,0.0,2020-01-03 10:40:05.144132,298.52,298.54,1,2020-01-03
2020-01-03 10:40:10,Q,AAPL,298.52,13.0,298.54,4.0,1.0,0.0,2020-01-03 10:40:10.072542,298.41,298.44,-1,2020-01-03
2020-01-03 10:40:15,P,AAPL,298.41,4.0,298.44,1.0,1.0,0.0,2020-01-03 10:40:15.719258,298.41,298.44,0,2020-01-03
2020-01-03 10:40:20,Z,AAPL,298.41,4.0,298.44,2.0,0.0,-1.0,2020-01-03 10:40:21.191291,298.42,298.45,0,2020-01-03
2020-01-03 10:40:25,Z,AAPL,298.42,5.0,298.45,4.0,0.0,1.0,2020-01-03 10:40:25.003740,298.37,298.42,0,2020-01-03
2020-01-03 10:40:30,P,AAPL,298.37,5.0,298.42,3.0,0.0,1.0,2020-01-03 10:40:30.002649,298.48,298.52,1,2020-01-03
2020-01-03 10:40:35,Z,AAPL,298.48,3.0,298.52,2.0,-1.0,0.0,2020-01-03 10:40:35.164461,298.5,298.54,0,2020-01-03
2020-01-03 10:40:40,Q,AAPL,298.5,4.0,298.54,1.0,1.0,0.0,2020-01-03 10:40:40.218026,298.51,298.52,0,2020-01-03
2020-01-03 10:40:45,K,AAPL,298.51,2.0,298.52,2.0,-1.0,-1.0,2020-01-03 10:40:45.366364,298.46,298.51,0,2020-01-03
2020-01-03 10:40:50,Z,AAPL,298.46,6.0,298.51,5.0,0.0,1.0,2020-01-03 10:40:50.379962,298.46,298.5,0,2020-01-03
2020-01-03 10:40:55,Z,AAPL,298.46,2.0,298.5,2.0,0.0,0.0,2020-01-03 10:40:55.127386,298.46,298.49,0,2020-01-03
2020-01-03 10:41:00,Q,AAPL,298.46,3.0,298.49,2.0,0.0,0.0,2020-01-03 10:41:00.386960,298.43,298.46,0,2020-01-03
2020-01-03 10:41:05,Z,AAPL,298.43,3.0,298.46,1.0,0.0,-1.0,2020-01-03 10:41:05.137623,298.43,298.44,0,2020-01-03
2020-01-03 10:41:10,J,AAPL,298.43,1.0,298.44,4.0,-4.0,3.0,2020-01-03 10:41:10.400134,298.4,298.42,-1,2020-01-03
2020-01-03 10:41:15,Q,AAPL,298.4,3.0,298.42,2.0,0.0,-1.0,2020-01-03 10:41:16.301760,298.37,298.41,0,2020-01-03
2020-01-03 10:41:20,Z,AAPL,298.37,6.0,298.41,3.0,0.0,0.0,2020-01-03 10:41:20.097321,298.42,298.45,1,2020-01-03
2020-01-03 10:41:25,P,AAPL,298.42,8.0,298.45,8.0,3.0,0.0,2020-01-03 10:41:25.498533,298.43,298.47,0,2020-01-03
2020-01-03 10:41:30,P,AAPL,298.43,3.0,298.47,3.0,-1.0,0.0,2020-01-03 10:41:30.090642,298.44,298.47,0,2020-01-03
2020-01-03 10:41:35,Z,AAPL,298.44,2.0,298.47,2.0,-2.0,0.0,2020-01-03 10:41:35.789861,298.41,298.43,-1,2020-01-03
2020-01-03 10:41:40,N,AAPL,298.41,5.0,298.43,2.0,4.0,-3.0,2020-01-03 10:41:40.168502,298.41,298.44,0,2020-01-03
2020-01-03 10:41:45,Q,AAPL,298.41,6.0,298.44,11.0,0.0,1.0,2020-01-03 10:41:45.187348,298.36,298.4,-1,2020-01-03
2020-01-03 10:41:50,Z,AAPL,298.36,4.0,298.4,2.0,1.0,-2.0,2020-01-03 10:41:50.155666,298.36,298.38,0,2020-01-03
2020-01-03 10:41:55,Z,AAPL,298.36,1.0,298.38,1.0,0.0,0.0,2020-01-03 10:41:55.011724,298.39,298.42,1,2020-01-03
2020-01-03 10:42:00,Q,AAPL,298.39,7.0,298.42,4.0,1.0,-1.0,2020-01-03 10:42:00.000121,298.34,298.38,-1,2020-01-03
2020-01-03 10:42:05,Z,AAPL,298.34,3.0,298.38,2.0,2.0,0.0,2020-01-03 10:42:05.018971,298.37,298.4,0,2020-01-03
2020-01-03 10:42:10,Q,AAPL,298.37,3.0,298.4,1.0,1.0,0.0,2020-01-03 10:42:10.299411,298.37,298.4,0,2020-01-03
2020-01-03 10:42:15,N,AAPL,298.37,1.0,298.4,4.0,0.0,2.0,2020-01-03 10:42:15.553990,298.43,298.47,1,2020-01-03
2020-01-03 10:42:20,P,AAPL,298.43,2.0,298.47,5.0,0.0,4.0,2020-01-03 10:42:20.262803,298.62,298.64,1,2020-01-03
2020-01-03 10:42:25,Z,AAPL,298.62,1.0,298.64,1.0,-1.0,0.0,2020-01-03 10:42:25.009081,298.62,298.66,0,2020-01-03
2020-01-03 10:42:30,K,AAPL,298.62,3.0,298.66,2.0,0.0,0.0,2020-01-03 10:42:30.067522,298.57,298.6,-1,2020-01-03
2020-01-03 10:42:35,K,AAPL,298.57,1.0,298.6,5.0,0.0,0.0,2020-01-03 10:42:35.064843,298.57,298.6,0,2020-01-03
2020-01-03 10:42:40,B,AAPL,298.57,4.0,298.6,2.0,3.0,0.0,2020-01-03 10:42:40.029698,298.63,298.67,1,2020-01-03
2020-01-03 10:42:45,N,AAPL,298.63,3.0,298.67,1.0,2.0,0.0,2020-01-03 10:42:45.012445,298.41,298.44,-1,2020-01-03
2020-01-03 10:42:50,Z,AAPL,298.41,2.0,298.44,1.0,-302.0,-3.0,2020-01-03 10:42:50.169241,298.48,298.54,1,2020-01-03
2020-01-03 10:42:55,Z,AAPL,298.48,3.0,298.54,3.0,0.0,0.0,2020-01-03 10:42:55.280272,298.43,298.46,-1,2020-01-03
2020-01-03 10:43:00,Q,AAPL,298.43,2.0,298.46,2.0,1.0,0.0,2020-01-03 10:43:00.000441,298.4,298.42,-1,2020-01-03
2020-01-03 10:43:05,Q,AAPL,298.4,298.0,298.42,2.0,0.0,0.0,2020-01-03 10:43:05.022272,298.35,298.38,-1,2020-01-03
2020-01-03 10:43:10,N,AAPL,298.35,2.0,298.38,1.0,0.0,-3.0,2020-01-03 10:43:10.024520,298.4,298.44,1,2020-01-03
2020-01-03 10:43:15,Q,AAPL,298.4,3.0,298.44,5.0,0.0,4.0,2020-01-03 10:43:15.474312,298.3,298.32,-1,2020-01-03
2020-01-03 10:43:20,Q,AAPL,298.3,2.0,298.32,1.0,0.0,0.0,2020-01-03 10:43:20.021274,298.23,298.27,-1,2020-01-03
2020-01-03 10:43:25,Z,AAPL,298.23,1.0,298.27,2.0,-8.0,1.0,2020-01-03 10:43:25.011270,298.4,298.42,1,2020-01-03
2020-01-03 10:43:30,Z,AAPL,298.4,3.0,298.42,2.0,0.0,0.0,2020-01-03 10:43:30.167261,298.33,298.37,-1,2020-01-03
2020-01-03 10:43:35,N,AAPL,298.33,2.0,298.37,2.0,0.0,1.0,2020-01-03 10:43:35.056366,298.22,298.26,-1,2020-01-03
2020-01-03 10:43:40,Q,AAPL,298.22,8.0,298.26,5.0,0.0,4.0,2020-01-03 10:43:40.006302,298.26,298.3,0,2020-01-03
2020-01-03 10:43:45,Z,AAPL,298.26,2.0,298.3,1.0,0.0,0.0,2020-01-03 10:43:45.367349,298.28,298.31,0,2020-01-03
2020-01-03 10:43:50,Q,AAPL,298.28,21.0,298.31,1.0,1.0,0.0,2020-01-03 10:43:50.067144,298.34,298.38,1,2020-01-03
2020-01-03 10:43:55,N,AAPL,298.34,3.0,298.38,2.0,0.0,-1.0,2020-01-03 10:43:55.004449,298.36,298.39,0,2020-01-03
2020-01-03 10:44:00,Q,AAPL,298.36,2.0,298.39,1.0,0.0,0.0,2020-01-03 10:44:00.006717,298.35,298.38,0,2020-01-03
2020-01-03 10:44:05,Z,AAPL,298.35,1.0,298.38,1.0,0.0,0.0,2020-01-03 10:44:05.047104,298.37,298.39,0,2020-01-03
2020-01-03 10:44:10,N,AAPL,298.37,4.0,298.39,2.0,0.0,1.0,2020-01-03 10:44:10.459051,298.35,298.4,0,2020-01-03
2020-01-03 10:44:15,Q,AAPL,298.35,3.0,298.4,1.0,-1.0,0.0,2020-01-03 10:44:15.021051,298.34,298.36,0,2020-01-03
2020-01-03 10:44:20,Q,AAPL,298.34,2.0,298.36,3.0,0.0,1.0,2020-01-03 10:44:20.010359,298.36,298.39,0,2020-01-03
2020-01-03 10:44:25,K,AAPL,298.36,5.0,298.39,5.0,4.0,0.0,2020-01-03 10:44:25.054389,298.42,298.43,1,2020-01-03
2020-01-03 10:44:30,Z,AAPL,298.42,2.0,298.43,1.0,0.0,0.0,2020-01-03 10:44:30.084616,298.43,298.45,0,2020-01-03
2020-01-03 10:44:35,Q,AAPL,298.43,2.0,298.45,1.0,0.0,-1.0,2020-01-03 10:44:35.281554,298.48,298.5,1,2020-01-03
2020-01-03 10:44:40,Z,AAPL,298.48,1.0,298.5,1.0,-2.0,0.0,2020-01-03 10:44:40.108323,298.48,298.49,0,2020-01-03
