last_interval,Exchange,Symbol,Best_Bid_Price,FB0,Best_Offer_Price,FA0,FB2,FA2,p_time,Next_Best_Bid,Next_Best_Offer,outcome
2020-01-03 09:30:01,N,AAPL,296.95,1.0,297.0,1.0,-1.0,0.0,2020-01-03 09:30:01.669640,296.61,296.77,-1
2020-01-03 09:30:02,N,AAPL,296.61,1.0,296.77,1.0,0.0,-1.0,2020-01-03 09:30:02.409944,296.56,296.67,0
2020-01-03 09:30:03,N,AAPL,296.56,5.0,296.67,1.0,4.0,0.0,2020-01-03 09:30:03.344977,296.52,296.61,0
2020-01-03 09:30:04,N,AAPL,296.52,1.0,296.61,2.0,-4.0,1.0,2020-01-03 09:30:04.080917,296.54,296.78,0
2020-01-03 09:30:07,N,AAPL,296.54,2.0,296.78,2.0,1.0,1.0,2020-01-03 09:30:07.604378,296.76,296.88,0
2020-01-03 09:30:12,N,AAPL,296.76,1.0,296.88,1.0,-60.0,0.0,2020-01-03 09:30:12.620994,297.13,297.28,1
2020-01-03 09:30:19,N,AAPL,297.13,5.0,297.28,2.0,4.0,1.0,2020-01-03 09:30:19.230379,297.52,297.62,1
2020-01-03 09:30:29,N,AAPL,297.52,2.0,297.62,2.0,-3.0,0.0,2020-01-03 09:30:29.424162,297.6,297.64,0
2020-01-03 09:30:30,N,AAPL,297.6,8.0,297.64,1.0,7.0,-1.0,2020-01-03 09:30:30.501867,297.51,297.61,0
2020-01-03 09:30:31,N,AAPL,297.51,4.0,297.61,2.0,2.0,-2.0,2020-01-03 09:30:31.302275,297.53,297.63,0
2020-01-03 09:30:33,N,AAPL,297.53,1.0,297.63,1.0,-1.0,0.0,2020-01-03 09:30:33.003757,297.6,297.65,0
2020-01-03 09:30:35,N,AAPL,297.6,36.0,297.65,2.0,35.0,1.0,2020-01-03 09:30:35.338035,297.56,297.66,0
2020-01-03 09:30:36,N,AAPL,297.56,4.0,297.66,1.0,2.0,-3.0,2020-01-03 09:30:36.229024,297.56,297.65,0
2020-01-03 09:30:38,N,AAPL,297.56,2.0,297.65,1.0,-2.0,0.0,2020-01-03 09:30:38.025692,297.66,297.68,1
2020-01-03 09:30:39,N,AAPL,297.66,1.0,297.68,34.0,0.0,33.0,2020-01-03 09:30:39.789578,297.59,297.66,0
2020-01-03 09:30:40,N,AAPL,297.59,1.0,297.66,3.0,-1.0,-31.0,2020-01-03 09:30:40.043742,297.82,297.89,1
2020-01-03 09:30:41,N,AAPL,297.82,5.0,297.89,5.0,3.0,4.0,2020-01-03 09:30:41.430938,297.82,297.9,0
2020-01-03 09:30:42,N,AAPL,297.82,1.0,297.9,17.0,-1.0,16.0,2020-01-03 09:30:42.338611,297.69,297.88,0
2020-01-03 09:30:43,N,AAPL,297.69,2.0,297.88,1.0,1.0,-1.0,2020-01-03 09:30:43.278484,297.88,297.94,0
2020-01-03 09:30:44,N,AAPL,297.88,1.0,297.94,1.0,-3.0,0.0,2020-01-03 09:30:44.190096,297.88,297.9,0
2020-01-03 09:30:45,N,AAPL,297.88,2.0,297.9,1.0,0.0,0.0,2020-01-03 09:30:45.426783,297.8,297.9,0
2020-01-03 09:30:47,N,AAPL,297.8,4.0,297.9,1.0,2.0,0.0,2020-01-03 09:30:47.290174,297.82,297.9,0
2020-01-03 09:30:48,N,AAPL,297.82,1.0,297.9,1.0,-3.0,0.0,2020-01-03 09:30:48.125670,297.92,297.95,1
2020-01-03 09:30:49,N,AAPL,297.92,2.0,297.95,1.0,-1.0,-2.0,2020-01-03 09:30:49.108291,297.85,297.95,0
2020-01-03 09:30:50,N,AAPL,297.85,2.0,297.95,1.0,1.0,0.0,2020-01-03 09:30:50.477770,297.91,297.95,0
2020-01-03 09:30:51,N,AAPL,297.91,2.0,297.95,2.0,0.0,1.0,2020-01-03 09:30:51.734416,297.78,297.87,-1
2020-01-03 09:30:52,N,AAPL,297.78,1.0,297.87,4.0,0.0,2.0,2020-01-03 09:30:52.181319,297.77,297.9,0
2020-01-03 09:30:53,N,AAPL,297.77,18.0,297.9,5.0,17.0,0.0,2020-01-03 09:30:53.064269,297.85,297.9,0
2020-01-03 09:30:54,N,AAPL,297.85,1.0,297.9,3.0,0.0,0.0,2020-01-03 09:30:54.184490,297.85,297.94,0
2020-01-03 09:30:55,N,AAPL,297.85,2.0,297.94,3.0,0.0,1.0,2020-01-03 09:30:55.504587,297.89,297.95,0
2020-01-03 09:30:56,N,AAPL,297.89,2.0,297.95,6.0,-2.0,4.0,2020-01-03 09:30:56.116654,297.91,297.95,0
2020-01-03 09:30:57,N,AAPL,297.91,1.0,297.95,1.0,-1.0,-5.0,2020-01-03 09:30:57.003801,297.97,297.99,1
2020-01-03 09:30:58,N,AAPL,297.97,4.0,297.99,1.0,0.0,-1.0,2020-01-03 09:30:58.093735,297.99,298.1,0
2020-01-03 09:30:59,N,AAPL,297.99,1.0,298.1,2.0,-1.0,0.0,2020-01-03 09:30:59.701875,298.0,298.07,0
2020-01-03 09:31:00,N,AAPL,298.0,1.0,298.07,1.0,0.0,-1.0,2020-01-03 09:31:00.482841,298.03,298.08,0
2020-01-03 09:31:01,N,AAPL,298.03,2.0,298.08,1.0,-3.0,0.0,2020-01-03 09:31:01.323664,297.97,298.06,0
2020-01-03 09:31:02,N,AAPL,297.97,4.0,298.06,1.0,3.0,-1.0,2020-01-03 09:31:02.169256,298.06,298.17,0
2020-01-03 09:31:03,N,AAPL,298.06,2.0,298.17,2.0,1.0,1.0,2020-01-03 09:31:03.332962,298.18,298.28,1
2020-01-03 09:31:06,N,AAPL,298.18,2.0,298.28,1.0,-2.0,0.0,2020-01-03 09:31:06.062945,298.14,298.27,0
2020-01-03 09:31:07,N,AAPL,298.14,1.0,298.27,4.0,0.0,2.0,2020-01-03 09:31:07.183190,298.25,298.31,0
2020-01-03 09:31:08,N,AAPL,298.25,2.0,298.31,4.0,0.0,3.0,2020-01-03 09:31:08.111011,298.22,298.34,0
2020-01-03 09:31:09,N,AAPL,298.22,4.0,298.34,2.0,2.0,1.0,2020-01-03 09:31:09.735519,298.19,298.26,0
2020-01-03 09:31:10,N,AAPL,298.19,1.0,298.26,1.0,0.0,0.0,2020-01-03 09:31:10.564293,298.12,298.21,0
2020-01-03 09:31:11,N,AAPL,298.12,1.0,298.21,4.0,-1.0,3.0,2020-01-03 09:31:11.188843,298.26,298.34,1
2020-01-03 09:31:12,N,AAPL,298.26,4.0,298.34,4.0,3.0,3.0,2020-01-03 09:31:12.526798,298.28,298.36,0
2020-01-03 09:31:13,N,AAPL,298.28,1.0,298.36,2.0,0.0,-2.0,2020-01-03 09:31:13.001468,298.24,298.31,0
2020-01-03 09:31:14,N,AAPL,298.24,7.0,298.31,1.0,5.0,0.0,2020-01-03 09:31:14.123244,298.15,298.17,-1
2020-01-03 09:31:15,N,AAPL,298.15,2.0,298.17,4.0,-1.0,2.0,2020-01-03 09:31:15.062894,298.21,298.3,1
2020-01-03 09:31:16,N,AAPL,298.21,1.0,298.3,2.0,0.0,0.0,2020-01-03 09:31:16.473624,298.13,298.22,0
2020-01-03 09:31:17,N,AAPL,298.13,1.0,298.22,4.0,0.0,2.0,2020-01-03 09:31:17.059010,298.17,298.24,0
2020-01-03 09:31:18,N,AAPL,298.17,1.0,298.24,1.0,0.0,0.0,2020-01-03 09:31:18.384673,298.15,298.19,0
2020-01-03 09:31:19,N,AAPL,298.15,4.0,298.19,1.0,3.0,-1.0,2020-01-03 09:31:19.403563,298.2,298.24,1
2020-01-03 09:31:20,N,AAPL,298.2,1.0,298.24,1.0,-3.0,-2.0,2020-01-03 09:31:20.008072,298.15,298.24,0
2020-01-03 09:31:21,N,AAPL,298.15,2.0,298.24,2.0,0.0,1.0,2020-01-03 09:31:21.051038,298.24,298.27,0
2020-01-03 09:31:22,N,AAPL,298.24,4.0,298.27,1.0,0.0,-5.0,2020-01-03 09:31:22.916057,298.2,298.23,-1
2020-01-03 09:31:23,N,AAPL,298.2,2.0,298.23,2.0,1.0,1.0,2020-01-03 09:31:23.090811,298.15,298.17,-1
2020-01-03 09:31:24,N,AAPL,298.15,2.0,298.17,3.0,0.0,1.0,2020-01-03 09:31:24.556188,298.19,298.27,1
2020-01-03 09:31:26,N,AAPL,298.19,4.0,298.27,1.0,2.0,0.0,2020-01-03 09:31:26.055665,298.34,298.38,1
2020-01-03 09:31:28,N,AAPL,298.34,2.0,298.38,1.0,1.0,0.0,2020-01-03 09:31:28.652360,298.41,298.44,1
2020-01-03 09:31:29,N,AAPL,298.41,2.0,298.44,2.0,0.0,0.0,2020-01-03 09:31:29.139022,298.41,298.46,0
2020-01-03 09:31:30,N,AAPL,298.41,2.0,298.46,2.0,1.0,0.0,2020-01-03 09:31:30.208436,298.38,298.42,0
2020-01-03 09:31:31,N,AAPL,298.38,1.0,298.42,4.0,-1.0,2.0,2020-01-03 09:31:31.105146,298.32,298.36,-1
2020-01-03 09:31:32,N,AAPL,298.32,1.0,298.36,4.0,0.0,3.0,2020-01-03 09:31:32.128864,298.26,298.34,0
2020-01-03 09:31:33,N,AAPL,298.26,3.0,298.34,2.0,1.0,-2.0,2020-01-03 09:31:33.073774,298.22,298.3,0
2020-01-03 09:31:34,N,AAPL,298.22,5.0,298.3,2.0,4.0,-8.0,2020-01-03 09:31:34.098858,298.38,298.41,1
2020-01-03 09:31:35,N,AAPL,298.38,1.0,298.41,1.0,0.0,0.0,2020-01-03 09:31:35.422837,298.4,298.44,0
2020-01-03 09:31:36,N,AAPL,298.4,1.0,298.44,2.0,-2.0,1.0,2020-01-03 09:31:36.228856,298.44,298.49,0
2020-01-03 09:31:37,N,AAPL,298.44,1.0,298.49,4.0,0.0,2.0,2020-01-03 09:31:37.475317,298.42,298.45,0
2020-01-03 09:31:38,N,AAPL,298.42,1.0,298.45,2.0,0.0,1.0,2020-01-03 09:31:38.359372,298.41,298.47,0
2020-01-03 09:31:39,N,AAPL,298.41,1.0,298.47,4.0,0.0,0.0,2020-01-03 09:31:39.175533,298.41,298.44,0
2020-01-03 09:31:40,N,AAPL,298.41,2.0,298.44,4.0,1.0,0.0,2020-01-03 09:31:40.984530,298.4,298.42,0
2020-01-03 09:31:41,N,AAPL,298.4,6.0,298.42,4.0,4.0,3.0,2020-01-03 09:31:41.031447,298.46,298.49,1
2020-01-03 09:31:42,N,AAPL,298.46,1.0,298.49,2.0,-2.0,1.0,2020-01-03 09:31:42.373293,298.43,298.46,0
2020-01-03 09:31:43,N,AAPL,298.43,1.0,298.46,4.0,0.0,3.0,2020-01-03 09:31:43.278357,298.3,298.4,-1
2020-01-03 09:31:44,N,AAPL,298.3,3.0,298.4,1.0,2.0,0.0,2020-01-03 09:31:44.352337,298.29,298.34,0
2020-01-03 09:31:45,N,AAPL,298.29,1.0,298.34,2.0,-2.0,1.0,2020-01-03 09:31:45.807084,298.25,298.3,0
2020-01-03 09:31:46,N,AAPL,298.25,1.0,298.3,4.0,0.0,3.0,2020-01-03 09:31:46.103660,298.14,298.16,-1
2020-01-03 09:31:48,N,AAPL,298.14,1.0,298.16,4.0,0.0,3.0,2020-01-03 09:31:48.691501,298.21,298.25,1
2020-01-03 09:31:50,N,AAPL,298.21,1.0,298.25,1.0,0.0,-3.0,2020-01-03 09:31:50.323436,298.26,298.31,1
2020-01-03 09:31:51,N,AAPL,298.26,4.0,298.31,1.0,2.0,0.0,2020-01-03 09:31:51.069914,298.3,298.33,0
2020-01-03 09:31:52,N,AAPL,298.3,1.0,298.33,4.0,0.0,2.0,2020-01-03 09:31:52.463303,298.29,298.34,0
2020-01-03 09:31:53,N,AAPL,298.29,3.0,298.34,1.0,-2.0,0.0,2020-01-03 09:31:53.193875,298.31,298.38,0
2020-01-03 09:31:54,N,AAPL,298.31,1.0,298.38,4.0,-1.0,2.0,2020-01-03 09:31:54.321838,298.36,298.37,0
2020-01-03 09:31:55,N,AAPL,298.36,1.0,298.37,4.0,0.0,3.0,2020-01-03 09:31:55.856371,298.33,298.37,0
2020-01-03 09:31:56,N,AAPL,298.33,2.0,298.37,4.0,1.0,0.0,2020-01-03 09:31:56.078055,298.42,298.48,1
2020-01-03 09:31:57,N,AAPL,298.42,2.0,298.48,2.0,1.0,1.0,2020-01-03 09:31:57.540572,298.45,298.49,0
2020-01-03 09:31:58,N,AAPL,298.45,2.0,298.49,1.0,1.0,-1.0,2020-01-03 09:31:58.297001,298.54,298.59,1
2020-01-03 09:31:59,N,AAPL,298.54,2.0,298.59,1.0,0.0,0.0,2020-01-03 09:31:59.485260,298.61,298.66,1
2020-01-03 09:32:00,N,AAPL,298.61,2.0,298.66,5.0,0.0,4.0,2020-01-03 09:32:00.186801,298.61,298.67,0
2020-01-03 09:32:01,N,AAPL,298.61,2.0,298.67,3.0,1.0,-3.0,2020-01-03 09:32:01.843851,298.62,298.68,0
2020-01-03 09:32:02,N,AAPL,298.62,1.0,298.68,4.0,0.0,2.0,2020-01-03 09:32:02.190622,298.61,298.68,0
2020-01-03 09:32:03,N,AAPL,298.61,4.0,298.68,1.0,2.0,-3.0,2020-01-03 09:32:03.156750,298.59,298.64,0
2020-01-03 09:32:04,N,AAPL,298.59,4.0,298.64,2.0,3.0,1.0,2020-01-03 09:32:04.403993,298.63,298.69,0
2020-01-03 09:32:05,N,AAPL,298.63,1.0,298.69,2.0,0.0,1.0,2020-01-03 09:32:05.090219,298.55,298.64,0
2020-01-03 09:32:06,N,AAPL,298.55,5.0,298.64,3.0,3.0,1.0,2020-01-03 09:32:06.189056,298.52,298.56,0
2020-01-03 09:32:07,N,AAPL,298.52,1.0,298.56,4.0,0.0,2.0,2020-01-03 09:32:07.788852,298.51,298.57,0
2020-01-03 09:32:08,N,AAPL,298.51,1.0,298.57,1.0,-1.0,0.0,2020-01-03 09:32:08.385352,298.53,298.58,0
2020-01-03 09:32:09,N,AAPL,298.53,1.0,298.58,4.0,0.0,2.0,2020-01-03 09:32:09.681478,298.55,298.62,0
2020-01-03 09:32:10,N,AAPL,298.55,4.0,298.62,1.0,3.0,-1.0,2020-01-03 09:32:10.166057,298.5,298.55,0
2020-01-03 09:32:11,N,AAPL,298.5,1.0,298.55,2.0,0.0,1.0,2020-01-03 09:32:11.334880,298.49,298.54,0
2020-01-03 09:32:12,N,AAPL,298.49,6.0,298.54,4.0,5.0,2.0,2020-01-03 09:32:12.111921,298.43,298.53,0
2020-01-03 09:32:13,N,AAPL,298.43,2.0,298.53,1.0,1.0,0.0,2020-01-03 09:32:13.921440,298.43,298.51,0
2020-01-03 09:32:14,N,AAPL,298.43,2.0,298.51,4.0,0.0,3.0,2020-01-03 09:32:14.065751,298.53,298.56,1
2020-01-03 09:32:15,N,AAPL,298.53,1.0,298.56,2.0,-3.0,1.0,2020-01-03 09:32:15.202866,298.53,298.56,0
2020-01-03 09:32:16,N,AAPL,298.53,2.0,298.56,2.0,0.0,1.0,2020-01-03 09:32:16.327270,298.53,298.56,0
2020-01-03 09:32:17,N,AAPL,298.53,1.0,298.56,2.0,0.0,1.0,2020-01-03 09:32:17.065101,298.76,298.79,1
2020-01-03 09:32:21,N,AAPL,298.76,2.0,298.79,4.0,1.0,2.0,2020-01-03 09:32:21.153384,298.86,298.9,1
2020-01-03 09:32:22,N,AAPL,298.86,1.0,298.9,27.0,-1.0,23.0,2020-01-03 09:32:22.858782,298.92,298.97,1
2020-01-03 09:32:23,N,AAPL,298.92,2.0,298.97,1.0,1.0,-26.0,2020-01-03 09:32:23.590145,298.92,298.96,0
2020-01-03 09:32:24,N,AAPL,298.92,3.0,298.96,2.0,1.0,1.0,2020-01-03 09:32:24.175623,298.97,298.98,1
2020-01-03 09:32:25,N,AAPL,298.97,12.0,298.98,2.0,9.0,0.0,2020-01-03 09:32:25.439771,298.92,298.97,0
2020-01-03 09:32:26,N,AAPL,298.92,4.0,298.97,1.0,-7.0,-1.0,2020-01-03 09:32:26.003527,298.94,298.99,0
2020-01-03 09:32:28,N,AAPL,298.94,9.0,298.99,3.0,5.0,2.0,2020-01-03 09:32:28.759688,298.84,298.93,-1
2020-01-03 09:32:29,N,AAPL,298.84,4.0,298.93,2.0,-5.0,-1.0,2020-01-03 09:32:29.741740,298.85,298.9,0
2020-01-03 09:32:30,N,AAPL,298.85,2.0,298.9,1.0,-2.0,-1.0,2020-01-03 09:32:30.100825,298.81,298.87,0
2020-01-03 09:32:31,N,AAPL,298.81,1.0,298.87,2.0,0.0,1.0,2020-01-03 09:32:31.287115,298.81,298.85,0
2020-01-03 09:32:34,N,AAPL,298.81,3.0,298.85,4.0,2.0,3.0,2020-01-03 09:32:34.501613,298.86,298.88,1
2020-01-03 09:32:37,N,AAPL,298.86,1.0,298.88,1.0,-2.0,-1.0,2020-01-03 09:32:37.108730,298.86,298.9,0
2020-01-03 09:32:38,N,AAPL,298.86,1.0,298.9,2.0,0.0,-3.0,2020-01-03 09:32:38.263115,298.89,298.93,0
2020-01-03 09:32:39,N,AAPL,298.89,2.0,298.93,3.0,1.0,2.0,2020-01-03 09:32:39.173135,298.94,298.98,1
2020-01-03 09:32:40,N,AAPL,298.94,2.0,298.98,1.0,1.0,-1.0,2020-01-03 09:32:40.130990,298.92,298.96,0
2020-01-03 09:32:42,N,AAPL,298.92,1.0,298.96,2.0,0.0,0.0,2020-01-03 09:32:42.106440,298.93,298.97,0
2020-01-03 09:32:43,N,AAPL,298.93,1.0,298.97,2.0,-3.0,0.0,2020-01-03 09:32:43.059901,298.98,299.02,1
2020-01-03 09:32:44,N,AAPL,298.98,2.0,299.02,1.0,0.0,0.0,2020-01-03 09:32:44.003451,299.07,299.11,1
2020-01-03 09:32:45,N,AAPL,299.07,1.0,299.11,2.0,-1.0,1.0,2020-01-03 09:32:45.138630,299.06,299.1,0
2020-01-03 09:32:46,N,AAPL,299.06,1.0,299.1,4.0,-1.0,3.0,2020-01-03 09:32:46.063684,299.07,299.14,0
2020-01-03 09:32:47,N,AAPL,299.07,1.0,299.14,2.0,0.0,0.0,2020-01-03 09:32:47.063448,299.0,299.07,0
2020-01-03 09:32:48,N,AAPL,299.0,4.0,299.07,1.0,3.0,-2.0,2020-01-03 09:32:48.012527,299.05,299.1,0
2020-01-03 09:32:49,N,AAPL,299.05,4.0,299.1,1.0,2.0,0.0,2020-01-03 09:32:49.076441,299.06,299.13,0
2020-01-03 09:32:50,N,AAPL,299.06,3.0,299.13,2.0,2.0,-2.0,2020-01-03 09:32:50.246589,299.03,299.11,0
2020-01-03 09:32:51,N,AAPL,299.03,3.0,299.11,2.0,1.0,0.0,2020-01-03 09:32:51.065221,299.16,299.2,1
2020-01-03 09:32:52,N,AAPL,299.16,1.0,299.2,2.0,-3.0,1.0,2020-01-03 09:32:52.379783,299.13,299.19,0
2020-01-03 09:32:53,N,AAPL,299.13,4.0,299.19,4.0,2.0,3.0,2020-01-03 09:32:53.463353,299.14,299.19,0
2020-01-03 09:32:54,N,AAPL,299.14,1.0,299.19,2.0,0.0,0.0,2020-01-03 09:32:54.096247,299.19,299.23,0
2020-01-03 09:32:55,N,AAPL,299.19,1.0,299.23,4.0,0.0,3.0,2020-01-03 09:32:55.149474,299.2,299.24,0
2020-01-03 09:32:56,N,AAPL,299.2,2.0,299.24,1.0,-2.0,-1.0,2020-01-03 09:32:56.421935,299.2,299.23,0
2020-01-03 09:32:57,N,AAPL,299.2,1.0,299.23,3.0,-2.0,2.0,2020-01-03 09:32:57.158193,299.19,299.25,0
2020-01-03 09:32:58,N,AAPL,299.19,2.0,299.25,4.0,1.0,2.0,2020-01-03 09:32:58.292295,299.22,299.26,0
2020-01-03 09:32:59,N,AAPL,299.22,2.0,299.26,4.0,0.0,2.0,2020-01-03 09:32:59.189185,299.23,299.27,0
2020-01-03 09:33:00,N,AAPL,299.23,4.0,299.27,2.0,-1.0,0.0,2020-01-03 09:33:00.154846,299.2,299.23,0
2020-01-03 09:33:01,N,AAPL,299.2,4.0,299.23,1.0,0.0,-1.0,2020-01-03 09:33:01.582371,299.22,299.25,0
2020-01-03 09:33:02,N,AAPL,299.22,2.0,299.25,4.0,-2.0,2.0,2020-01-03 09:33:02.110611,299.19,299.25,0
2020-01-03 09:33:03,N,AAPL,299.19,4.0,299.25,2.0,2.0,0.0,2020-01-03 09:33:03.059067,299.25,299.26,0
2020-01-03 09:33:04,N,AAPL,299.25,1.0,299.26,1.0,-1.0,-1.0,2020-01-03 09:33:04.200634,299.18,299.22,-1
2020-01-03 09:33:05,N,AAPL,299.18,1.0,299.22,2.0,-1.0,0.0,2020-01-03 09:33:05.250931,299.05,299.08,-1
2020-01-03 09:33:07,N,AAPL,299.05,2.0,299.08,2.0,1.0,0.0,2020-01-03 09:33:07.546483,299.02,299.05,0
2020-01-03 09:33:08,N,AAPL,299.02,1.0,299.05,2.0,-1.0,-1.0,2020-01-03 09:33:08.779955,299.04,299.09,0
2020-01-03 09:33:09,N,AAPL,299.04,2.0,299.09,1.0,1.0,0.0,2020-01-03 09:33:09.501289,299.03,299.08,0
2020-01-03 09:33:10,N,AAPL,299.03,1.0,299.08,2.0,-1.0,1.0,2020-01-03 09:33:10.201628,299.09,299.14,1
2020-01-03 09:33:11,N,AAPL,299.09,1.0,299.14,1.0,-1.0,-3.0,2020-01-03 09:33:11.005967,299.01,299.06,-1
2020-01-03 09:33:12,N,AAPL,299.01,2.0,299.06,2.0,-1.0,0.0,2020-01-03 09:33:12.397789,299.03,299.09,0
2020-01-03 09:33:13,N,AAPL,299.03,2.0,299.09,1.0,0.0,-3.0,2020-01-03 09:33:13.357465,299.0,299.04,0
2020-01-03 09:33:14,N,AAPL,299.0,1.0,299.04,2.0,0.0,1.0,2020-01-03 09:33:14.299991,299.02,299.1,0
2020-01-03 09:33:15,N,AAPL,299.02,2.0,299.1,2.0,0.0,0.0,2020-01-03 09:33:15.251214,299.02,299.1,0
2020-01-03 09:33:16,N,AAPL,299.02,1.0,299.1,1.0,-1.0,0.0,2020-01-03 09:33:16.001406,299.09,299.13,0
2020-01-03 09:33:17,N,AAPL,299.09,15.0,299.13,1.0,11.0,-1.0,2020-01-03 09:33:17.540411,299.12,299.16,0
2020-01-03 09:33:18,N,AAPL,299.12,2.0,299.16,1.0,-13.0,0.0,2020-01-03 09:33:18.471156,299.12,299.16,0
2020-01-03 09:33:19,N,AAPL,299.12,2.0,299.16,1.0,0.0,0.0,2020-01-03 09:33:19.073947,299.18,299.22,1
2020-01-03 09:33:20,N,AAPL,299.18,2.0,299.22,1.0,0.0,0.0,2020-01-03 09:33:20.908039,299.19,299.22,0
2020-01-03 09:33:21,N,AAPL,299.19,2.0,299.22,1.0,0.0,0.0,2020-01-03 09:33:21.255983,299.12,299.17,-1
2020-01-03 09:33:24,N,AAPL,299.12,1.0,299.17,3.0,0.0,1.0,2020-01-03 09:33:24.566872,299.13,299.18,0
2020-01-03 09:33:25,N,AAPL,299.13,3.0,299.18,4.0,0.0,2.0,2020-01-03 09:33:25.028859,299.15,299.2,0
2020-01-03 09:33:26,N,AAPL,299.15,21.0,299.2,4.0,-4.0,3.0,2020-01-03 09:33:26.633922,299.2,299.22,0
2020-01-03 09:33:27,N,AAPL,299.2,2.0,299.22,1.0,-19.0,0.0,2020-01-03 09:33:27.170638,299.29,299.32,1
2020-01-03 09:33:28,N,AAPL,299.29,2.0,299.32,2.0,1.0,1.0,2020-01-03 09:33:28.402146,299.32,299.33,0
2020-01-03 09:33:29,N,AAPL,299.32,2.0,299.33,8.0,0.0,7.0,2020-01-03 09:33:29.933062,299.31,299.36,0
2020-01-03 09:33:30,N,AAPL,299.31,1.0,299.36,1.0,-1.0,-7.0,2020-01-03 09:33:30.447173,299.32,299.36,0
2020-01-03 09:33:31,N,AAPL,299.32,1.0,299.36,1.0,-1.0,0.0,2020-01-03 09:33:31.185175,299.32,299.36,0
2020-01-03 09:33:32,N,AAPL,299.32,4.0,299.36,1.0,2.0,-1.0,2020-01-03 09:33:32.161395,299.33,299.37,0
2020-01-03 09:33:33,N,AAPL,299.33,2.0,299.37,2.0,1.0,0.0,2020-01-03 09:33:33.731206,299.32,299.38,0
2020-01-03 09:33:34,N,AAPL,299.32,2.0,299.38,1.0,-1.0,-1.0,2020-01-03 09:33:34.037649,299.38,299.41,0
2020-01-03 09:33:36,N,AAPL,299.38,3.0,299.41,5.0,-1.0,-4.0,2020-01-03 09:33:36.074134,299.37,299.43,0
2020-01-03 09:33:37,N,AAPL,299.37,4.0,299.43,2.0,2.0,-3.0,2020-01-03 09:33:37.204632,299.42,299.46,0
2020-01-03 09:33:40,N,AAPL,299.42,2.0,299.46,2.0,0.0,1.0,2020-01-03 09:33:40.002620,299.44,299.47,0
2020-01-03 09:33:41,N,AAPL,299.44,4.0,299.47,2.0,1.0,-1.0,2020-01-03 09:33:41.323982,299.43,299.46,0
2020-01-03 09:33:42,N,AAPL,299.43,1.0,299.46,2.0,0.0,0.0,2020-01-03 09:33:42.051729,299.42,299.46,0
2020-01-03 09:33:43,N,AAPL,299.42,2.0,299.46,2.0,1.0,1.0,2020-01-03 09:33:43.172243,299.34,299.36,-1
2020-01-03 09:33:44,N,AAPL,299.34,1.0,299.36,4.0,-29.0,0.0,2020-01-03 09:33:44.051736,299.42,299.43,1
2020-01-03 09:33:45,N,AAPL,299.42,7.0,299.43,1.0,4.0,-1.0,2020-01-03 09:33:45.164735,299.48,299.49,1
2020-01-03 09:33:46,N,AAPL,299.48,4.0,299.49,1.0,3.0,0.0,2020-01-03 09:33:46.278756,299.48,299.53,0
2020-01-03 09:33:47,N,AAPL,299.48,5.0,299.53,3.0,4.0,-5.0,2020-01-03 09:33:47.067383,299.44,299.5,0
2020-01-03 09:33:48,N,AAPL,299.44,7.0,299.5,3.0,6.0,1.0,2020-01-03 09:33:48.633965,299.49,299.51,0
2020-01-03 09:33:51,N,AAPL,299.49,2.0,299.51,2.0,0.0,0.0,2020-01-03 09:33:51.690850,299.48,299.52,0
2020-01-03 09:33:52,N,AAPL,299.48,3.0,299.52,1.0,2.0,0.0,2020-01-03 09:33:52.751757,299.48,299.52,0
2020-01-03 09:33:53,N,AAPL,299.48,3.0,299.52,1.0,0.0,0.0,2020-01-03 09:33:53.012626,299.54,299.59,1
2020-01-03 09:33:54,N,AAPL,299.54,1.0,299.59,2.0,-3.0,0.0,2020-01-03 09:33:54.961043,299.55,299.6,0
2020-01-03 09:33:55,N,AAPL,299.55,3.0,299.6,2.0,2.0,0.0,2020-01-03 09:33:55.440593,299.57,299.62,0
2020-01-03 09:33:56,N,AAPL,299.57,5.0,299.62,2.0,3.0,0.0,2020-01-03 09:33:56.272904,299.6,299.66,0
2020-01-03 09:33:57,N,AAPL,299.6,1.0,299.66,1.0,0.0,-2.0,2020-01-03 09:33:57.152327,299.62,299.66,0
2020-01-03 09:33:58,N,AAPL,299.62,1.0,299.66,4.0,-4.0,2.0,2020-01-03 09:33:58.659566,299.58,299.61,-1
2020-01-03 09:33:59,N,AAPL,299.58,5.0,299.61,1.0,3.0,-1.0,2020-01-03 09:33:59.233593,299.5,299.55,-1
2020-01-03 09:34:00,N,AAPL,299.5,3.0,299.55,2.0,1.0,0.0,2020-01-03 09:34:00.207396,299.45,299.46,-1
2020-01-03 09:34:01,N,AAPL,299.45,1.0,299.46,1.0,-2.0,-3.0,2020-01-03 09:34:01.206258,299.41,299.46,0
2020-01-03 09:34:02,N,AAPL,299.41,4.0,299.46,1.0,-14.0,-1.0,2020-01-03 09:34:02.059187,299.4,299.43,0
2020-01-03 09:34:03,N,AAPL,299.4,1.0,299.43,1.0,-1.0,-2.0,2020-01-03 09:34:03.162294,299.45,299.49,1
2020-01-03 09:34:04,N,AAPL,299.45,4.0,299.49,1.0,2.0,-1.0,2020-01-03 09:34:04.220612,299.59,299.64,1
2020-01-03 09:34:05,N,AAPL,299.59,4.0,299.64,2.0,3.0,-1.0,2020-01-03 09:34:05.478254,299.66,299.68,1
2020-01-03 09:34:06,N,AAPL,299.66,5.0,299.68,1.0,2.0,-1.0,2020-01-03 09:34:06.580620,299.68,299.72,0
2020-01-03 09:34:07,N,AAPL,299.68,2.0,299.72,3.0,-2.0,1.0,2020-01-03 09:34:07.390575,299.73,299.77,1
2020-01-03 09:34:08,N,AAPL,299.73,2.0,299.77,2.0,1.0,0.0,2020-01-03 09:34:08.963933,299.73,299.77,0
2020-01-03 09:34:09,N,AAPL,299.73,1.0,299.77,1.0,-3.0,-8.0,2020-01-03 09:34:09.291411,299.7,299.74,0
2020-01-03 09:34:10,N,AAPL,299.7,4.0,299.74,10.0,1.0,8.0,2020-01-03 09:34:10.647294,299.73,299.77,0
2020-01-03 09:34:11,N,AAPL,299.73,3.0,299.77,1.0,2.0,-9.0,2020-01-03 09:34:11.274188,299.72,299.77,0
2020-01-03 09:34:12,N,AAPL,299.72,4.0,299.77,1.0,3.0,-1.0,2020-01-03 09:34:12.029954,299.71,299.74,0
2020-01-03 09:34:13,N,AAPL,299.71,1.0,299.74,3.0,0.0,2.0,2020-01-03 09:34:13.350044,299.8,299.84,1
2020-01-03 09:34:14,N,AAPL,299.8,4.0,299.84,12.0,0.0,4.0,2020-01-03 09:34:14.083704,299.78,299.83,0
2020-01-03 09:34:15,N,AAPL,299.78,2.0,299.83,2.0,0.0,0.0,2020-01-03 09:34:15.125350,299.8,299.85,0
2020-01-03 09:34:16,N,AAPL,299.8,15.0,299.85,4.0,13.0,3.0,2020-01-03 09:34:16.083386,299.82,299.87,0
2020-01-03 09:34:17,N,AAPL,299.82,1.0,299.87,1.0,0.0,-1.0,2020-01-03 09:34:17.041917,299.75,299.8,-1
2020-01-03 09:34:18,N,AAPL,299.75,2.0,299.8,2.0,-1.0,0.0,2020-01-03 09:34:18.029256,299.79,299.86,0
2020-01-03 09:34:19,N,AAPL,299.79,1.0,299.86,3.0,-1.0,2.0,2020-01-03 09:34:19.517472,299.78,299.85,0
2020-01-03 09:34:20,N,AAPL,299.78,3.0,299.85,2.0,1.0,1.0,2020-01-03 09:34:20.013678,299.81,299.83,0
2020-01-03 09:34:22,N,AAPL,299.81,2.0,299.83,1.0,-2.0,0.0,2020-01-03 09:34:22.678018,299.83,299.86,0
2020-01-03 09:34:23,N,AAPL,299.83,4.0,299.86,4.0,3.0,2.0,2020-01-03 09:34:23.035104,299.74,299.8,-1
2020-01-03 09:34:24,N,AAPL,299.74,2.0,299.8,2.0,-2.0,0.0,2020-01-03 09:34:24.004065,299.71,299.76,0
2020-01-03 09:34:25,N,AAPL,299.71,4.0,299.76,2.0,2.0,0.0,2020-01-03 09:34:25.045034,299.72,299.76,0
2020-01-03 09:34:26,N,AAPL,299.72,4.0,299.76,1.0,2.0,0.0,2020-01-03 09:34:26.058252,299.7,299.75,0
2020-01-03 09:34:27,N,AAPL,299.7,2.0,299.75,3.0,1.0,1.0,2020-01-03 09:34:27.070091,299.73,299.79,0
2020-01-03 09:34:28,N,AAPL,299.73,2.0,299.79,2.0,0.0,0.0,2020-01-03 09:34:28.288569,299.77,299.79,0
2020-01-03 09:34:30,N,AAPL,299.77,16.0,299.79,4.0,15.0,1.0,2020-01-03 09:34:30.308685,299.77,299.79,0
2020-01-03 09:34:31,N,AAPL,299.77,8.0,299.79,4.0,-6.0,-1.0,2020-01-03 09:34:31.387315,299.79,299.81,0
2020-01-03 09:34:32,N,AAPL,299.79,2.0,299.81,2.0,-4.0,0.0,2020-01-03 09:34:32.211804,299.82,299.87,1
2020-01-03 09:34:33,N,AAPL,299.82,4.0,299.87,3.0,2.0,0.0,2020-01-03 09:34:33.310126,299.92,299.96,1
2020-01-03 09:34:35,N,AAPL,299.92,4.0,299.96,1.0,2.0,-16.0,2020-01-03 09:34:35.038376,300.02,300.05,1
2020-01-03 09:34:36,N,AAPL,300.02,2.0,300.05,7.0,0.0,-15.0,2020-01-03 09:34:36.168585,300.05,300.09,0
2020-01-03 09:34:37,N,AAPL,300.05,2.0,300.09,2.0,0.0,0.0,2020-01-03 09:34:37.205928,299.98,300.02,-1
2020-01-03 09:34:39,N,AAPL,299.98,1.0,300.02,2.0,-3.0,-1.0,2020-01-03 09:34:39.065094,299.94,300.0,0
2020-01-03 09:34:40,N,AAPL,299.94,1.0,300.0,6.0,0.0,4.0,2020-01-03 09:34:40.067525,299.9,299.95,0
2020-01-03 09:34:41,N,AAPL,299.9,2.0,299.95,1.0,1.0,-3.0,2020-01-03 09:34:41.146643,299.98,300.01,1
2020-01-03 09:34:42,N,AAPL,299.98,2.0,300.01,2.0,1.0,1.0,2020-01-03 09:34:42.573517,300.09,300.14,1
2020-01-03 09:34:43,N,AAPL,300.09,1.0,300.14,2.0,0.0,1.0,2020-01-03 09:34:43.014292,299.98,300.02,-1
2020-01-03 09:34:45,N,AAPL,299.98,2.0,300.02,2.0,-1.0,0.0,2020-01-03 09:34:45.242449,299.96,300.0,0
2020-01-03 09:34:47,N,AAPL,299.96,3.0,300.0,2.0,2.0,-2.0,2020-01-03 09:34:47.199909,300.01,300.04,1
2020-01-03 09:34:48,N,AAPL,300.01,2.0,300.04,4.0,1.0,0.0,2020-01-03 09:34:48.193645,299.95,300.0,-1
2020-01-03 09:34:49,N,AAPL,299.95,5.0,300.0,2.0,-2.0,-2.0,2020-01-03 09:34:49.000814,299.91,299.95,0
2020-01-03 09:34:50,N,AAPL,299.91,2.0,299.95,2.0,1.0,0.0,2020-01-03 09:34:50.209347,299.85,299.91,0
2020-01-03 09:34:51,N,AAPL,299.85,2.0,299.91,2.0,0.0,0.0,2020-01-03 09:34:51.370341,299.82,299.87,0
2020-01-03 09:34:52,N,AAPL,299.82,2.0,299.87,2.0,0.0,0.0,2020-01-03 09:34:52.005217,299.91,299.97,1
2020-01-03 09:34:53,N,AAPL,299.91,2.0,299.97,2.0,1.0,1.0,2020-01-03 09:34:53.380221,299.95,300.0,0
2020-01-03 09:34:54,N,AAPL,299.95,2.0,300.0,7.0,0.0,6.0,2020-01-03 09:34:54.060051,299.92,299.97,0
2020-01-03 09:34:55,N,AAPL,299.92,2.0,299.97,2.0,0.0,-5.0,2020-01-03 09:34:55.689684,299.92,299.96,0
2020-01-03 09:34:56,N,AAPL,299.92,2.0,299.96,1.0,0.0,-1.0,2020-01-03 09:34:56.261433,299.89,299.92,0
2020-01-03 09:34:57,N,AAPL,299.89,2.0,299.92,2.0,0.0,1.0,2020-01-03 09:34:57.107960,299.9,299.95,0
2020-01-03 09:34:58,N,AAPL,299.9,1.0,299.95,3.0,0.0,-4.0,2020-01-03 09:34:58.077950,299.91,299.97,0
2020-01-03 09:34:59,N,AAPL,299.91,1.0,299.97,3.0,0.0,1.0,2020-01-03 09:34:59.334178,299.94,299.99,0
2020-01-03 09:35:00,N,AAPL,299.94,3.0,299.99,2.0,0.0,0.0,2020-01-03 09:35:00.033086,299.95,299.99,0
2020-01-03 09:35:02,N,AAPL,299.95,2.0,299.99,2.0,1.0,0.0,2020-01-03 09:35:02.082264,299.89,299.93,-1
2020-01-03 09:35:03,N,AAPL,299.89,1.0,299.93,2.0,-1.0,1.0,2020-01-03 09:35:03.065227,299.91,299.97,0
2020-01-03 09:35:05,N,AAPL,299.91,2.0,299.97,4.0,0.0,2.0,2020-01-03 09:35:05.374546,299.89,299.92,0
2020-01-03 09:35:06,N,AAPL,299.89,2.0,299.92,2.0,-1.0,0.0,2020-01-03 09:35:06.028313,299.84,299.92,0
2020-01-03 09:35:07,N,AAPL,299.84,1.0,299.92,2.0,-3.0,1.0,2020-01-03 09:35:07.003512,299.72,299.8,-1
2020-01-03 09:35:08,N,AAPL,299.72,4.0,299.8,2.0,3.0,1.0,2020-01-03 09:35:08.177283,299.71,299.74,0
2020-01-03 09:35:09,N,AAPL,299.71,4.0,299.74,2.0,1.0,0.0,2020-01-03 09:35:09.067810,299.68,299.71,0
2020-01-03 09:35:10,N,AAPL,299.68,1.0,299.71,1.0,0.0,-1.0,2020-01-03 09:35:10.804302,299.67,299.72,0
2020-01-03 09:35:11,N,AAPL,299.67,5.0,299.72,2.0,3.0,1.0,2020-01-03 09:35:11.634701,299.67,299.74,0
2020-01-03 09:35:12,N,AAPL,299.67,2.0,299.74,4.0,-2.0,1.0,2020-01-03 09:35:12.285184,299.64,299.72,0
2020-01-03 09:35:13,N,AAPL,299.64,4.0,299.72,3.0,2.0,-1.0,2020-01-03 09:35:13.616845,299.65,299.72,0
2020-01-03 09:35:14,N,AAPL,299.65,1.0,299.72,4.0,-1.0,2.0,2020-01-03 09:35:14.767877,299.54,299.6,-1
2020-01-03 09:35:15,N,AAPL,299.54,2.0,299.6,4.0,0.0,2.0,2020-01-03 09:35:15.368002,299.51,299.57,0
2020-01-03 09:35:16,N,AAPL,299.51,4.0,299.57,29.0,2.0,27.0,2020-01-03 09:35:16.180307,299.51,299.54,0
2020-01-03 09:35:17,N,AAPL,299.51,1.0,299.54,3.0,0.0,2.0,2020-01-03 09:35:17.363261,299.51,299.57,0
2020-01-03 09:35:18,N,AAPL,299.51,4.0,299.57,2.0,1.0,0.0,2020-01-03 09:35:18.057975,299.55,299.59,0
2020-01-03 09:35:19,N,AAPL,299.55,3.0,299.59,4.0,1.0,2.0,2020-01-03 09:35:19.606508,299.56,299.59,0
2020-01-03 09:35:20,N,AAPL,299.56,1.0,299.59,1.0,0.0,-1.0,2020-01-03 09:35:20.382279,299.56,299.61,0
2020-01-03 09:35:21,N,AAPL,299.56,4.0,299.61,2.0,3.0,1.0,2020-01-03 09:35:21.315299,299.61,299.64,0
2020-01-03 09:35:22,N,AAPL,299.61,2.0,299.64,1.0,0.0,-1.0,2020-01-03 09:35:22.895423,299.56,299.6,-1
2020-01-03 09:35:23,N,AAPL,299.56,1.0,299.6,4.0,-1.0,3.0,2020-01-03 09:35:23.211223,299.59,299.64,0
2020-01-03 09:35:24,N,AAPL,299.59,4.0,299.64,3.0,0.0,1.0,2020-01-03 09:35:24.113116,299.57,299.6,0
2020-01-03 09:35:25,N,AAPL,299.57,2.0,299.6,3.0,-3.0,1.0,2020-01-03 09:35:25.122773,299.56,299.6,0
2020-01-03 09:35:26,N,AAPL,299.56,1.0,299.6,3.0,-2.0,1.0,2020-01-03 09:35:26.213485,299.57,299.6,0
2020-01-03 09:35:27,N,AAPL,299.57,2.0,299.6,2.0,1.0,0.0,2020-01-03 09:35:27.322726,299.63,299.66,1
2020-01-03 09:35:28,N,AAPL,299.63,1.0,299.66,2.0,-1.0,0.0,2020-01-03 09:35:28.242166,299.62,299.69,0
2020-01-03 09:35:29,N,AAPL,299.62,2.0,299.69,3.0,1.0,0.0,2020-01-03 09:35:29.422835,299.63,299.64,0
2020-01-03 09:35:31,N,AAPL,299.63,14.0,299.64,4.0,13.0,2.0,2020-01-03 09:35:31.572020,299.59,299.64,0
2020-01-03 09:35:32,N,AAPL,299.59,3.0,299.64,1.0,1.0,0.0,2020-01-03 09:35:32.330727,299.52,299.56,-1
2020-01-03 09:35:34,N,AAPL,299.52,1.0,299.56,4.0,-1.0,2.0,2020-01-03 09:35:34.468861,299.52,299.56,0
2020-01-03 09:35:35,N,AAPL,299.52,2.0,299.56,1.0,0.0,-1.0,2020-01-03 09:35:35.835102,299.45,299.48,-1
2020-01-03 09:35:37,N,AAPL,299.45,5.0,299.48,2.0,-11.0,-2.0,2020-01-03 09:35:37.173200,299.49,299.53,1
2020-01-03 09:35:39,N,AAPL,299.49,7.0,299.53,2.0,2.0,0.0,2020-01-03 09:35:39.266750,299.52,299.56,0
2020-01-03 09:35:41,N,AAPL,299.52,1.0,299.56,2.0,-6.0,0.0,2020-01-03 09:35:41.035665,299.55,299.59,0
2020-01-03 09:35:42,N,AAPL,299.55,2.0,299.59,1.0,1.0,-3.0,2020-01-03 09:35:42.147401,299.52,299.56,0
2020-01-03 09:35:43,N,AAPL,299.52,3.0,299.56,4.0,0.0,3.0,2020-01-03 09:35:43.092730,299.44,299.47,-1
2020-01-03 09:35:45,N,AAPL,299.44,5.0,299.47,3.0,2.0,-1.0,2020-01-03 09:35:45.741454,299.39,299.42,-1
2020-01-03 09:35:46,N,AAPL,299.39,2.0,299.42,4.0,1.0,2.0,2020-01-03 09:35:46.495941,299.31,299.36,-1
2020-01-03 09:35:47,N,AAPL,299.31,3.0,299.36,2.0,1.0,-2.0,2020-01-03 09:35:47.288473,299.28,299.33,0
2020-01-03 09:35:48,N,AAPL,299.28,2.0,299.33,4.0,0.0,2.0,2020-01-03 09:35:48.216140,299.39,299.44,1
2020-01-03 09:35:49,N,AAPL,299.39,2.0,299.44,2.0,0.0,-2.0,2020-01-03 09:35:49.221512,299.5,299.54,1
2020-01-03 09:35:50,N,AAPL,299.5,2.0,299.54,1.0,0.0,-1.0,2020-01-03 09:35:50.275626,299.47,299.52,0
2020-01-03 09:35:51,N,AAPL,299.47,2.0,299.52,2.0,-1.0,0.0,2020-01-03 09:35:51.152028,299.48,299.54,0
2020-01-03 09:35:52,N,AAPL,299.48,4.0,299.54,3.0,2.0,1.0,2020-01-03 09:35:52.163298,299.48,299.54,0
2020-01-03 09:35:54,N,AAPL,299.48,2.0,299.54,2.0,0.0,0.0,2020-01-03 09:35:54.161665,299.52,299.56,0
2020-01-03 09:35:55,N,AAPL,299.52,5.0,299.56,4.0,3.0,2.0,2020-01-03 09:35:55.942814,299.46,299.52,0
2020-01-03 09:35:57,N,AAPL,299.46,2.0,299.52,2.0,-3.0,0.0,2020-01-03 09:35:57.845217,299.47,299.52,0
2020-01-03 09:35:59,N,AAPL,299.47,1.0,299.52,2.0,-1.0,0.0,2020-01-03 09:35:59.046836,299.49,299.5,0
2020-01-03 09:36:00,N,AAPL,299.49,1.0,299.5,2.0,-1.0,0.0,2020-01-03 09:36:00.434959,299.69,299.72,1
2020-01-03 09:36:02,N,AAPL,299.69,1.0,299.72,1.0,-1.0,-1.0,2020-01-03 09:36:02.789776,299.67,299.72,0
2020-01-03 09:36:03,N,AAPL,299.67,2.0,299.72,2.0,0.0,1.0,2020-01-03 09:36:03.326498,299.6,299.65,-1
2020-01-03 09:36:04,N,AAPL,299.6,2.0,299.65,1.0,0.0,-3.0,2020-01-03 09:36:04.813213,299.62,299.66,0
2020-01-03 09:36:06,N,AAPL,299.62,2.0,299.66,1.0,0.0,0.0,2020-01-03 09:36:06.125120,299.6,299.66,0
2020-01-03 09:36:08,N,AAPL,299.6,2.0,299.66,4.0,-2.0,2.0,2020-01-03 09:36:08.818787,299.6,299.65,0
2020-01-03 09:36:09,N,AAPL,299.6,1.0,299.65,4.0,-1.0,0.0,2020-01-03 09:36:09.156453,299.62,299.68,0
2020-01-03 09:36:10,N,AAPL,299.62,1.0,299.68,1.0,-1.0,-1.0,2020-01-03 09:36:10.823642,299.68,299.73,0
2020-01-03 09:36:11,N,AAPL,299.68,2.0,299.73,2.0,1.0,1.0,2020-01-03 09:36:11.118476,299.65,299.7,0
2020-01-03 09:36:12,N,AAPL,299.65,2.0,299.7,4.0,0.0,3.0,2020-01-03 09:36:12.077534,299.64,299.67,0
2020-01-03 09:36:13,N,AAPL,299.64,2.0,299.67,4.0,-1.0,1.0,2020-01-03 09:36:13.005343,299.6,299.65,0
2020-01-03 09:36:14,N,AAPL,299.6,2.0,299.65,2.0,1.0,0.0,2020-01-03 09:36:14.052364,299.59,299.61,0
2020-01-03 09:36:15,N,AAPL,299.59,1.0,299.61,4.0,-1.0,3.0,2020-01-03 09:36:15.402849,299.62,299.66,1
2020-01-03 09:36:17,N,AAPL,299.62,2.0,299.66,2.0,1.0,-2.0,2020-01-03 09:36:17.666671,299.65,299.69,0
2020-01-03 09:36:18,N,AAPL,299.65,1.0,299.69,4.0,-1.0,3.0,2020-01-03 09:36:18.085747,299.63,299.64,-1
2020-01-03 09:36:19,N,AAPL,299.63,1.0,299.64,2.0,-1.0,-29.0,2020-01-03 09:36:19.316497,299.67,299.71,1
2020-01-03 09:36:20,N,AAPL,299.67,2.0,299.71,3.0,1.0,2.0,2020-01-03 09:36:20.457175,299.6,299.62,-1
2020-01-03 09:36:22,N,AAPL,299.6,1.0,299.62,3.0,0.0,1.0,2020-01-03 09:36:22.889364,299.59,299.62,0
2020-01-03 09:36:23,N,AAPL,299.59,1.0,299.62,2.0,0.0,0.0,2020-01-03 09:36:23.541788,299.64,299.68,1
2020-01-03 09:36:26,N,AAPL,299.64,2.0,299.68,4.0,1.0,2.0,2020-01-03 09:36:26.214157,299.58,299.61,-1
2020-01-03 09:36:27,N,AAPL,299.58,23.0,299.61,1.0,20.0,-2.0,2020-01-03 09:36:27.175526,299.55,299.58,0
2020-01-03 09:36:28,N,AAPL,299.55,2.0,299.58,4.0,-21.0,3.0,2020-01-03 09:36:28.308156,299.51,299.54,-1
2020-01-03 09:36:30,N,AAPL,299.51,2.0,299.54,2.0,0.0,1.0,2020-01-03 09:36:30.002819,299.56,299.6,1
2020-01-03 09:36:31,N,AAPL,299.56,2.0,299.6,3.0,1.0,2.0,2020-01-03 09:36:31.149764,299.58,299.62,0
2020-01-03 09:36:32,N,AAPL,299.58,2.0,299.62,1.0,1.0,-1.0,2020-01-03 09:36:32.203141,299.59,299.62,0
2020-01-03 09:36:33,N,AAPL,299.59,2.0,299.62,6.0,0.0,5.0,2020-01-03 09:36:33.455619,299.59,299.61,0
2020-01-03 09:36:36,N,AAPL,299.59,2.0,299.61,4.0,0.0,-2.0,2020-01-03 09:36:36.460768,299.59,299.62,0
2020-01-03 09:36:38,N,AAPL,299.59,3.0,299.62,4.0,-1.0,3.0,2020-01-03 09:36:38.143802,299.57,299.61,0
2020-01-03 09:36:39,N,AAPL,299.57,3.0,299.61,4.0,0.0,-1.0,2020-01-03 09:36:39.268549,299.59,299.6,0
2020-01-03 09:36:40,N,AAPL,299.59,1.0,299.6,4.0,0.0,3.0,2020-01-03 09:36:40.361845,299.58,299.61,0
2020-01-03 09:36:41,N,AAPL,299.58,1.0,299.61,1.0,0.0,-1.0,2020-01-03 09:36:41.076605,299.58,299.6,0
2020-01-03 09:36:42,N,AAPL,299.58,1.0,299.6,3.0,0.0,2.0,2020-01-03 09:36:42.616378,299.5,299.52,-1
2020-01-03 09:36:43,N,AAPL,299.5,1.0,299.52,2.0,-3.0,0.0,2020-01-03 09:36:43.314948,299.49,299.51,0
2020-01-03 09:36:44,N,AAPL,299.49,5.0,299.51,4.0,4.0,2.0,2020-01-03 09:36:44.272979,299.52,299.55,1
2020-01-03 09:36:45,N,AAPL,299.52,1.0,299.55,2.0,-1.0,1.0,2020-01-03 09:36:45.278569,299.47,299.51,-1
2020-01-03 09:36:46,N,AAPL,299.47,1.0,299.51,2.0,0.0,0.0,2020-01-03 09:36:46.192555,299.45,299.49,0
2020-01-03 09:36:47,N,AAPL,299.45,2.0,299.49,1.0,0.0,0.0,2020-01-03 09:36:47.432037,299.45,299.51,0
2020-01-03 09:36:48,N,AAPL,299.45,2.0,299.51,2.0,-3.0,1.0,2020-01-03 09:36:48.511562,299.47,299.51,0
2020-01-03 09:36:49,N,AAPL,299.47,1.0,299.51,1.0,-1.0,-1.0,2020-01-03 09:36:49.273028,299.47,299.5,0
2020-01-03 09:36:51,N,AAPL,299.47,1.0,299.5,2.0,-2.0,0.0,2020-01-03 09:36:51.122964,299.45,299.49,0
2020-01-03 09:36:52,N,AAPL,299.45,10.0,299.49,1.0,0.0,0.0,2020-01-03 09:36:52.115116,299.51,299.56,1
2020-01-03 09:36:53,N,AAPL,299.51,2.0,299.56,3.0,0.0,2.0,2020-01-03 09:36:53.050793,299.33,299.35,-1
2020-01-03 09:36:54,N,AAPL,299.33,4.0,299.35,1.0,3.0,-4.0,2020-01-03 09:36:54.176409,299.34,299.38,0
2020-01-03 09:36:55,N,AAPL,299.34,4.0,299.38,2.0,0.0,1.0,2020-01-03 09:36:55.342628,299.36,299.38,0
2020-01-03 09:36:57,N,AAPL,299.36,2.0,299.38,2.0,0.0,1.0,2020-01-03 09:36:57.482234,299.32,299.34,-1
2020-01-03 09:36:58,N,AAPL,299.32,2.0,299.34,4.0,0.0,2.0,2020-01-03 09:36:58.644018,299.29,299.33,0
2020-01-03 09:36:59,N,AAPL,299.29,10.0,299.33,4.0,8.0,0.0,2020-01-03 09:36:59.484711,299.27,299.3,0
2020-01-03 09:37:00,N,AAPL,299.27,4.0,299.3,1.0,3.0,-4.0,2020-01-03 09:37:00.415876,299.26,299.28,0
2020-01-03 09:37:01,N,AAPL,299.26,4.0,299.28,1.0,1.0,0.0,2020-01-03 09:37:01.718747,299.26,299.29,0
2020-01-03 09:37:03,N,AAPL,299.26,4.0,299.29,1.0,3.0,-5.0,2020-01-03 09:37:03.560828,299.24,299.27,0
2020-01-03 09:37:04,N,AAPL,299.24,4.0,299.27,4.0,3.0,3.0,2020-01-03 09:37:04.000044,299.14,299.17,-1
2020-01-03 09:37:05,N,AAPL,299.14,1.0,299.17,2.0,0.0,1.0,2020-01-03 09:37:05.237045,299.16,299.19,0
2020-01-03 09:37:06,N,AAPL,299.16,2.0,299.19,1.0,1.0,-2.0,2020-01-03 09:37:06.073011,299.15,299.2,0
2020-01-03 09:37:08,N,AAPL,299.15,2.0,299.2,2.0,0.0,0.0,2020-01-03 09:37:08.513651,299.17,299.2,0
2020-01-03 09:37:10,N,AAPL,299.17,4.0,299.2,2.0,-2.0,0.0,2020-01-03 09:37:10.187999,299.13,299.15,-1
2020-01-03 09:37:11,N,AAPL,299.13,5.0,299.15,4.0,0.0,2.0,2020-01-03 09:37:11.426455,299.1,299.14,0
2020-01-03 09:37:12,N,AAPL,299.1,35.0,299.14,3.0,0.0,1.0,2020-01-03 09:37:12.159944,299.07,299.11,0
2020-01-03 09:37:14,N,AAPL,299.07,4.0,299.11,2.0,2.0,0.0,2020-01-03 09:37:14.460912,299.13,299.17,1
2020-01-03 09:37:15,N,AAPL,299.13,1.0,299.17,2.0,0.0,-1.0,2020-01-03 09:37:15.034349,299.08,299.14,0
2020-01-03 09:37:16,N,AAPL,299.08,2.0,299.14,3.0,0.0,2.0,2020-01-03 09:37:16.302306,299.16,299.19,1
2020-01-03 09:37:17,N,AAPL,299.16,2.0,299.19,2.0,0.0,-1.0,2020-01-03 09:37:17.308831,299.16,299.2,0
2020-01-03 09:37:18,N,AAPL,299.16,2.0,299.2,2.0,1.0,0.0,2020-01-03 09:37:18.208368,299.16,299.21,0
2020-01-03 09:37:20,N,AAPL,299.16,1.0,299.21,2.0,-1.0,-1.0,2020-01-03 09:37:20.101221,299.16,299.21,0
2020-01-03 09:37:21,N,AAPL,299.16,1.0,299.21,2.0,0.0,1.0,2020-01-03 09:37:21.026541,299.15,299.18,0
2020-01-03 09:37:22,N,AAPL,299.15,1.0,299.18,1.0,0.0,0.0,2020-01-03 09:37:22.553909,299.19,299.22,1
2020-01-03 09:37:25,N,AAPL,299.19,1.0,299.22,3.0,0.0,1.0,2020-01-03 09:37:25.116113,299.16,299.21,0
2020-01-03 09:37:27,N,AAPL,299.16,2.0,299.21,2.0,1.0,1.0,2020-01-03 09:37:27.566057,299.12,299.15,-1
2020-01-03 09:37:28,N,AAPL,299.12,10.0,299.15,4.0,8.0,2.0,2020-01-03 09:37:28.305816,299.03,299.08,-1
2020-01-03 09:37:29,N,AAPL,299.03,2.0,299.08,2.0,0.0,0.0,2020-01-03 09:37:29.307686,299.03,299.08,0
2020-01-03 09:37:30,N,AAPL,299.03,1.0,299.08,2.0,-1.0,0.0,2020-01-03 09:37:30.328202,299.14,299.18,1
2020-01-03 09:37:31,N,AAPL,299.14,2.0,299.18,1.0,1.0,-1.0,2020-01-03 09:37:31.829555,299.12,299.17,0
2020-01-03 09:37:32,N,AAPL,299.12,20.0,299.17,3.0,18.0,1.0,2020-01-03 09:37:32.099123,299.11,299.17,0
2020-01-03 09:37:33,N,AAPL,299.11,2.0,299.17,2.0,1.0,0.0,2020-01-03 09:37:33.286619,299.14,299.19,0
2020-01-03 09:37:34,N,AAPL,299.14,3.0,299.19,2.0,2.0,1.0,2020-01-03 09:37:34.287400,299.17,299.22,0
2020-01-03 09:37:35,N,AAPL,299.17,1.0,299.22,3.0,0.0,-1.0,2020-01-03 09:37:35.019508,299.17,299.22,0
2020-01-03 09:37:36,N,AAPL,299.17,1.0,299.22,3.0,0.0,0.0,2020-01-03 09:37:36.242495,299.17,299.22,0
2020-01-03 09:37:37,N,AAPL,299.17,1.0,299.22,4.0,0.0,0.0,2020-01-03 09:37:37.077088,299.16,299.2,0
2020-01-03 09:37:38,N,AAPL,299.16,8.0,299.2,2.0,7.0,-2.0,2020-01-03 09:37:38.404262,299.02,299.07,-1
2020-01-03 09:37:40,N,AAPL,299.02,2.0,299.07,3.0,1.0,-1.0,2020-01-03 09:37:40.644452,299.03,299.05,0
2020-01-03 09:37:42,N,AAPL,299.03,17.0,299.05,2.0,15.0,-1.0,2020-01-03 09:37:42.893121,299.04,299.07,0
2020-01-03 09:37:43,N,AAPL,299.04,1.0,299.07,3.0,-16.0,1.0,2020-01-03 09:37:43.454030,299.01,299.04,0
2020-01-03 09:37:44,N,AAPL,299.01,1.0,299.04,3.0,0.0,2.0,2020-01-03 09:37:44.303957,299.04,299.05,0
2020-01-03 09:37:45,N,AAPL,299.04,16.0,299.05,2.0,15.0,-2.0,2020-01-03 09:37:45.566617,299.04,299.06,0
2020-01-03 09:37:46,N,AAPL,299.04,12.0,299.06,4.0,-4.0,2.0,2020-01-03 09:37:46.287394,299.04,299.07,0
2020-01-03 09:37:47,N,AAPL,299.04,1.0,299.07,1.0,-10.0,-3.0,2020-01-03 09:37:47.248794,299.07,299.1,0
2020-01-03 09:37:48,N,AAPL,299.07,2.0,299.1,1.0,1.0,0.0,2020-01-03 09:37:48.359642,299.01,299.02,-1
2020-01-03 09:37:49,N,AAPL,299.01,2.0,299.02,2.0,1.0,-1.0,2020-01-03 09:37:49.921543,299.01,299.02,0
2020-01-03 09:37:50,N,AAPL,299.01,1.0,299.02,2.0,-1.0,0.0,2020-01-03 09:37:50.213650,298.81,298.85,-1
2020-01-03 09:37:53,N,AAPL,298.81,2.0,298.85,2.0,0.0,0.0,2020-01-03 09:37:53.159007,298.78,298.82,0
2020-01-03 09:37:54,N,AAPL,298.78,1.0,298.82,4.0,-1.0,2.0,2020-01-03 09:37:54.339417,298.82,298.86,0
2020-01-03 09:37:55,N,AAPL,298.82,4.0,298.86,2.0,2.0,1.0,2020-01-03 09:37:55.082438,298.78,298.84,0
2020-01-03 09:37:56,N,AAPL,298.78,2.0,298.84,2.0,0.0,-1.0,2020-01-03 09:37:56.986359,298.78,298.86,0
2020-01-03 09:37:57,N,AAPL,298.78,3.0,298.86,1.0,1.0,-1.0,2020-01-03 09:37:57.242449,298.81,298.86,0
2020-01-03 09:37:58,N,AAPL,298.81,1.0,298.86,3.0,-1.0,0.0,2020-01-03 09:37:58.387171,298.78,298.82,0
2020-01-03 09:37:59,N,AAPL,298.78,1.0,298.82,2.0,-1.0,-2.0,2020-01-03 09:37:59.326498,298.75,298.79,0
2020-01-03 09:38:00,N,AAPL,298.75,1.0,298.79,1.0,-1.0,-3.0,2020-01-03 09:38:00.395640,298.68,298.73,-1
2020-01-03 09:38:01,N,AAPL,298.68,2.0,298.73,4.0,-1.0,3.0,2020-01-03 09:38:01.622638,298.77,298.82,1
2020-01-03 09:38:02,N,AAPL,298.77,4.0,298.82,2.0,3.0,0.0,2020-01-03 09:38:02.832361,298.77,298.82,0
2020-01-03 09:38:03,N,AAPL,298.77,2.0,298.82,2.0,-2.0,0.0,2020-01-03 09:38:03.080580,298.83,298.85,1
2020-01-03 09:38:04,N,AAPL,298.83,1.0,298.85,2.0,-1.0,0.0,2020-01-03 09:38:04.148316,298.88,298.91,1
2020-01-03 09:38:05,N,AAPL,298.88,2.0,298.91,2.0,0.0,-2.0,2020-01-03 09:38:05.652421,298.86,298.9,0
2020-01-03 09:38:06,N,AAPL,298.86,12.0,298.9,4.0,8.0,-10.0,2020-01-03 09:38:06.341702,298.85,298.93,0
2020-01-03 09:38:07,N,AAPL,298.85,2.0,298.93,1.0,0.0,0.0,2020-01-03 09:38:07.010721,298.82,298.87,0
2020-01-03 09:38:08,N,AAPL,298.82,2.0,298.87,1.0,1.0,-1.0,2020-01-03 09:38:08.147241,298.66,298.71,-1
2020-01-03 09:38:09,N,AAPL,298.66,3.0,298.71,3.0,2.0,-1.0,2020-01-03 09:38:09.255358,298.63,298.7,0
2020-01-03 09:38:11,N,AAPL,298.63,1.0,298.7,1.0,-1.0,-1.0,2020-01-03 09:38:11.827972,298.66,298.71,0
2020-01-03 09:38:12,N,AAPL,298.66,2.0,298.71,1.0,1.0,0.0,2020-01-03 09:38:12.440172,298.71,298.72,0
2020-01-03 09:38:13,N,AAPL,298.71,1.0,298.72,2.0,-1.0,1.0,2020-01-03 09:38:13.033181,298.63,298.69,-1
2020-01-03 09:38:15,N,AAPL,298.63,1.0,298.69,1.0,0.0,-1.0,2020-01-03 09:38:15.092619,298.73,298.75,1
2020-01-03 09:38:16,N,AAPL,298.73,1.0,298.75,2.0,0.0,-2.0,2020-01-03 09:38:16.857123,298.73,298.75,0
2020-01-03 09:38:17,N,AAPL,298.73,2.0,298.75,5.0,-3.0,2.0,2020-01-03 09:38:17.571262,298.72,298.76,0
2020-01-03 09:38:18,N,AAPL,298.72,1.0,298.76,2.0,-1.0,1.0,2020-01-03 09:38:18.594501,298.66,298.74,0
2020-01-03 09:38:19,N,AAPL,298.66,2.0,298.74,2.0,1.0,0.0,2020-01-03 09:38:19.321621,298.66,298.71,0
2020-01-03 09:38:20,N,AAPL,298.66,2.0,298.71,2.0,0.0,0.0,2020-01-03 09:38:20.454489,298.7,298.71,0
2020-01-03 09:38:21,N,AAPL,298.7,1.0,298.71,4.0,0.0,3.0,2020-01-03 09:38:21.308886,298.62,298.68,-1
2020-01-03 09:38:22,N,AAPL,298.62,1.0,298.68,4.0,-1.0,2.0,2020-01-03 09:38:22.068676,298.58,298.62,0
2020-01-03 09:38:24,N,AAPL,298.58,2.0,298.62,1.0,1.0,-2.0,2020-01-03 09:38:24.504558,298.67,298.69,1
2020-01-03 09:38:26,N,AAPL,298.67,1.0,298.69,5.0,0.0,3.0,2020-01-03 09:38:26.278121,298.7,298.73,1
2020-01-03 09:38:28,N,AAPL,298.7,2.0,298.73,1.0,1.0,-1.0,2020-01-03 09:38:28.669726,298.7,298.74,0
2020-01-03 09:38:29,N,AAPL,298.7,2.0,298.74,2.0,0.0,1.0,2020-01-03 09:38:29.313506,298.72,298.77,0
2020-01-03 09:38:30,N,AAPL,298.72,1.0,298.77,2.0,-1.0,0.0,2020-01-03 09:38:30.267339,298.67,298.7,-1
2020-01-03 09:38:31,N,AAPL,298.67,1.0,298.7,2.0,0.0,0.0,2020-01-03 09:38:31.081017,298.67,298.69,0
2020-01-03 09:38:32,N,AAPL,298.67,1.0,298.69,2.0,0.0,1.0,2020-01-03 09:38:32.317796,298.7,298.75,1
2020-01-03 09:38:33,N,AAPL,298.7,2.0,298.75,2.0,1.0,0.0,2020-01-03 09:38:33.799928,298.68,298.72,0
2020-01-03 09:38:36,N,AAPL,298.68,1.0,298.72,2.0,-1.0,0.0,2020-01-03 09:38:36.244572,298.74,298.78,1
2020-01-03 09:38:37,N,AAPL,298.74,2.0,298.78,2.0,1.0,-2.0,2020-01-03 09:38:37.018204,298.79,298.82,1
2020-01-03 09:38:38,N,AAPL,298.79,2.0,298.82,1.0,1.0,0.0,2020-01-03 09:38:38.048216,298.78,298.82,0
2020-01-03 09:38:39,N,AAPL,298.78,2.0,298.82,2.0,0.0,0.0,2020-01-03 09:38:39.079153,298.81,298.82,0
2020-01-03 09:38:41,N,AAPL,298.81,1.0,298.82,3.0,-1.0,1.0,2020-01-03 09:38:41.283014,298.77,298.82,0
2020-01-03 09:38:43,N,AAPL,298.77,1.0,298.82,4.0,0.0,-1.0,2020-01-03 09:38:43.648590,298.7,298.75,-1
2020-01-03 09:38:44,N,AAPL,298.7,2.0,298.75,4.0,1.0,0.0,2020-01-03 09:38:44.896658,298.7,298.75,0
2020-01-03 09:38:48,N,AAPL,298.7,2.0,298.75,2.0,-7.0,-2.0,2020-01-03 09:38:48.035275,298.71,298.75,0
2020-01-03 09:38:49,N,AAPL,298.71,2.0,298.75,1.0,0.0,-1.0,2020-01-03 09:38:49.209445,298.71,298.72,0
2020-01-03 09:38:51,N,AAPL,298.71,2.0,298.72,1.0,0.0,0.0,2020-01-03 09:38:51.376535,298.71,298.74,0
2020-01-03 09:38:52,N,AAPL,298.71,2.0,298.74,1.0,0.0,0.0,2020-01-03 09:38:52.315335,298.7,298.73,0
2020-01-03 09:38:53,N,AAPL,298.7,5.0,298.73,1.0,3.0,0.0,2020-01-03 09:38:53.528229,298.73,298.78,0
2020-01-03 09:38:55,N,AAPL,298.73,6.0,298.78,3.0,4.0,2.0,2020-01-03 09:38:55.505245,298.82,298.84,1
2020-01-03 09:38:58,N,AAPL,298.82,1.0,298.84,1.0,-5.0,0.0,2020-01-03 09:38:58.964799,298.82,298.86,0
2020-01-03 09:38:59,N,AAPL,298.82,1.0,298.86,4.0,0.0,3.0,2020-01-03 09:38:59.767694,298.73,298.75,-1
2020-01-03 09:39:01,N,AAPL,298.73,5.0,298.75,4.0,4.0,0.0,2020-01-03 09:39:01.496082,298.73,298.78,0
2020-01-03 09:39:02,N,AAPL,298.73,3.0,298.78,1.0,2.0,-3.0,2020-01-03 09:39:02.574777,298.79,298.83,1
2020-01-03 09:39:06,N,AAPL,298.79,1.0,298.83,2.0,-2.0,1.0,2020-01-03 09:39:06.744378,298.8,298.82,0
2020-01-03 09:39:07,N,AAPL,298.8,1.0,298.82,2.0,0.0,0.0,2020-01-03 09:39:07.184007,298.79,298.82,0
2020-01-03 09:39:08,N,AAPL,298.79,2.0,298.82,4.0,0.0,2.0,2020-01-03 09:39:08.384461,298.89,298.94,1
2020-01-03 09:39:10,N,AAPL,298.89,2.0,298.94,4.0,0.0,2.0,2020-01-03 09:39:10.603352,298.93,298.98,0
2020-01-03 09:39:11,N,AAPL,298.93,3.0,298.98,2.0,1.0,0.0,2020-01-03 09:39:11.921869,298.93,298.99,0
2020-01-03 09:39:12,N,AAPL,298.93,3.0,298.99,4.0,0.0,2.0,2020-01-03 09:39:12.358297,298.99,299.01,0
2020-01-03 09:39:14,N,AAPL,298.99,2.0,299.01,2.0,-1.0,0.0,2020-01-03 09:39:14.814505,299.04,299.07,1
2020-01-03 09:39:15,N,AAPL,299.04,2.0,299.07,2.0,0.0,0.0,2020-01-03 09:39:15.406768,299.04,299.08,0
2020-01-03 09:39:16,N,AAPL,299.04,2.0,299.08,2.0,0.0,0.0,2020-01-03 09:39:16.319149,298.99,299.04,0
2020-01-03 09:39:17,N,AAPL,298.99,2.0,299.04,1.0,1.0,-1.0,2020-01-03 09:39:17.218389,299.02,299.03,0
2020-01-03 09:39:23,N,AAPL,299.02,1.0,299.03,1.0,-1.0,-1.0,2020-01-03 09:39:23.253316,298.95,298.97,-1
2020-01-03 09:39:24,N,AAPL,298.95,1.0,298.97,4.0,0.0,0.0,2020-01-03 09:39:24.249061,298.9,298.94,-1
2020-01-03 09:39:25,N,AAPL,298.9,2.0,298.94,4.0,0.0,1.0,2020-01-03 09:39:25.133199,298.89,298.94,0
2020-01-03 09:39:26,N,AAPL,298.89,2.0,298.94,2.0,0.0,1.0,2020-01-03 09:39:26.217672,298.93,298.99,0
2020-01-03 09:39:27,N,AAPL,298.93,1.0,298.99,4.0,0.0,2.0,2020-01-03 09:39:27.468004,298.97,299.04,0
2020-01-03 09:39:31,N,AAPL,298.97,3.0,299.04,2.0,2.0,0.0,2020-01-03 09:39:31.325419,298.96,298.98,0
2020-01-03 09:39:32,N,AAPL,298.96,2.0,298.98,3.0,1.0,1.0,2020-01-03 09:39:32.778708,298.94,298.96,0
2020-01-03 09:39:33,N,AAPL,298.94,1.0,298.96,4.0,-1.0,1.0,2020-01-03 09:39:33.160911,298.94,298.99,0
2020-01-03 09:39:34,N,AAPL,298.94,1.0,298.99,2.0,0.0,0.0,2020-01-03 09:39:34.210333,298.98,299.0,0
2020-01-03 09:39:35,N,AAPL,298.98,1.0,299.0,2.0,0.0,0.0,2020-01-03 09:39:35.992142,298.98,299.0,0
2020-01-03 09:39:36,N,AAPL,298.98,1.0,299.0,1.0,0.0,-1.0,2020-01-03 09:39:36.021800,299.0,299.04,0
2020-01-03 09:39:40,N,AAPL,299.0,2.0,299.04,2.0,1.0,1.0,2020-01-03 09:39:40.362812,299.04,299.07,0
2020-01-03 09:39:41,N,AAPL,299.04,1.0,299.07,1.0,0.0,-1.0,2020-01-03 09:39:41.158502,299.04,299.09,0
2020-01-03 09:39:42,N,AAPL,299.04,3.0,299.09,3.0,0.0,1.0,2020-01-03 09:39:42.143900,299.05,299.09,0
2020-01-03 09:39:43,N,AAPL,299.05,1.0,299.09,1.0,-1.0,-1.0,2020-01-03 09:39:43.119514,299.05,299.09,0
2020-01-03 09:39:44,N,AAPL,299.05,2.0,299.09,1.0,1.0,-1.0,2020-01-03 09:39:44.086349,299.06,299.1,0
2020-01-03 09:39:45,N,AAPL,299.06,1.0,299.1,4.0,-1.0,3.0,2020-01-03 09:39:45.406406,299.04,299.07,0
2020-01-03 09:39:47,N,AAPL,299.04,1.0,299.07,4.0,0.0,2.0,2020-01-03 09:39:47.110162,299.07,299.11,0
2020-01-03 09:39:48,N,AAPL,299.07,5.0,299.11,2.0,4.0,-2.0,2020-01-03 09:39:48.768058,299.03,299.06,-1
2020-01-03 09:39:49,N,AAPL,299.03,5.0,299.06,4.0,0.0,3.0,2020-01-03 09:39:49.662220,299.05,299.07,0
2020-01-03 09:39:51,N,AAPL,299.05,2.0,299.07,4.0,-3.0,2.0,2020-01-03 09:39:51.097360,299.04,299.08,0
2020-01-03 09:39:52,N,AAPL,299.04,2.0,299.08,3.0,-3.0,2.0,2020-01-03 09:39:52.382543,299.06,299.08,0
2020-01-03 09:39:54,N,AAPL,299.06,1.0,299.08,2.0,-1.0,0.0,2020-01-03 09:39:54.472602,299.05,299.1,0
2020-01-03 09:39:55,N,AAPL,299.05,3.0,299.1,2.0,2.0,0.0,2020-01-03 09:39:55.520937,299.1,299.14,0
2020-01-03 09:39:57,N,AAPL,299.1,1.0,299.14,2.0,-1.0,1.0,2020-01-03 09:39:57.693467,299.14,299.18,0
2020-01-03 09:39:58,N,AAPL,299.14,2.0,299.18,2.0,1.0,0.0,2020-01-03 09:39:58.015533,299.16,299.21,0
2020-01-03 09:39:59,N,AAPL,299.16,2.0,299.21,3.0,0.0,-1.0,2020-01-03 09:39:59.467797,299.15,299.19,0
2020-01-03 09:40:00,N,AAPL,299.15,1.0,299.19,2.0,0.0,1.0,2020-01-03 09:40:00.012477,299.17,299.21,0
2020-01-03 09:40:01,N,AAPL,299.17,1.0,299.21,1.0,0.0,0.0,2020-01-03 09:40:01.143021,299.15,299.18,0
2020-01-03 09:40:02,N,AAPL,299.15,1.0,299.18,4.0,0.0,3.0,2020-01-03 09:40:02.146540,299.12,299.14,-1
2020-01-03 09:40:05,N,AAPL,299.12,1.0,299.14,4.0,-1.0,2.0,2020-01-03 09:40:05.855544,299.12,299.13,0
2020-01-03 09:40:06,N,AAPL,299.12,1.0,299.13,2.0,0.0,-2.0,2020-01-03 09:40:06.667114,299.13,299.17,0
2020-01-03 09:40:11,N,AAPL,299.13,2.0,299.17,2.0,0.0,1.0,2020-01-03 09:40:11.012503,299.16,299.2,0
2020-01-03 09:40:12,N,AAPL,299.16,1.0,299.2,1.0,-1.0,-1.0,2020-01-03 09:40:12.309325,299.17,299.22,0
2020-01-03 09:40:13,N,AAPL,299.17,2.0,299.22,1.0,1.0,0.0,2020-01-03 09:40:13.022624,299.21,299.26,0
2020-01-03 09:40:14,N,AAPL,299.21,2.0,299.26,3.0,0.0,0.0,2020-01-03 09:40:14.040946,299.25,299.29,0
2020-01-03 09:40:15,N,AAPL,299.25,2.0,299.29,2.0,0.0,-1.0,2020-01-03 09:40:15.187478,299.32,299.36,1
2020-01-03 09:40:16,N,AAPL,299.32,2.0,299.36,2.0,0.0,1.0,2020-01-03 09:40:16.059749,299.34,299.39,0
2020-01-03 09:40:17,N,AAPL,299.34,3.0,299.39,2.0,1.0,0.0,2020-01-03 09:40:17.066309,299.39,299.43,0
2020-01-03 09:40:18,N,AAPL,299.39,1.0,299.43,2.0,0.0,0.0,2020-01-03 09:40:18.218508,299.4,299.45,0
2020-01-03 09:40:19,N,AAPL,299.4,4.0,299.45,1.0,2.0,-1.0,2020-01-03 09:40:19.180754,299.43,299.47,0
2020-01-03 09:40:20,N,AAPL,299.43,2.0,299.47,1.0,-2.0,0.0,2020-01-03 09:40:20.272384,299.37,299.42,-1
2020-01-03 09:40:21,N,AAPL,299.37,2.0,299.42,2.0,-1.0,1.0,2020-01-03 09:40:21.592545,299.35,299.4,0
2020-01-03 09:40:22,N,AAPL,299.35,2.0,299.4,3.0,0.0,2.0,2020-01-03 09:40:22.249362,299.29,299.33,-1
2020-01-03 09:40:23,N,AAPL,299.29,2.0,299.33,1.0,0.0,-1.0,2020-01-03 09:40:23.018241,299.3,299.35,0
2020-01-03 09:40:24,N,AAPL,299.3,2.0,299.35,2.0,0.0,0.0,2020-01-03 09:40:24.259829,299.32,299.35,0
2020-01-03 09:40:25,N,AAPL,299.32,1.0,299.35,4.0,0.0,1.0,2020-01-03 09:40:25.110461,299.27,299.31,-1
2020-01-03 09:40:26,N,AAPL,299.27,1.0,299.31,2.0,-1.0,0.0,2020-01-03 09:40:26.338547,299.27,299.33,0
2020-01-03 09:40:27,N,AAPL,299.27,2.0,299.33,2.0,0.0,0.0,2020-01-03 09:40:27.132900,299.32,299.37,0
2020-01-03 09:40:28,N,AAPL,299.32,3.0,299.37,2.0,1.0,0.0,2020-01-03 09:40:28.368920,299.28,299.32,0
2020-01-03 09:40:29,N,AAPL,299.28,2.0,299.32,4.0,-1.0,2.0,2020-01-03 09:40:29.579856,299.29,299.34,0
2020-01-03 09:40:31,N,AAPL,299.29,1.0,299.34,2.0,-1.0,1.0,2020-01-03 09:40:31.186386,299.3,299.35,0
2020-01-03 09:40:32,N,AAPL,299.3,4.0,299.35,5.0,3.0,3.0,2020-01-03 09:40:32.601603,299.3,299.34,0
2020-01-03 09:40:33,N,AAPL,299.3,2.0,299.34,2.0,0.0,-3.0,2020-01-03 09:40:33.024094,299.31,299.35,0
2020-01-03 09:40:34,N,AAPL,299.31,3.0,299.35,4.0,1.0,2.0,2020-01-03 09:40:34.352172,299.34,299.38,0
2020-01-03 09:40:35,N,AAPL,299.34,2.0,299.38,2.0,0.0,-1.0,2020-01-03 09:40:35.092089,299.32,299.36,0
2020-01-03 09:40:36,N,AAPL,299.32,2.0,299.36,2.0,0.0,1.0,2020-01-03 09:40:36.108753,299.34,299.37,0
2020-01-03 09:40:37,N,AAPL,299.34,4.0,299.37,1.0,2.0,-1.0,2020-01-03 09:40:37.089981,299.33,299.36,0
2020-01-03 09:40:39,N,AAPL,299.33,3.0,299.36,2.0,1.0,0.0,2020-01-03 09:40:39.463708,299.31,299.33,0
2020-01-03 09:40:41,N,AAPL,299.31,8.0,299.33,4.0,6.0,2.0,2020-01-03 09:40:41.608858,299.3,299.31,0
2020-01-03 09:40:42,N,AAPL,299.3,18.0,299.31,4.0,17.0,3.0,2020-01-03 09:40:42.866103,299.27,299.31,0
2020-01-03 09:40:43,N,AAPL,299.27,3.0,299.31,2.0,0.0,-3.0,2020-01-03 09:40:43.003065,299.29,299.32,0
2020-01-03 09:40:44,N,AAPL,299.29,1.0,299.32,1.0,-1.0,-1.0,2020-01-03 09:40:44.253838,299.27,299.29,0
2020-01-03 09:40:46,N,AAPL,299.27,2.0,299.29,4.0,0.0,3.0,2020-01-03 09:40:46.818244,299.22,299.26,-1
2020-01-03 09:40:47,N,AAPL,299.22,3.0,299.26,4.0,1.0,2.0,2020-01-03 09:40:47.301311,299.23,299.26,0
2020-01-03 09:40:49,N,AAPL,299.23,3.0,299.26,2.0,2.0,0.0,2020-01-03 09:40:49.021103,299.25,299.29,0
2020-01-03 09:40:50,N,AAPL,299.25,2.0,299.29,1.0,0.0,0.0,2020-01-03 09:40:50.246895,299.28,299.3,0
2020-01-03 09:40:51,N,AAPL,299.28,1.0,299.3,2.0,-1.0,1.0,2020-01-03 09:40:51.158432,299.35,299.38,1
2020-01-03 09:40:52,N,AAPL,299.35,1.0,299.38,1.0,0.0,0.0,2020-01-03 09:40:52.122783,299.36,299.38,0
2020-01-03 09:40:53,N,AAPL,299.36,1.0,299.38,1.0,0.0,0.0,2020-01-03 09:40:53.148092,299.33,299.38,0
2020-01-03 09:40:54,N,AAPL,299.33,3.0,299.38,1.0,2.0,0.0,2020-01-03 09:40:54.269527,299.33,299.36,0
2020-01-03 09:40:55,N,AAPL,299.33,5.0,299.36,5.0,1.0,4.0,2020-01-03 09:40:55.035539,299.32,299.35,0
2020-01-03 09:40:57,N,AAPL,299.32,2.0,299.35,2.0,-23.0,1.0,2020-01-03 09:40:57.287722,299.41,299.46,1
2020-01-03 09:41:00,N,AAPL,299.41,2.0,299.46,2.0,1.0,0.0,2020-01-03 09:41:00.589213,299.48,299.51,1
2020-01-03 09:41:03,N,AAPL,299.48,5.0,299.51,2.0,3.0,0.0,2020-01-03 09:41:03.450276,299.51,299.54,0
2020-01-03 09:41:04,N,AAPL,299.51,4.0,299.54,1.0,3.0,0.0,2020-01-03 09:41:04.023933,299.55,299.6,1
2020-01-03 09:41:05,N,AAPL,299.55,3.0,299.6,9.0,2.0,8.0,2020-01-03 09:41:05.037008,299.59,299.63,0
2020-01-03 09:41:06,N,AAPL,299.59,2.0,299.63,2.0,-2.0,-4.0,2020-01-03 09:41:06.264111,299.56,299.59,0
2020-01-03 09:41:07,N,AAPL,299.56,2.0,299.59,3.0,0.0,1.0,2020-01-03 09:41:07.013587,299.45,299.47,-1
2020-01-03 09:41:11,N,AAPL,299.45,2.0,299.47,2.0,0.0,-9.0,2020-01-03 09:41:11.571136,299.48,299.53,1
2020-01-03 09:41:12,N,AAPL,299.48,3.0,299.53,3.0,1.0,1.0,2020-01-03 09:41:12.057482,299.5,299.53,0
2020-01-03 09:41:13,N,AAPL,299.5,2.0,299.53,2.0,0.0,-2.0,2020-01-03 09:41:13.307142,299.38,299.43,-1
2020-01-03 09:41:14,N,AAPL,299.38,3.0,299.43,1.0,1.0,0.0,2020-01-03 09:41:14.263489,299.38,299.42,0
2020-01-03 09:41:15,N,AAPL,299.38,2.0,299.42,1.0,-1.0,-2.0,2020-01-03 09:41:15.008400,299.47,299.48,1
2020-01-03 09:41:17,N,AAPL,299.47,1.0,299.48,2.0,-4.0,0.0,2020-01-03 09:41:17.174723,299.44,299.49,0
2020-01-03 09:41:18,N,AAPL,299.44,2.0,299.49,3.0,0.0,1.0,2020-01-03 09:41:18.136303,299.47,299.49,0
2020-01-03 09:41:20,N,AAPL,299.47,1.0,299.49,2.0,-1.0,-1.0,2020-01-03 09:41:20.525592,299.44,299.49,0
2020-01-03 09:41:21,N,AAPL,299.44,4.0,299.49,3.0,2.0,-1.0,2020-01-03 09:41:21.941657,299.44,299.49,0
2020-01-03 09:41:22,N,AAPL,299.44,4.0,299.49,4.0,0.0,1.0,2020-01-03 09:41:22.000131,299.53,299.57,1
2020-01-03 09:41:23,N,AAPL,299.53,4.0,299.57,2.0,2.0,-3.0,2020-01-03 09:41:23.879539,299.53,299.56,0
2020-01-03 09:41:24,N,AAPL,299.53,1.0,299.56,1.0,-1.0,-1.0,2020-01-03 09:41:24.520747,299.55,299.58,0
2020-01-03 09:41:26,N,AAPL,299.55,4.0,299.58,1.0,3.0,0.0,2020-01-03 09:41:26.321603,299.6,299.62,1
2020-01-03 09:41:27,N,AAPL,299.6,2.0,299.62,1.0,0.0,0.0,2020-01-03 09:41:27.248167,299.56,299.59,-1
2020-01-03 09:41:30,N,AAPL,299.56,2.0,299.59,3.0,-1.0,1.0,2020-01-03 09:41:30.229833,299.57,299.59,0
2020-01-03 09:41:32,N,AAPL,299.57,1.0,299.59,2.0,-1.0,-1.0,2020-01-03 09:41:32.184925,299.54,299.56,-1
2020-01-03 09:41:33,N,AAPL,299.54,2.0,299.56,1.0,1.0,-1.0,2020-01-03 09:41:33.810685,299.58,299.59,1
2020-01-03 09:41:35,N,AAPL,299.58,4.0,299.59,3.0,2.0,-1.0,2020-01-03 09:41:35.131303,299.64,299.66,1
2020-01-03 09:41:36,N,AAPL,299.64,4.0,299.66,9.0,1.0,8.0,2020-01-03 09:41:36.144124,299.65,299.68,0
2020-01-03 09:41:37,N,AAPL,299.65,1.0,299.68,1.0,0.0,-8.0,2020-01-03 09:41:37.163437,299.68,299.69,0
2020-01-03 09:41:38,N,AAPL,299.68,3.0,299.69,1.0,2.0,-1.0,2020-01-03 09:41:38.354369,299.66,299.69,0
2020-01-03 09:41:39,N,AAPL,299.66,1.0,299.69,1.0,-1.0,-1.0,2020-01-03 09:41:39.742083,299.6,299.64,-1
2020-01-03 09:41:40,N,AAPL,299.6,4.0,299.64,4.0,1.0,1.0,2020-01-03 09:41:40.229848,299.59,299.61,0
2020-01-03 09:41:41,N,AAPL,299.59,1.0,299.61,2.0,0.0,-2.0,2020-01-03 09:41:41.043843,299.58,299.61,0
2020-01-03 09:41:42,N,AAPL,299.58,4.0,299.61,1.0,2.0,-2.0,2020-01-03 09:41:42.834469,299.63,299.65,1
2020-01-03 09:41:46,N,AAPL,299.63,4.0,299.65,1.0,1.0,0.0,2020-01-03 09:41:46.351700,299.65,299.68,0
2020-01-03 09:41:48,N,AAPL,299.65,2.0,299.68,1.0,1.0,-2.0,2020-01-03 09:41:48.587628,299.68,299.69,0
2020-01-03 09:41:51,N,AAPL,299.68,4.0,299.69,1.0,2.0,0.0,2020-01-03 09:41:51.671450,299.63,299.67,-1
2020-01-03 09:41:53,N,AAPL,299.63,2.0,299.67,2.0,-2.0,1.0,2020-01-03 09:41:53.218266,299.62,299.66,0
2020-01-03 09:41:54,N,AAPL,299.62,2.0,299.66,2.0,0.0,1.0,2020-01-03 09:41:54.912918,299.67,299.68,1
2020-01-03 09:41:55,N,AAPL,299.67,4.0,299.68,2.0,2.0,0.0,2020-01-03 09:41:55.547874,299.69,299.71,1
2020-01-03 09:41:56,N,AAPL,299.69,2.0,299.71,2.0,1.0,1.0,2020-01-03 09:41:56.816180,299.71,299.72,0
2020-01-03 09:41:58,N,AAPL,299.71,4.0,299.72,2.0,2.0,0.0,2020-01-03 09:41:58.583455,299.68,299.71,0
2020-01-03 09:41:59,N,AAPL,299.68,2.0,299.71,1.0,-2.0,-1.0,2020-01-03 09:41:59.033709,299.72,299.73,1
2020-01-03 09:42:00,N,AAPL,299.72,4.0,299.73,1.0,-13.0,0.0,2020-01-03 09:42:00.346058,299.72,299.73,0
2020-01-03 09:42:01,N,AAPL,299.72,2.0,299.73,1.0,1.0,0.0,2020-01-03 09:42:01.158794,299.7,299.71,-1
2020-01-03 09:42:02,N,AAPL,299.7,1.0,299.71,1.0,0.0,0.0,2020-01-03 09:42:02.296460,299.67,299.69,-1
2020-01-03 09:42:04,N,AAPL,299.67,4.0,299.69,2.0,2.0,-1.0,2020-01-03 09:42:04.006343,299.7,299.73,1
2020-01-03 09:42:05,N,AAPL,299.7,4.0,299.73,1.0,0.0,-1.0,2020-01-03 09:42:05.118461,299.72,299.75,0
2020-01-03 09:42:06,N,AAPL,299.72,2.0,299.75,4.0,1.0,3.0,2020-01-03 09:42:06.174047,299.75,299.78,0
2020-01-03 09:42:07,N,AAPL,299.75,2.0,299.78,5.0,0.0,4.0,2020-01-03 09:42:07.473346,299.74,299.77,0
2020-01-03 09:42:08,N,AAPL,299.74,1.0,299.77,1.0,-1.0,0.0,2020-01-03 09:42:08.057507,299.76,299.79,0
2020-01-03 09:42:10,N,AAPL,299.76,4.0,299.79,1.0,2.0,-2.0,2020-01-03 09:42:10.335881,299.77,299.8,0
2020-01-03 09:42:11,N,AAPL,299.77,5.0,299.8,1.0,4.0,-2.0,2020-01-03 09:42:11.718727,299.77,299.8,0
2020-01-03 09:42:12,N,AAPL,299.77,2.0,299.8,1.0,1.0,-1.0,2020-01-03 09:42:12.614492,299.79,299.82,0
2020-01-03 09:42:13,N,AAPL,299.79,5.0,299.82,2.0,3.0,1.0,2020-01-03 09:42:13.098268,299.84,299.86,1
2020-01-03 09:42:14,N,AAPL,299.84,5.0,299.86,1.0,4.0,0.0,2020-01-03 09:42:14.710276,299.83,299.85,0
2020-01-03 09:42:15,N,AAPL,299.83,2.0,299.85,3.0,-1.0,2.0,2020-01-03 09:42:15.559883,299.83,299.85,0
2020-01-03 09:42:16,N,AAPL,299.83,2.0,299.85,2.0,-2.0,-1.0,2020-01-03 09:42:16.628776,299.83,299.85,0
2020-01-03 09:42:17,N,AAPL,299.83,3.0,299.85,2.0,2.0,-3.0,2020-01-03 09:42:17.361657,299.86,299.87,1
2020-01-03 09:42:18,N,AAPL,299.86,2.0,299.87,2.0,0.0,-24.0,2020-01-03 09:42:18.432033,299.86,299.88,0
2020-01-03 09:42:19,N,AAPL,299.86,2.0,299.88,1.0,0.0,0.0,2020-01-03 09:42:19.021240,299.89,299.92,1
2020-01-03 09:42:20,N,AAPL,299.89,5.0,299.92,1.0,1.0,0.0,2020-01-03 09:42:20.007241,299.94,299.98,1
2020-01-03 09:42:21,N,AAPL,299.94,3.0,299.98,2.0,0.0,0.0,2020-01-03 09:42:21.132916,300.0,300.02,1
2020-01-03 09:42:22,N,AAPL,300.0,1.0,300.02,1.0,0.0,-1.0,2020-01-03 09:42:22.869981,300.02,300.06,0
2020-01-03 09:42:23,N,AAPL,300.02,3.0,300.06,1.0,1.0,-1.0,2020-01-03 09:42:23.012052,300.04,300.06,0
2020-01-03 09:42:24,N,AAPL,300.04,1.0,300.06,1.0,0.0,0.0,2020-01-03 09:42:24.056760,300.07,300.09,1
2020-01-03 09:42:25,N,AAPL,300.07,2.0,300.09,4.0,1.0,3.0,2020-01-03 09:42:25.108894,300.06,300.09,0
2020-01-03 09:42:26,N,AAPL,300.06,4.0,300.09,2.0,2.0,-2.0,2020-01-03 09:42:26.367673,300.09,300.1,0
2020-01-03 09:42:27,N,AAPL,300.09,1.0,300.1,7.0,-2.0,6.0,2020-01-03 09:42:27.247959,300.13,300.16,1
2020-01-03 09:42:28,N,AAPL,300.13,1.0,300.16,2.0,-1.0,1.0,2020-01-03 09:42:28.272075,300.13,300.17,0
2020-01-03 09:42:29,N,AAPL,300.13,2.0,300.17,1.0,-2.0,0.0,2020-01-03 09:42:29.296921,300.16,300.17,0
2020-01-03 09:42:30,N,AAPL,300.16,4.0,300.17,1.0,1.0,0.0,2020-01-03 09:42:30.137251,300.14,300.17,0
2020-01-03 09:42:31,N,AAPL,300.14,2.0,300.17,2.0,0.0,0.0,2020-01-03 09:42:31.300435,300.08,300.1,-1
2020-01-03 09:42:32,N,AAPL,300.08,2.0,300.1,2.0,0.0,1.0,2020-01-03 09:42:32.344205,300.1,300.11,0
2020-01-03 09:42:33,N,AAPL,300.1,4.0,300.11,7.0,3.0,4.0,2020-01-03 09:42:33.460939,300.1,300.14,0
2020-01-03 09:42:36,N,AAPL,300.1,3.0,300.14,10.0,0.0,3.0,2020-01-03 09:42:36.041230,300.1,300.12,0
2020-01-03 09:42:38,N,AAPL,300.1,2.0,300.12,4.0,-2.0,3.0,2020-01-03 09:42:38.083554,300.08,300.1,0
2020-01-03 09:42:39,N,AAPL,300.08,2.0,300.1,4.0,-1.0,3.0,2020-01-03 09:42:39.634134,300.13,300.16,1
2020-01-03 09:42:40,N,AAPL,300.13,4.0,300.16,3.0,1.0,-5.0,2020-01-03 09:42:40.102909,300.12,300.15,0
2020-01-03 09:42:42,N,AAPL,300.12,2.0,300.15,1.0,0.0,0.0,2020-01-03 09:42:42.353183,300.12,300.16,0
2020-01-03 09:42:43,N,AAPL,300.12,4.0,300.16,3.0,3.0,0.0,2020-01-03 09:42:43.068515,300.12,300.16,0
2020-01-03 09:42:44,N,AAPL,300.12,2.0,300.16,3.0,1.0,0.0,2020-01-03 09:42:44.091601,300.15,300.17,0
2020-01-03 09:42:46,N,AAPL,300.15,4.0,300.17,3.0,2.0,0.0,2020-01-03 09:42:46.559179,300.13,300.16,0
2020-01-03 09:42:47,N,AAPL,300.13,2.0,300.16,6.0,-1.0,4.0,2020-01-03 09:42:47.029430,300.11,300.12,-1
2020-01-03 09:42:48,N,AAPL,300.11,1.0,300.12,2.0,-1.0,0.0,2020-01-03 09:42:48.068486,300.04,300.06,-1
2020-01-03 09:42:49,N,AAPL,300.04,2.0,300.06,1.0,-1.0,-1.0,2020-01-03 09:42:49.337022,299.97,300.0,-1
2020-01-03 09:42:50,N,AAPL,299.97,2.0,300.0,3.0,1.0,0.0,2020-01-03 09:42:50.000246,300.01,300.05,1
2020-01-03 09:42:51,N,AAPL,300.01,3.0,300.05,1.0,2.0,-1.0,2020-01-03 09:42:51.022057,300.02,300.06,0
2020-01-03 09:42:52,N,AAPL,300.02,3.0,300.06,1.0,1.0,-1.0,2020-01-03 09:42:52.143903,300.03,300.05,0
2020-01-03 09:42:53,N,AAPL,300.03,1.0,300.05,1.0,-2.0,0.0,2020-01-03 09:42:53.362183,300.0,300.04,0
2020-01-03 09:42:54,N,AAPL,300.0,1.0,300.04,2.0,-3.0,0.0,2020-01-03 09:42:54.046759,300.02,300.06,0
2020-01-03 09:42:55,N,AAPL,300.02,2.0,300.06,2.0,-1.0,0.0,2020-01-03 09:42:55.100906,300.07,300.08,1
2020-01-03 09:42:56,N,AAPL,300.07,1.0,300.08,4.0,0.0,2.0,2020-01-03 09:42:56.064156,300.09,300.11,1
2020-01-03 09:42:59,N,AAPL,300.09,1.0,300.11,4.0,-1.0,2.0,2020-01-03 09:42:59.423865,300.14,300.16,1
2020-01-03 09:43:00,N,AAPL,300.14,4.0,300.16,3.0,3.0,-1.0,2020-01-03 09:43:00.172494,300.09,300.12,-1
2020-01-03 09:43:01,N,AAPL,300.09,2.0,300.12,3.0,-6.0,2.0,2020-01-03 09:43:01.115359,300.13,300.17,1
2020-01-03 09:43:02,N,AAPL,300.13,2.0,300.17,3.0,0.0,2.0,2020-01-03 09:43:02.254259,300.12,300.14,0
2020-01-03 09:43:03,N,AAPL,300.12,1.0,300.14,3.0,-1.0,0.0,2020-01-03 09:43:03.701021,300.12,300.15,0
2020-01-03 09:43:04,N,AAPL,300.12,2.0,300.15,1.0,1.0,-1.0,2020-01-03 09:43:04.002504,300.11,300.16,0
2020-01-03 09:43:05,N,AAPL,300.11,2.0,300.16,3.0,1.0,2.0,2020-01-03 09:43:05.309495,300.13,300.17,0
2020-01-03 09:43:06,N,AAPL,300.13,3.0,300.17,2.0,2.0,0.0,2020-01-03 09:43:06.039622,300.16,300.17,0
2020-01-03 09:43:08,N,AAPL,300.16,1.0,300.17,2.0,-1.0,-1.0,2020-01-03 09:43:08.163154,300.15,300.17,0
2020-01-03 09:43:09,N,AAPL,300.15,4.0,300.17,2.0,2.0,0.0,2020-01-03 09:43:09.339126,300.15,300.17,0
2020-01-03 09:43:10,N,AAPL,300.15,1.0,300.17,1.0,-1.0,0.0,2020-01-03 09:43:10.113742,300.21,300.23,1
2020-01-03 09:43:11,N,AAPL,300.21,1.0,300.23,1.0,-1.0,-1.0,2020-01-03 09:43:11.085261,300.22,300.26,0
2020-01-03 09:43:12,N,AAPL,300.22,2.0,300.26,2.0,-2.0,0.0,2020-01-03 09:43:12.363630,300.25,300.27,0
2020-01-03 09:43:14,N,AAPL,300.25,2.0,300.27,1.0,1.0,-5.0,2020-01-03 09:43:14.801665,300.26,300.28,0
2020-01-03 09:43:15,N,AAPL,300.26,3.0,300.28,2.0,1.0,0.0,2020-01-03 09:43:15.499955,300.26,300.28,0
2020-01-03 09:43:16,N,AAPL,300.26,3.0,300.28,4.0,0.0,2.0,2020-01-03 09:43:16.344723,300.26,300.28,0
2020-01-03 09:43:17,N,AAPL,300.26,3.0,300.28,2.0,0.0,-2.0,2020-01-03 09:43:17.335760,300.3,300.31,1
2020-01-03 09:43:18,N,AAPL,300.3,1.0,300.31,2.0,-3.0,1.0,2020-01-03 09:43:18.594844,300.29,300.31,0
2020-01-03 09:43:19,N,AAPL,300.29,1.0,300.31,4.0,-3.0,-2.0,2020-01-03 09:43:19.542334,300.27,300.31,0
2020-01-03 09:43:20,N,AAPL,300.27,2.0,300.31,1.0,1.0,-1.0,2020-01-03 09:43:20.138586,300.26,300.28,0
2020-01-03 09:43:21,N,AAPL,300.26,2.0,300.28,1.0,-1.0,-1.0,2020-01-03 09:43:21.280974,300.28,300.3,0
2020-01-03 09:43:22,N,AAPL,300.28,4.0,300.3,2.0,2.0,1.0,2020-01-03 09:43:22.598356,300.28,300.31,0
2020-01-03 09:43:23,N,AAPL,300.28,2.0,300.31,1.0,-2.0,0.0,2020-01-03 09:43:23.083109,300.28,300.31,0
2020-01-03 09:43:24,N,AAPL,300.28,1.0,300.31,1.0,-1.0,0.0,2020-01-03 09:43:24.165671,300.29,300.32,0
2020-01-03 09:43:25,N,AAPL,300.29,2.0,300.32,1.0,1.0,-1.0,2020-01-03 09:43:25.166512,300.31,300.32,0
2020-01-03 09:43:26,N,AAPL,300.31,2.0,300.32,1.0,1.0,0.0,2020-01-03 09:43:26.401376,300.29,300.31,0
2020-01-03 09:43:27,N,AAPL,300.29,1.0,300.31,2.0,-3.0,1.0,2020-01-03 09:43:27.201978,300.28,300.32,0
2020-01-03 09:43:28,N,AAPL,300.28,2.0,300.32,1.0,0.0,-3.0,2020-01-03 09:43:28.012625,300.34,300.35,1
2020-01-03 09:43:30,N,AAPL,300.34,4.0,300.35,15.0,3.0,13.0,2020-01-03 09:43:30.119103,300.35,300.38,0
2020-01-03 09:43:31,N,AAPL,300.35,1.0,300.38,1.0,-1.0,-2.0,2020-01-03 09:43:31.595125,300.3,300.33,-1
2020-01-03 09:43:32,N,AAPL,300.3,2.0,300.33,2.0,1.0,-1.0,2020-01-03 09:43:32.258150,300.35,300.38,1
2020-01-03 09:43:33,N,AAPL,300.35,1.0,300.38,2.0,-1.0,1.0,2020-01-03 09:43:33.382729,300.46,300.49,1
2020-01-03 09:43:34,N,AAPL,300.46,1.0,300.49,3.0,0.0,1.0,2020-01-03 09:43:34.258726,300.42,300.44,-1
2020-01-03 09:43:35,N,AAPL,300.42,1.0,300.44,2.0,-1.0,-1.0,2020-01-03 09:43:35.497349,300.42,300.45,0
2020-01-03 09:43:36,N,AAPL,300.42,1.0,300.45,2.0,-3.0,-1.0,2020-01-03 09:43:36.519823,300.41,300.44,0
2020-01-03 09:43:37,N,AAPL,300.41,2.0,300.44,2.0,0.0,1.0,2020-01-03 09:43:37.721254,300.43,300.46,0
2020-01-03 09:43:38,N,AAPL,300.43,1.0,300.46,1.0,-1.0,-1.0,2020-01-03 09:43:38.118100,300.43,300.45,0
2020-01-03 09:43:39,N,AAPL,300.43,1.0,300.45,1.0,0.0,0.0,2020-01-03 09:43:39.791247,300.42,300.46,0
2020-01-03 09:43:40,N,AAPL,300.42,2.0,300.46,2.0,1.0,0.0,2020-01-03 09:43:40.233474,300.41,300.43,0
2020-01-03 09:43:41,N,AAPL,300.41,4.0,300.43,1.0,3.0,-2.0,2020-01-03 09:43:41.924387,300.41,300.44,0
2020-01-03 09:43:42,N,AAPL,300.41,3.0,300.44,1.0,1.0,-1.0,2020-01-03 09:43:42.131917,300.49,300.5,1
2020-01-03 09:43:43,N,AAPL,300.49,1.0,300.5,16.0,-1.0,14.0,2020-01-03 09:43:43.756803,300.44,300.47,-1
2020-01-03 09:43:44,N,AAPL,300.44,2.0,300.47,1.0,0.0,-15.0,2020-01-03 09:43:44.358279,300.44,300.47,0
2020-01-03 09:43:46,N,AAPL,300.44,4.0,300.47,2.0,0.0,0.0,2020-01-03 09:43:46.488296,300.41,300.45,0
2020-01-03 09:43:47,N,AAPL,300.41,4.0,300.45,2.0,2.0,-2.0,2020-01-03 09:43:47.296481,300.44,300.46,0
2020-01-03 09:43:48,N,AAPL,300.44,4.0,300.46,2.0,3.0,0.0,2020-01-03 09:43:48.036384,300.46,300.48,0
2020-01-03 09:43:49,N,AAPL,300.46,2.0,300.48,2.0,0.0,0.0,2020-01-03 09:43:49.523781,300.49,300.52,1
2020-01-03 09:43:50,N,AAPL,300.49,4.0,300.52,1.0,2.0,-1.0,2020-01-03 09:43:50.126907,300.5,300.55,0
2020-01-03 09:43:51,N,AAPL,300.5,2.0,300.55,3.0,0.0,-1.0,2020-01-03 09:43:51.084575,300.49,300.51,0
2020-01-03 09:43:53,N,AAPL,300.49,2.0,300.51,4.0,-1.0,3.0,2020-01-03 09:43:53.231630,300.43,300.45,-1
2020-01-03 09:43:54,N,AAPL,300.43,1.0,300.45,2.0,-1.0,0.0,2020-01-03 09:43:54.044766,300.44,300.48,0
2020-01-03 09:43:55,N,AAPL,300.44,1.0,300.48,2.0,-2.0,0.0,2020-01-03 09:43:55.300610,300.5,300.54,1
2020-01-03 09:43:56,N,AAPL,300.5,2.0,300.54,3.0,0.0,0.0,2020-01-03 09:43:56.495790,300.49,300.53,0
2020-01-03 09:43:57,N,AAPL,300.49,2.0,300.53,2.0,-2.0,-1.0,2020-01-03 09:43:57.038584,300.49,300.53,0
2020-01-03 09:43:59,N,AAPL,300.49,4.0,300.53,2.0,2.0,0.0,2020-01-03 09:43:59.009217,300.54,300.58,1
2020-01-03 09:44:00,N,AAPL,300.54,2.0,300.58,3.0,-2.0,2.0,2020-01-03 09:44:00.128884,300.5,300.56,0
2020-01-03 09:44:01,N,AAPL,300.5,2.0,300.56,3.0,0.0,-1.0,2020-01-03 09:44:01.033871,300.52,300.56,0
2020-01-03 09:44:02,N,AAPL,300.52,2.0,300.56,3.0,1.0,1.0,2020-01-03 09:44:02.293355,300.52,300.55,0
2020-01-03 09:44:03,N,AAPL,300.52,2.0,300.55,3.0,0.0,-1.0,2020-01-03 09:44:03.012291,300.49,300.53,0
2020-01-03 09:44:04,N,AAPL,300.49,2.0,300.53,2.0,0.0,0.0,2020-01-03 09:44:04.031851,300.44,300.47,-1
2020-01-03 09:44:05,N,AAPL,300.44,2.0,300.47,4.0,0.0,1.0,2020-01-03 09:44:05.487722,300.42,300.45,0
2020-01-03 09:44:06,N,AAPL,300.42,1.0,300.45,2.0,-1.0,0.0,2020-01-03 09:44:06.004572,300.34,300.37,-1
2020-01-03 09:44:07,N,AAPL,300.34,1.0,300.37,2.0,0.0,0.0,2020-01-03 09:44:07.019036,300.36,300.39,0
2020-01-03 09:44:08,N,AAPL,300.36,2.0,300.39,4.0,1.0,1.0,2020-01-03 09:44:08.059214,300.36,300.4,0
2020-01-03 09:44:09,N,AAPL,300.36,3.0,300.4,2.0,1.0,0.0,2020-01-03 09:44:09.124204,300.32,300.34,-1
2020-01-03 09:44:10,N,AAPL,300.32,9.0,300.34,4.0,8.0,2.0,2020-01-03 09:44:10.181753,300.3,300.35,0
2020-01-03 09:44:11,N,AAPL,300.3,25.0,300.35,2.0,19.0,0.0,2020-01-03 09:44:11.517959,300.32,300.36,0
2020-01-03 09:44:12,N,AAPL,300.32,3.0,300.36,2.0,-22.0,1.0,2020-01-03 09:44:12.239535,300.22,300.26,-1
2020-01-03 09:44:13,N,AAPL,300.22,2.0,300.26,2.0,1.0,1.0,2020-01-03 09:44:13.010969,300.24,300.27,0
2020-01-03 09:44:14,N,AAPL,300.24,2.0,300.27,1.0,0.0,-1.0,2020-01-03 09:44:14.416875,300.26,300.27,0
2020-01-03 09:44:15,N,AAPL,300.26,4.0,300.27,1.0,2.0,-1.0,2020-01-03 09:44:15.067651,300.22,300.26,0
2020-01-03 09:44:16,N,AAPL,300.22,2.0,300.26,2.0,1.0,-1.0,2020-01-03 09:44:16.376115,300.19,300.22,0
2020-01-03 09:44:17,N,AAPL,300.19,2.0,300.22,3.0,0.0,2.0,2020-01-03 09:44:17.279931,300.18,300.21,0
2020-01-03 09:44:18,N,AAPL,300.18,2.0,300.21,1.0,1.0,-1.0,2020-01-03 09:44:18.065703,300.2,300.24,0
2020-01-03 09:44:19,N,AAPL,300.2,2.0,300.24,2.0,-1.0,1.0,2020-01-03 09:44:19.083271,300.26,300.27,1
2020-01-03 09:44:20,N,AAPL,300.26,4.0,300.27,1.0,2.0,-1.0,2020-01-03 09:44:20.470405,300.17,300.19,-1
2020-01-03 09:44:21,N,AAPL,300.17,2.0,300.19,1.0,0.0,0.0,2020-01-03 09:44:21.506158,300.16,300.21,0
2020-01-03 09:44:22,N,AAPL,300.16,3.0,300.21,1.0,1.0,0.0,2020-01-03 09:44:22.001225,300.16,300.2,0
2020-01-03 09:44:23,N,AAPL,300.16,2.0,300.2,2.0,0.0,0.0,2020-01-03 09:44:23.177829,300.12,300.13,-1
2020-01-03 09:44:25,N,AAPL,300.12,2.0,300.13,4.0,0.0,1.0,2020-01-03 09:44:25.463447,300.08,300.12,0
2020-01-03 09:44:26,N,AAPL,300.08,2.0,300.12,3.0,-4.0,1.0,2020-01-03 09:44:26.109932,299.99,300.02,-1
2020-01-03 09:44:27,N,AAPL,299.99,1.0,300.02,5.0,-2.0,4.0,2020-01-03 09:44:27.044367,300.05,300.09,1
2020-01-03 09:44:28,N,AAPL,300.05,1.0,300.09,2.0,0.0,0.0,2020-01-03 09:44:28.718816,300.15,300.19,1
2020-01-03 09:44:33,N,AAPL,300.15,2.0,300.19,2.0,1.0,0.0,2020-01-03 09:44:33.058746,300.17,300.21,0
2020-01-03 09:44:34,N,AAPL,300.17,4.0,300.21,2.0,1.0,0.0,2020-01-03 09:44:34.074356,300.18,300.19,0
2020-01-03 09:44:35,N,AAPL,300.18,1.0,300.19,2.0,-3.0,0.0,2020-01-03 09:44:35.880066,300.18,300.2,0
2020-01-03 09:44:36,N,AAPL,300.18,3.0,300.2,2.0,0.0,0.0,2020-01-03 09:44:36.083217,300.17,300.2,0
2020-01-03 09:44:38,N,AAPL,300.17,3.0,300.2,4.0,0.0,2.0,2020-01-03 09:44:38.839383,300.17,300.2,0
2020-01-03 09:44:40,N,AAPL,300.17,2.0,300.2,4.0,-1.0,0.0,2020-01-03 09:44:40.150822,300.09,300.13,-1
2020-01-03 09:44:41,N,AAPL,300.09,2.0,300.13,3.0,1.0,1.0,2020-01-03 09:44:41.447179,300.04,300.08,-1
2020-01-03 09:44:42,N,AAPL,300.04,2.0,300.08,4.0,-3.0,2.0,2020-01-03 09:44:42.048780,300.08,300.11,0
2020-01-03 09:44:43,N,AAPL,300.08,2.0,300.11,1.0,1.0,-3.0,2020-01-03 09:44:43.738573,300.08,300.12,0
2020-01-03 09:44:44,N,AAPL,300.08,2.0,300.12,2.0,0.0,0.0,2020-01-03 09:44:44.140281,300.05,300.07,-1
2020-01-03 09:44:45,N,AAPL,300.05,3.0,300.07,4.0,2.0,1.0,2020-01-03 09:44:45.137414,300.01,300.05,0
2020-01-03 09:44:46,N,AAPL,300.01,2.0,300.05,1.0,0.0,0.0,2020-01-03 09:44:46.444912,300.03,300.06,0
2020-01-03 09:44:47,N,AAPL,300.03,1.0,300.06,2.0,-1.0,1.0,2020-01-03 09:44:47.259132,300.08,300.1,1
2020-01-03 09:44:48,N,AAPL,300.08,2.0,300.1,2.0,-3.0,1.0,2020-01-03 09:44:48.790997,300.12,300.16,1
2020-01-03 09:44:49,N,AAPL,300.12,3.0,300.16,2.0,1.0,0.0,2020-01-03 09:44:49.777990,300.13,300.17,0
2020-01-03 09:44:50,N,AAPL,300.13,1.0,300.17,1.0,-2.0,-1.0,2020-01-03 09:44:50.019307,300.17,300.19,0
2020-01-03 09:44:52,N,AAPL,300.17,1.0,300.19,2.0,-2.0,0.0,2020-01-03 09:44:52.016712,300.17,300.19,0
2020-01-03 09:44:53,N,AAPL,300.17,2.0,300.19,1.0,-2.0,0.0,2020-01-03 09:44:53.400556,300.11,300.14,-1
2020-01-03 09:44:54,N,AAPL,300.11,2.0,300.14,3.0,0.0,1.0,2020-01-03 09:44:54.204243,300.06,300.1,-1
2020-01-03 09:44:55,N,AAPL,300.06,2.0,300.1,3.0,1.0,-1.0,2020-01-03 09:44:55.649717,300.07,300.1,0
2020-01-03 09:44:56,N,AAPL,300.07,2.0,300.1,3.0,0.0,1.0,2020-01-03 09:44:56.377005,299.95,299.99,-1
2020-01-03 09:44:57,N,AAPL,299.95,3.0,299.99,2.0,2.0,-1.0,2020-01-03 09:44:57.928403,299.99,300.02,0
2020-01-03 09:45:00,N,AAPL,299.99,1.0,300.02,2.0,-3.0,1.0,2020-01-03 09:45:00.630205,299.97,300.01,0
2020-01-03 09:45:01,N,AAPL,299.97,3.0,300.01,4.0,1.0,2.0,2020-01-03 09:45:01.302601,299.98,300.01,0
2020-01-03 09:45:03,N,AAPL,299.98,1.0,300.01,2.0,-2.0,0.0,2020-01-03 09:45:03.101060,299.9,299.91,-1
2020-01-03 09:45:04,N,AAPL,299.9,5.0,299.91,4.0,3.0,3.0,2020-01-03 09:45:04.250594,299.84,299.86,-1
2020-01-03 09:45:05,N,AAPL,299.84,2.0,299.86,2.0,1.0,1.0,2020-01-03 09:45:05.000571,299.7,299.73,-1
2020-01-03 09:45:06,N,AAPL,299.7,1.0,299.73,5.0,-4.0,3.0,2020-01-03 09:45:06.802699,299.71,299.75,0
2020-01-03 09:45:07,N,AAPL,299.71,1.0,299.75,5.0,-1.0,4.0,2020-01-03 09:45:07.406036,299.64,299.68,-1
2020-01-03 09:45:08,N,AAPL,299.64,2.0,299.68,4.0,1.0,2.0,2020-01-03 09:45:08.161015,299.61,299.66,0
2020-01-03 09:45:10,N,AAPL,299.61,2.0,299.66,4.0,0.0,2.0,2020-01-03 09:45:10.016722,299.64,299.67,0
2020-01-03 09:45:13,N,AAPL,299.64,1.0,299.67,4.0,-1.0,0.0,2020-01-03 09:45:13.112326,299.64,299.66,0
2020-01-03 09:45:15,N,AAPL,299.64,1.0,299.66,4.0,-7.0,0.0,2020-01-03 09:45:15.284817,299.59,299.61,-1
2020-01-03 09:45:16,N,AAPL,299.59,4.0,299.61,4.0,3.0,2.0,2020-01-03 09:45:16.654903,299.57,299.6,0
2020-01-03 09:45:17,N,AAPL,299.57,4.0,299.6,4.0,0.0,0.0,2020-01-03 09:45:17.165127,299.7,299.74,1
2020-01-03 09:45:18,N,AAPL,299.7,2.0,299.74,3.0,-2.0,2.0,2020-01-03 09:45:18.207311,299.72,299.75,0
2020-01-03 09:45:19,N,AAPL,299.72,1.0,299.75,2.0,-1.0,1.0,2020-01-03 09:45:19.455233,299.68,299.72,0
2020-01-03 09:45:20,N,AAPL,299.68,2.0,299.72,2.0,0.0,1.0,2020-01-03 09:45:20.143433,299.7,299.73,0
2020-01-03 09:45:22,N,AAPL,299.7,1.0,299.73,4.0,-1.0,3.0,2020-01-03 09:45:22.574435,299.76,299.79,1
2020-01-03 09:45:23,N,AAPL,299.76,2.0,299.79,2.0,1.0,0.0,2020-01-03 09:45:23.009243,299.78,299.83,0
2020-01-03 09:45:25,N,AAPL,299.78,2.0,299.83,2.0,1.0,-2.0,2020-01-03 09:45:25.199341,299.78,299.82,0
2020-01-03 09:45:26,N,AAPL,299.78,3.0,299.82,2.0,1.0,-1.0,2020-01-03 09:45:26.415200,299.74,299.77,-1
2020-01-03 09:45:27,N,AAPL,299.74,1.0,299.77,1.0,-1.0,-2.0,2020-01-03 09:45:27.935893,299.72,299.76,0
2020-01-03 09:45:28,N,AAPL,299.72,1.0,299.76,3.0,-1.0,0.0,2020-01-03 09:45:28.354936,299.68,299.75,0
2020-01-03 09:45:29,N,AAPL,299.68,2.0,299.75,3.0,-2.0,1.0,2020-01-03 09:45:29.618065,299.66,299.69,0
2020-01-03 09:45:30,N,AAPL,299.66,3.0,299.69,4.0,2.0,1.0,2020-01-03 09:45:30.091538,299.66,299.69,0
2020-01-03 09:45:31,N,AAPL,299.66,3.0,299.69,3.0,2.0,-1.0,2020-01-03 09:45:31.025081,299.66,299.69,0
2020-01-03 09:45:32,N,AAPL,299.66,1.0,299.69,3.0,-2.0,0.0,2020-01-03 09:45:32.195979,299.67,299.69,0
2020-01-03 09:45:34,N,AAPL,299.67,2.0,299.69,4.0,0.0,2.0,2020-01-03 09:45:34.029777,299.7,299.74,1
2020-01-03 09:45:37,N,AAPL,299.7,9.0,299.74,1.0,8.0,-2.0,2020-01-03 09:45:37.035538,299.67,299.71,0
2020-01-03 09:45:38,N,AAPL,299.67,1.0,299.71,4.0,-8.0,3.0,2020-01-03 09:45:38.326403,299.65,299.67,0
2020-01-03 09:45:41,N,AAPL,299.65,6.0,299.67,4.0,5.0,0.0,2020-01-03 09:45:41.149987,299.65,299.69,0
2020-01-03 09:45:43,N,AAPL,299.65,2.0,299.69,4.0,1.0,3.0,2020-01-03 09:45:43.339980,299.65,299.67,0
2020-01-03 09:45:45,N,AAPL,299.65,2.0,299.67,2.0,0.0,0.0,2020-01-03 09:45:45.906787,299.65,299.67,0
2020-01-03 09:45:46,N,AAPL,299.65,4.0,299.67,1.0,2.0,-1.0,2020-01-03 09:45:46.990948,299.67,299.69,0
2020-01-03 09:45:47,N,AAPL,299.67,4.0,299.69,50.0,0.0,49.0,2020-01-03 09:45:47.004447,299.66,299.68,0
2020-01-03 09:45:49,N,AAPL,299.66,4.0,299.68,2.0,3.0,-48.0,2020-01-03 09:45:49.472093,299.66,299.69,0
2020-01-03 09:45:50,N,AAPL,299.66,4.0,299.69,33.0,2.0,0.0,2020-01-03 09:45:50.039739,299.66,299.68,0
2020-01-03 09:45:53,N,AAPL,299.66,2.0,299.68,1.0,-1.0,-32.0,2020-01-03 09:45:53.227450,299.64,299.65,-1
2020-01-03 09:45:54,N,AAPL,299.64,1.0,299.65,4.0,-1.0,3.0,2020-01-03 09:45:54.374043,299.63,299.65,0
2020-01-03 09:45:55,N,AAPL,299.63,1.0,299.65,1.0,0.0,-1.0,2020-01-03 09:45:55.193805,299.62,299.66,0
2020-01-03 09:45:56,N,AAPL,299.62,2.0,299.66,5.0,1.0,3.0,2020-01-03 09:45:56.306224,299.6,299.61,-1
2020-01-03 09:45:57,N,AAPL,299.6,1.0,299.61,1.0,0.0,-1.0,2020-01-03 09:45:57.386838,299.56,299.59,-1
2020-01-03 09:45:58,N,AAPL,299.56,3.0,299.59,4.0,2.0,2.0,2020-01-03 09:45:58.143508,299.51,299.54,-1
2020-01-03 09:45:59,N,AAPL,299.51,1.0,299.54,4.0,0.0,1.0,2020-01-03 09:45:59.172071,299.52,299.56,0
2020-01-03 09:46:00,N,AAPL,299.52,4.0,299.56,2.0,2.0,1.0,2020-01-03 09:46:00.031953,299.51,299.53,0
2020-01-03 09:46:02,N,AAPL,299.51,2.0,299.53,4.0,0.0,2.0,2020-01-03 09:46:02.837255,299.51,299.53,0
2020-01-03 09:46:03,N,AAPL,299.51,1.0,299.53,1.0,-2.0,0.0,2020-01-03 09:46:03.226000,299.49,299.51,0
2020-01-03 09:46:04,N,AAPL,299.49,1.0,299.51,2.0,-1.0,1.0,2020-01-03 09:46:04.289571,299.47,299.48,-1
2020-01-03 09:46:05,N,AAPL,299.47,2.0,299.48,1.0,1.0,-1.0,2020-01-03 09:46:05.601967,299.44,299.47,0
2020-01-03 09:46:06,N,AAPL,299.44,2.0,299.47,4.0,1.0,0.0,2020-01-03 09:46:06.250703,299.4,299.44,0
2020-01-03 09:46:07,N,AAPL,299.4,2.0,299.44,2.0,0.0,-1.0,2020-01-03 09:46:07.144804,299.38,299.41,0
2020-01-03 09:46:09,N,AAPL,299.38,1.0,299.41,4.0,-1.0,2.0,2020-01-03 09:46:09.044306,299.28,299.32,-1
2020-01-03 09:46:10,N,AAPL,299.28,2.0,299.32,2.0,0.0,1.0,2020-01-03 09:46:10.115477,299.29,299.31,0
2020-01-03 09:46:11,N,AAPL,299.29,4.0,299.31,2.0,3.0,1.0,2020-01-03 09:46:11.326422,299.26,299.3,0
2020-01-03 09:46:13,N,AAPL,299.26,2.0,299.3,2.0,0.0,0.0,2020-01-03 09:46:13.047880,299.29,299.31,0
2020-01-03 09:46:14,N,AAPL,299.29,4.0,299.31,2.0,1.0,0.0,2020-01-03 09:46:14.579927,299.3,299.31,0
2020-01-03 09:46:15,N,AAPL,299.3,1.0,299.31,2.0,-3.0,0.0,2020-01-03 09:46:15.428054,299.28,299.32,0
2020-01-03 09:46:16,N,AAPL,299.28,2.0,299.32,4.0,0.0,2.0,2020-01-03 09:46:16.792008,299.27,299.31,0
2020-01-03 09:46:17,N,AAPL,299.27,1.0,299.31,4.0,-1.0,0.0,2020-01-03 09:46:17.315918,299.26,299.29,0
2020-01-03 09:46:18,N,AAPL,299.26,2.0,299.29,2.0,1.0,-2.0,2020-01-03 09:46:18.093855,299.25,299.26,0
2020-01-03 09:46:19,N,AAPL,299.25,3.0,299.26,4.0,2.0,1.0,2020-01-03 09:46:19.240679,299.21,299.24,-1
2020-01-03 09:46:21,N,AAPL,299.21,5.0,299.24,5.0,1.0,3.0,2020-01-03 09:46:21.115025,299.2,299.21,0
2020-01-03 09:46:22,N,AAPL,299.2,4.0,299.21,4.0,3.0,1.0,2020-01-03 09:46:22.965296,299.21,299.24,0
2020-01-03 09:46:23,N,AAPL,299.21,2.0,299.24,2.0,-2.0,-2.0,2020-01-03 09:46:23.179591,299.18,299.22,0
2020-01-03 09:46:24,N,AAPL,299.18,1.0,299.22,3.0,-3.0,2.0,2020-01-03 09:46:24.283869,299.18,299.21,0
2020-01-03 09:46:25,N,AAPL,299.18,1.0,299.21,1.0,0.0,0.0,2020-01-03 09:46:25.259382,299.18,299.21,0
2020-01-03 09:46:26,N,AAPL,299.18,2.0,299.21,4.0,-2.0,1.0,2020-01-03 09:46:26.003539,299.2,299.21,0
2020-01-03 09:46:28,N,AAPL,299.2,5.0,299.21,1.0,3.0,0.0,2020-01-03 09:46:28.565334,299.15,299.19,-1
2020-01-03 09:46:29,N,AAPL,299.15,4.0,299.19,3.0,0.0,2.0,2020-01-03 09:46:29.156925,299.14,299.18,0
2020-01-03 09:46:30,N,AAPL,299.14,1.0,299.18,2.0,-3.0,0.0,2020-01-03 09:46:30.031333,299.11,299.13,-1
2020-01-03 09:46:31,N,AAPL,299.11,2.0,299.13,2.0,0.0,-2.0,2020-01-03 09:46:31.356485,299.02,299.05,-1
2020-01-03 09:46:32,N,AAPL,299.02,2.0,299.05,1.0,0.0,-1.0,2020-01-03 09:46:32.800729,299.07,299.09,1
2020-01-03 09:46:33,N,AAPL,299.07,1.0,299.09,4.0,-1.0,2.0,2020-01-03 09:46:33.370590,299.01,299.05,-1
2020-01-03 09:46:34,N,AAPL,299.01,2.0,299.05,2.0,1.0,1.0,2020-01-03 09:46:34.202728,298.95,299.01,0
2020-01-03 09:46:35,N,AAPL,298.95,3.0,299.01,2.0,2.0,1.0,2020-01-03 09:46:35.600074,299.0,299.04,0
2020-01-03 09:46:36,N,AAPL,299.0,2.0,299.04,1.0,1.0,0.0,2020-01-03 09:46:36.286302,299.01,299.05,0
2020-01-03 09:46:37,N,AAPL,299.01,2.0,299.05,2.0,0.0,1.0,2020-01-03 09:46:37.207919,299.01,299.05,0
2020-01-03 09:46:38,N,AAPL,299.01,3.0,299.05,4.0,1.0,2.0,2020-01-03 09:46:38.183599,299.09,299.12,1
2020-01-03 09:46:39,N,AAPL,299.09,2.0,299.12,2.0,0.0,0.0,2020-01-03 09:46:39.123014,299.04,299.07,-1
2020-01-03 09:46:40,N,AAPL,299.04,2.0,299.07,3.0,0.0,2.0,2020-01-03 09:46:40.007492,299.01,299.04,0
2020-01-03 09:46:42,N,AAPL,299.01,1.0,299.04,4.0,-1.0,2.0,2020-01-03 09:46:42.917255,299.01,299.04,0
2020-01-03 09:46:43,N,AAPL,299.01,1.0,299.04,4.0,-1.0,1.0,2020-01-03 09:46:43.917843,299.0,299.02,0
2020-01-03 09:46:45,N,AAPL,299.0,1.0,299.02,4.0,0.0,0.0,2020-01-03 09:46:45.318972,298.95,298.99,-1
2020-01-03 09:46:46,N,AAPL,298.95,3.0,298.99,2.0,0.0,-1.0,2020-01-03 09:46:46.535565,298.94,298.95,0
2020-01-03 09:46:47,N,AAPL,298.94,2.0,298.95,4.0,-1.0,3.0,2020-01-03 09:46:47.260064,298.97,298.99,1
2020-01-03 09:46:48,N,AAPL,298.97,2.0,298.99,1.0,0.0,0.0,2020-01-03 09:46:48.013242,298.95,298.99,0
2020-01-03 09:46:49,N,AAPL,298.95,5.0,298.99,1.0,0.0,-4.0,2020-01-03 09:46:49.016825,299.0,299.03,1
2020-01-03 09:46:50,N,AAPL,299.0,2.0,299.03,4.0,0.0,0.0,2020-01-03 09:46:50.007083,299.04,299.08,1
2020-01-03 09:46:51,N,AAPL,299.04,2.0,299.08,1.0,0.0,0.0,2020-01-03 09:46:51.054814,299.15,299.18,1
2020-01-03 09:46:52,N,AAPL,299.15,2.0,299.18,1.0,0.0,0.0,2020-01-03 09:46:52.805698,299.21,299.23,1
2020-01-03 09:46:53,N,AAPL,299.21,1.0,299.23,1.0,-1.0,0.0,2020-01-03 09:46:53.305759,299.33,299.35,1
2020-01-03 09:46:54,N,AAPL,299.33,1.0,299.35,4.0,-1.0,-1.0,2020-01-03 09:46:54.338270,299.3,299.31,-1
2020-01-03 09:46:55,N,AAPL,299.3,1.0,299.31,4.0,-1.0,-1.0,2020-01-03 09:46:55.480094,299.24,299.27,-1
2020-01-03 09:46:58,N,AAPL,299.24,1.0,299.27,4.0,0.0,2.0,2020-01-03 09:46:58.858512,299.3,299.33,1
2020-01-03 09:46:59,N,AAPL,299.3,2.0,299.33,1.0,-1.0,-1.0,2020-01-03 09:46:59.665875,299.36,299.41,1
2020-01-03 09:47:00,N,AAPL,299.36,1.0,299.41,2.0,-1.0,1.0,2020-01-03 09:47:00.123467,299.39,299.43,0
2020-01-03 09:47:01,N,AAPL,299.39,1.0,299.43,3.0,-4.0,2.0,2020-01-03 09:47:01.172942,299.4,299.45,0
2020-01-03 09:47:02,N,AAPL,299.4,2.0,299.45,1.0,0.0,-1.0,2020-01-03 09:47:02.280758,299.4,299.44,0
2020-01-03 09:47:03,N,AAPL,299.4,7.0,299.44,2.0,6.0,-1.0,2020-01-03 09:47:03.796958,299.4,299.46,0
2020-01-03 09:47:04,N,AAPL,299.4,8.0,299.46,4.0,1.0,2.0,2020-01-03 09:47:04.363575,299.44,299.48,0
2020-01-03 09:47:05,N,AAPL,299.44,1.0,299.48,3.0,0.0,1.0,2020-01-03 09:47:05.598911,299.43,299.48,0
2020-01-03 09:47:06,N,AAPL,299.43,4.0,299.48,28.0,0.0,26.0,2020-01-03 09:47:06.074641,299.44,299.47,0
2020-01-03 09:47:07,N,AAPL,299.44,4.0,299.47,1.0,3.0,-2.0,2020-01-03 09:47:07.541614,299.42,299.47,0
2020-01-03 09:47:08,N,AAPL,299.42,2.0,299.47,4.0,1.0,3.0,2020-01-03 09:47:08.075256,299.37,299.4,-1
2020-01-03 09:47:09,N,AAPL,299.37,3.0,299.4,2.0,1.0,0.0,2020-01-03 09:47:09.185211,299.39,299.44,0
2020-01-03 09:47:10,N,AAPL,299.39,2.0,299.44,1.0,1.0,0.0,2020-01-03 09:47:10.885109,299.42,299.44,0
2020-01-03 09:47:13,N,AAPL,299.42,2.0,299.44,2.0,0.0,1.0,2020-01-03 09:47:13.312216,299.43,299.46,0
2020-01-03 09:47:15,N,AAPL,299.43,2.0,299.46,1.0,0.0,-1.0,2020-01-03 09:47:15.185891,299.37,299.4,-1
2020-01-03 09:47:17,N,AAPL,299.37,4.0,299.4,1.0,3.0,-4.0,2020-01-03 09:47:17.285433,299.37,299.4,0
2020-01-03 09:47:18,N,AAPL,299.37,2.0,299.4,4.0,0.0,2.0,2020-01-03 09:47:18.278057,299.36,299.4,0
2020-01-03 09:47:19,N,AAPL,299.36,1.0,299.4,2.0,-1.0,0.0,2020-01-03 09:47:19.112416,299.37,299.42,0
2020-01-03 09:47:20,N,AAPL,299.37,5.0,299.42,2.0,3.0,1.0,2020-01-03 09:47:20.448087,299.38,299.42,0
2020-01-03 09:47:21,N,AAPL,299.38,2.0,299.42,2.0,-3.0,0.0,2020-01-03 09:47:21.351521,299.42,299.45,0
2020-01-03 09:47:22,N,AAPL,299.42,5.0,299.45,1.0,0.0,-4.0,2020-01-03 09:47:22.002309,299.43,299.46,0
2020-01-03 09:47:23,N,AAPL,299.43,2.0,299.46,1.0,-2.0,-1.0,2020-01-03 09:47:23.060331,299.53,299.55,1
2020-01-03 09:47:25,N,AAPL,299.53,4.0,299.55,2.0,-9.0,0.0,2020-01-03 09:47:25.809678,299.59,299.61,1
2020-01-03 09:47:26,N,AAPL,299.59,2.0,299.61,1.0,-2.0,0.0,2020-01-03 09:47:26.731551,299.66,299.69,1
2020-01-03 09:47:27,N,AAPL,299.66,1.0,299.69,2.0,-1.0,1.0,2020-01-03 09:47:27.356015,299.73,299.76,1
2020-01-03 09:47:28,N,AAPL,299.73,2.0,299.76,2.0,0.0,1.0,2020-01-03 09:47:28.019128,299.72,299.76,0
2020-01-03 09:47:29,N,AAPL,299.72,2.0,299.76,4.0,-3.0,2.0,2020-01-03 09:47:29.185531,299.73,299.78,0
2020-01-03 09:47:30,N,AAPL,299.73,3.0,299.78,2.0,1.0,-2.0,2020-01-03 09:47:30.243355,299.83,299.86,1
2020-01-03 09:47:31,N,AAPL,299.83,2.0,299.86,1.0,0.0,0.0,2020-01-03 09:47:31.757793,299.81,299.84,0
2020-01-03 09:47:32,N,AAPL,299.81,4.0,299.84,2.0,0.0,1.0,2020-01-03 09:47:32.794490,299.82,299.84,0
2020-01-03 09:47:33,N,AAPL,299.82,1.0,299.84,4.0,-1.0,2.0,2020-01-03 09:47:33.018591,299.82,299.87,0
2020-01-03 09:47:34,N,AAPL,299.82,5.0,299.87,1.0,2.0,-2.0,2020-01-03 09:47:34.391038,299.87,299.9,0
2020-01-03 09:47:35,N,AAPL,299.87,4.0,299.9,4.0,2.0,3.0,2020-01-03 09:47:35.319237,299.85,299.87,0
2020-01-03 09:47:36,N,AAPL,299.85,3.0,299.87,1.0,2.0,-3.0,2020-01-03 09:47:36.651640,299.88,299.92,1
2020-01-03 09:47:37,N,AAPL,299.88,2.0,299.92,1.0,-2.0,0.0,2020-01-03 09:47:37.141879,299.86,299.9,0
2020-01-03 09:47:38,N,AAPL,299.86,4.0,299.9,1.0,0.0,-2.0,2020-01-03 09:47:38.016813,299.89,299.91,0
2020-01-03 09:47:39,N,AAPL,299.89,2.0,299.91,5.0,-2.0,3.0,2020-01-03 09:47:39.512406,299.87,299.89,0
2020-01-03 09:47:40,N,AAPL,299.87,1.0,299.89,4.0,0.0,3.0,2020-01-03 09:47:40.139077,299.82,299.85,-1
2020-01-03 09:47:41,N,AAPL,299.82,5.0,299.85,1.0,1.0,-1.0,2020-01-03 09:47:41.596273,299.8,299.82,0
2020-01-03 09:47:42,N,AAPL,299.8,2.0,299.82,2.0,-3.0,1.0,2020-01-03 09:47:42.264981,299.73,299.76,-1
2020-01-03 09:47:43,N,AAPL,299.73,1.0,299.76,17.0,0.0,15.0,2020-01-03 09:47:43.126785,299.73,299.78,0
2020-01-03 09:47:44,N,AAPL,299.73,2.0,299.78,2.0,-1.0,0.0,2020-01-03 09:47:44.157795,299.73,299.76,0
2020-01-03 09:47:46,N,AAPL,299.73,2.0,299.76,3.0,1.0,1.0,2020-01-03 09:47:46.204188,299.77,299.79,1
2020-01-03 09:47:47,N,AAPL,299.77,2.0,299.79,1.0,0.0,-1.0,2020-01-03 09:47:47.172751,299.82,299.84,1
2020-01-03 09:47:48,N,AAPL,299.82,4.0,299.84,1.0,1.0,0.0,2020-01-03 09:47:48.210072,299.88,299.9,1
2020-01-03 09:47:49,N,AAPL,299.88,2.0,299.9,1.0,-1.0,-2.0,2020-01-03 09:47:49.152939,299.95,299.98,1
2020-01-03 09:47:50,N,AAPL,299.95,4.0,299.98,2.0,1.0,0.0,2020-01-03 09:47:50.920276,299.93,299.97,0
2020-01-03 09:47:51,N,AAPL,299.93,1.0,299.97,1.0,-3.0,-1.0,2020-01-03 09:47:51.022821,299.91,299.96,0
2020-01-03 09:47:52,N,AAPL,299.91,3.0,299.96,2.0,1.0,0.0,2020-01-03 09:47:52.441249,299.91,299.94,0
2020-01-03 09:47:53,N,AAPL,299.91,2.0,299.94,4.0,0.0,2.0,2020-01-03 09:47:53.231970,299.86,299.88,-1
2020-01-03 09:47:56,N,AAPL,299.86,1.0,299.88,4.0,0.0,3.0,2020-01-03 09:47:56.094407,299.83,299.88,0
2020-01-03 09:47:57,N,AAPL,299.83,2.0,299.88,2.0,0.0,-1.0,2020-01-03 09:47:57.748410,299.83,299.86,0
2020-01-03 09:47:58,N,AAPL,299.83,1.0,299.86,2.0,0.0,0.0,2020-01-03 09:47:58.546434,299.84,299.88,0
2020-01-03 09:48:00,N,AAPL,299.84,1.0,299.88,2.0,0.0,0.0,2020-01-03 09:48:00.502951,299.82,299.85,0
2020-01-03 09:48:01,N,AAPL,299.82,2.0,299.85,2.0,1.0,0.0,2020-01-03 09:48:01.262712,299.77,299.78,-1
2020-01-03 09:48:02,N,AAPL,299.77,6.0,299.78,2.0,-6.0,-1.0,2020-01-03 09:48:02.006175,299.72,299.75,-1
2020-01-03 09:48:03,N,AAPL,299.72,2.0,299.75,3.0,1.0,2.0,2020-01-03 09:48:03.050478,299.67,299.68,-1
2020-01-03 09:48:06,N,AAPL,299.67,2.0,299.68,1.0,-1.0,-1.0,2020-01-03 09:48:06.898736,299.62,299.65,-1
2020-01-03 09:48:07,N,AAPL,299.62,1.0,299.65,2.0,-1.0,0.0,2020-01-03 09:48:07.026873,299.59,299.61,-1
2020-01-03 09:48:08,N,AAPL,299.59,2.0,299.61,3.0,1.0,1.0,2020-01-03 09:48:08.011479,299.56,299.6,0
2020-01-03 09:48:09,N,AAPL,299.56,1.0,299.6,3.0,-1.0,1.0,2020-01-03 09:48:09.015600,299.54,299.56,0
2020-01-03 09:48:10,N,AAPL,299.54,4.0,299.56,7.0,3.0,4.0,2020-01-03 09:48:10.122348,299.48,299.52,-1
2020-01-03 09:48:11,N,AAPL,299.48,2.0,299.52,2.0,0.0,1.0,2020-01-03 09:48:11.025476,299.42,299.46,-1
2020-01-03 09:48:12,N,AAPL,299.42,4.0,299.46,1.0,2.0,0.0,2020-01-03 09:48:12.162610,299.48,299.51,1
2020-01-03 09:48:13,N,AAPL,299.48,4.0,299.51,5.0,0.0,4.0,2020-01-03 09:48:13.128306,299.49,299.51,0
2020-01-03 09:48:15,N,AAPL,299.49,2.0,299.51,4.0,-2.0,-1.0,2020-01-03 09:48:15.348463,299.45,299.5,0
2020-01-03 09:48:17,N,AAPL,299.45,2.0,299.5,4.0,0.0,2.0,2020-01-03 09:48:17.634520,299.46,299.5,0
2020-01-03 09:48:19,N,AAPL,299.46,2.0,299.5,1.0,0.0,0.0,2020-01-03 09:48:19.178510,299.5,299.53,0
2020-01-03 09:48:20,N,AAPL,299.5,2.0,299.53,1.0,0.0,0.0,2020-01-03 09:48:20.498721,299.51,299.54,0
2020-01-03 09:48:21,N,AAPL,299.51,4.0,299.54,1.0,-7.0,-2.0,2020-01-03 09:48:21.527921,299.51,299.55,0
2020-01-03 09:48:22,N,AAPL,299.51,2.0,299.55,1.0,-2.0,-1.0,2020-01-03 09:48:22.603309,299.56,299.59,1
2020-01-03 09:48:23,N,AAPL,299.56,2.0,299.59,1.0,0.0,0.0,2020-01-03 09:48:23.260358,299.53,299.58,0
2020-01-03 09:48:25,N,AAPL,299.53,2.0,299.58,2.0,0.0,-1.0,2020-01-03 09:48:25.176261,299.5,299.55,0
2020-01-03 09:48:27,N,AAPL,299.5,13.0,299.55,4.0,10.0,-1.0,2020-01-03 09:48:27.521250,299.47,299.48,-1
2020-01-03 09:48:29,N,AAPL,299.47,1.0,299.48,4.0,-2.0,2.0,2020-01-03 09:48:29.029789,299.45,299.48,0
2020-01-03 09:48:30,N,AAPL,299.45,2.0,299.48,2.0,1.0,0.0,2020-01-03 09:48:30.227183,299.45,299.49,0
2020-01-03 09:48:31,N,AAPL,299.45,2.0,299.49,2.0,0.0,0.0,2020-01-03 09:48:31.324539,299.5,299.54,1
2020-01-03 09:48:32,N,AAPL,299.5,2.0,299.54,2.0,0.0,0.0,2020-01-03 09:48:32.172435,299.45,299.48,-1
2020-01-03 09:48:33,N,AAPL,299.45,1.0,299.48,4.0,-1.0,3.0,2020-01-03 09:48:33.221080,299.45,299.49,0
2020-01-03 09:48:34,N,AAPL,299.45,2.0,299.49,1.0,1.0,-3.0,2020-01-03 09:48:34.156490,299.42,299.46,0
2020-01-03 09:48:35,N,AAPL,299.42,2.0,299.46,2.0,-2.0,1.0,2020-01-03 09:48:35.585597,299.49,299.53,1
2020-01-03 09:48:36,N,AAPL,299.49,6.0,299.53,2.0,1.0,-1.0,2020-01-03 09:48:36.388260,299.53,299.57,0
2020-01-03 09:48:37,N,AAPL,299.53,1.0,299.57,5.0,0.0,0.0,2020-01-03 09:48:37.086501,299.52,299.56,0
2020-01-03 09:48:38,N,AAPL,299.52,2.0,299.56,2.0,-1.0,1.0,2020-01-03 09:48:38.058999,299.48,299.54,0
2020-01-03 09:48:40,N,AAPL,299.48,3.0,299.54,3.0,1.0,2.0,2020-01-03 09:48:40.137061,299.53,299.56,0
2020-01-03 09:48:41,N,AAPL,299.53,3.0,299.56,2.0,0.0,0.0,2020-01-03 09:48:41.418202,299.55,299.59,0
2020-01-03 09:48:42,N,AAPL,299.55,2.0,299.59,3.0,0.0,1.0,2020-01-03 09:48:42.097205,299.61,299.64,1
2020-01-03 09:48:43,N,AAPL,299.61,2.0,299.64,3.0,0.0,1.0,2020-01-03 09:48:43.163095,299.63,299.66,0
2020-01-03 09:48:45,N,AAPL,299.63,2.0,299.66,2.0,-1.0,1.0,2020-01-03 09:48:45.716567,299.59,299.64,0
2020-01-03 09:48:46,N,AAPL,299.59,4.0,299.64,1.0,0.0,-1.0,2020-01-03 09:48:46.493253,299.61,299.66,0
2020-01-03 09:48:47,N,AAPL,299.61,2.0,299.66,2.0,0.0,-1.0,2020-01-03 09:48:47.738876,299.61,299.66,0
2020-01-03 09:48:48,N,AAPL,299.61,3.0,299.66,2.0,-2.0,0.0,2020-01-03 09:48:48.004333,299.58,299.6,-1
2020-01-03 09:48:50,N,AAPL,299.58,2.0,299.6,3.0,1.0,1.0,2020-01-03 09:48:50.991210,299.55,299.58,0
2020-01-03 09:48:52,N,AAPL,299.55,2.0,299.58,2.0,-3.0,-3.0,2020-01-03 09:48:52.835202,299.57,299.61,0
2020-01-03 09:48:53,N,AAPL,299.57,4.0,299.61,3.0,2.0,1.0,2020-01-03 09:48:53.631540,299.61,299.65,0
2020-01-03 09:48:55,N,AAPL,299.61,30.0,299.65,3.0,27.0,-1.0,2020-01-03 09:48:55.986634,299.61,299.65,0
2020-01-03 09:48:56,N,AAPL,299.61,30.0,299.65,2.0,-2.0,-2.0,2020-01-03 09:48:56.002628,299.61,299.64,0
2020-01-03 09:48:57,N,AAPL,299.61,2.0,299.64,2.0,1.0,-7.0,2020-01-03 09:48:57.135871,299.63,299.66,0
2020-01-03 09:48:58,N,AAPL,299.63,3.0,299.66,1.0,0.0,0.0,2020-01-03 09:48:58.560324,299.62,299.66,0
2020-01-03 09:48:59,N,AAPL,299.62,1.0,299.66,2.0,-2.0,1.0,2020-01-03 09:48:59.174600,299.67,299.7,1
2020-01-03 09:49:01,N,AAPL,299.67,3.0,299.7,2.0,-27.0,1.0,2020-01-03 09:49:01.194447,299.69,299.72,0
2020-01-03 09:49:02,N,AAPL,299.69,2.0,299.72,2.0,-1.0,0.0,2020-01-03 09:49:02.093528,299.74,299.76,1
2020-01-03 09:49:04,N,AAPL,299.74,2.0,299.76,2.0,-28.0,0.0,2020-01-03 09:49:04.212448,299.79,299.84,1
2020-01-03 09:49:07,N,AAPL,299.79,4.0,299.84,1.0,1.0,0.0,2020-01-03 09:49:07.172092,299.82,299.87,0
2020-01-03 09:49:08,N,AAPL,299.82,2.0,299.87,1.0,0.0,0.0,2020-01-03 09:49:08.277658,299.89,299.92,1
2020-01-03 09:49:11,N,AAPL,299.89,4.0,299.92,3.0,3.0,2.0,2020-01-03 09:49:11.125161,299.89,299.91,0
2020-01-03 09:49:12,N,AAPL,299.89,1.0,299.91,4.0,0.0,2.0,2020-01-03 09:49:12.601572,299.87,299.9,0
2020-01-03 09:49:13,N,AAPL,299.87,1.0,299.9,4.0,0.0,1.0,2020-01-03 09:49:13.697821,299.82,299.86,-1
2020-01-03 09:49:14,N,AAPL,299.82,5.0,299.86,2.0,3.0,0.0,2020-01-03 09:49:14.153716,299.86,299.9,0
2020-01-03 09:49:15,N,AAPL,299.86,2.0,299.9,2.0,-2.0,0.0,2020-01-03 09:49:15.312591,299.87,299.91,0
2020-01-03 09:49:17,N,AAPL,299.87,1.0,299.91,4.0,-4.0,3.0,2020-01-03 09:49:17.296497,299.87,299.89,0
2020-01-03 09:49:18,N,AAPL,299.87,1.0,299.89,4.0,-4.0,2.0,2020-01-03 09:49:18.916365,299.87,299.9,0
2020-01-03 09:49:19,N,AAPL,299.87,4.0,299.9,2.0,-1.0,-2.0,2020-01-03 09:49:19.734614,299.87,299.91,0
2020-01-03 09:49:20,N,AAPL,299.87,4.0,299.91,2.0,2.0,0.0,2020-01-03 09:49:20.239898,299.89,299.92,0
2020-01-03 09:49:21,N,AAPL,299.89,2.0,299.92,1.0,0.0,-1.0,2020-01-03 09:49:21.981627,299.89,299.92,0
2020-01-03 09:49:22,N,AAPL,299.89,2.0,299.92,2.0,0.0,1.0,2020-01-03 09:49:22.580400,299.89,299.92,0
2020-01-03 09:49:23,N,AAPL,299.89,3.0,299.92,1.0,1.0,-1.0,2020-01-03 09:49:23.945342,299.9,299.93,0
2020-01-03 09:49:24,N,AAPL,299.9,4.0,299.93,1.0,2.0,0.0,2020-01-03 09:49:24.074766,299.93,299.95,0
2020-01-03 09:49:25,N,AAPL,299.93,1.0,299.95,1.0,-3.0,0.0,2020-01-03 09:49:25.155537,299.94,299.96,0
2020-01-03 09:49:26,N,AAPL,299.94,2.0,299.96,1.0,0.0,0.0,2020-01-03 09:49:26.677327,299.94,299.97,0
2020-01-03 09:49:27,N,AAPL,299.94,2.0,299.97,4.0,0.0,3.0,2020-01-03 09:49:27.979064,299.94,299.97,0
2020-01-03 09:49:28,N,AAPL,299.94,2.0,299.97,4.0,0.0,1.0,2020-01-03 09:49:28.155874,299.96,299.98,0
2020-01-03 09:49:30,N,AAPL,299.96,2.0,299.98,2.0,1.0,-2.0,2020-01-03 09:49:30.934185,299.96,299.98,0
2020-01-03 09:49:31,N,AAPL,299.96,1.0,299.98,4.0,-2.0,2.0,2020-01-03 09:49:31.446351,299.9,299.92,-1
2020-01-03 09:49:33,N,AAPL,299.9,1.0,299.92,4.0,-1.0,2.0,2020-01-03 09:49:33.013477,299.87,299.91,0
2020-01-03 09:49:34,N,AAPL,299.87,1.0,299.91,4.0,0.0,2.0,2020-01-03 09:49:34.018512,299.82,299.86,-1
2020-01-03 09:49:35,N,AAPL,299.82,2.0,299.86,2.0,1.0,-2.0,2020-01-03 09:49:35.065184,299.87,299.91,1
2020-01-03 09:49:36,N,AAPL,299.87,3.0,299.91,2.0,1.0,1.0,2020-01-03 09:49:36.043209,299.95,299.98,1
2020-01-03 09:49:38,N,AAPL,299.95,3.0,299.98,4.0,0.0,2.0,2020-01-03 09:49:38.341966,299.95,299.98,0
2020-01-03 09:49:41,N,AAPL,299.95,1.0,299.98,4.0,0.0,0.0,2020-01-03 09:49:41.055002,299.97,299.99,0
2020-01-03 09:49:43,N,AAPL,299.97,2.0,299.99,4.0,0.0,0.0,2020-01-03 09:49:43.709728,300.01,300.03,1
2020-01-03 09:49:44,N,AAPL,300.01,4.0,300.03,2.0,2.0,-3.0,2020-01-03 09:49:44.327327,299.99,300.03,0
2020-01-03 09:49:45,N,AAPL,299.99,2.0,300.03,4.0,0.0,2.0,2020-01-03 09:49:45.326118,299.98,300.0,0
2020-01-03 09:49:46,N,AAPL,299.98,1.0,300.0,3.0,-1.0,2.0,2020-01-03 09:49:46.122562,299.98,300.02,0
2020-01-03 09:49:47,N,AAPL,299.98,1.0,300.02,3.0,0.0,1.0,2020-01-03 09:49:47.066886,299.91,299.94,-1
2020-01-03 09:49:48,N,AAPL,299.91,2.0,299.94,1.0,1.0,0.0,2020-01-03 09:49:48.358093,299.89,299.91,0
2020-01-03 09:49:49,N,AAPL,299.89,1.0,299.91,1.0,-1.0,0.0,2020-01-03 09:49:49.330957,299.94,299.98,1
2020-01-03 09:49:50,N,AAPL,299.94,1.0,299.98,1.0,-3.0,-1.0,2020-01-03 09:49:50.151835,299.9,299.93,-1
2020-01-03 09:49:52,N,AAPL,299.9,2.0,299.93,8.0,1.0,6.0,2020-01-03 09:49:52.623010,299.87,299.89,-1
2020-01-03 09:49:53,N,AAPL,299.87,4.0,299.89,4.0,3.0,2.0,2020-01-03 09:49:53.211494,299.86,299.87,0
2020-01-03 09:49:54,N,AAPL,299.86,4.0,299.87,4.0,0.0,0.0,2020-01-03 09:49:54.167167,299.81,299.84,-1
2020-01-03 09:49:55,N,AAPL,299.81,4.0,299.84,2.0,1.0,-1.0,2020-01-03 09:49:55.013456,299.8,299.84,0
2020-01-03 09:49:57,N,AAPL,299.8,3.0,299.84,4.0,0.0,2.0,2020-01-03 09:49:57.391211,299.77,299.79,-1
2020-01-03 09:49:58,N,AAPL,299.77,1.0,299.79,1.0,0.0,-1.0,2020-01-03 09:49:58.125908,299.82,299.84,1
2020-01-03 09:49:59,N,AAPL,299.82,4.0,299.84,1.0,2.0,-3.0,2020-01-03 09:49:59.830977,299.8,299.83,0
2020-01-03 09:50:01,N,AAPL,299.8,3.0,299.83,2.0,-1.0,1.0,2020-01-03 09:50:01.324424,299.8,299.82,0
2020-01-03 09:50:03,N,AAPL,299.8,2.0,299.82,3.0,0.0,0.0,2020-01-03 09:50:03.392541,299.77,299.81,0
2020-01-03 09:50:04,N,AAPL,299.77,1.0,299.81,1.0,-1.0,0.0,2020-01-03 09:50:04.109581,299.7,299.74,-1
2020-01-03 09:50:05,N,AAPL,299.7,1.0,299.74,3.0,-1.0,0.0,2020-01-03 09:50:05.307588,299.66,299.7,0
2020-01-03 09:50:06,N,AAPL,299.66,1.0,299.7,3.0,0.0,0.0,2020-01-03 09:50:06.000920,299.67,299.71,0
2020-01-03 09:50:07,N,AAPL,299.67,3.0,299.71,1.0,0.0,-3.0,2020-01-03 09:50:07.007225,299.71,299.72,0
2020-01-03 09:50:08,N,AAPL,299.71,1.0,299.72,1.0,0.0,-1.0,2020-01-03 09:50:08.553627,299.64,299.68,-1
2020-01-03 09:50:09,N,AAPL,299.64,3.0,299.68,1.0,1.0,-3.0,2020-01-03 09:50:09.000573,299.67,299.71,0
2020-01-03 09:50:10,N,AAPL,299.67,2.0,299.71,2.0,0.0,-2.0,2020-01-03 09:50:10.064750,299.7,299.73,0
2020-01-03 09:50:11,N,AAPL,299.7,1.0,299.73,2.0,-2.0,1.0,2020-01-03 09:50:11.608830,299.73,299.76,0
2020-01-03 09:50:12,N,AAPL,299.73,4.0,299.76,2.0,3.0,-1.0,2020-01-03 09:50:12.542547,299.73,299.75,0
2020-01-03 09:50:13,N,AAPL,299.73,4.0,299.75,1.0,2.0,-1.0,2020-01-03 09:50:13.798793,299.77,299.79,1
2020-01-03 09:50:14,N,AAPL,299.77,4.0,299.79,1.0,1.0,0.0,2020-01-03 09:50:14.267313,299.78,299.82,0
2020-01-03 09:50:15,N,AAPL,299.78,4.0,299.82,2.0,2.0,0.0,2020-01-03 09:50:15.205032,299.8,299.83,0
2020-01-03 09:50:16,N,AAPL,299.8,4.0,299.83,1.0,2.0,0.0,2020-01-03 09:50:16.301288,299.84,299.89,1
2020-01-03 09:50:17,N,AAPL,299.84,4.0,299.89,2.0,2.0,0.0,2020-01-03 09:50:17.009033,299.84,299.89,0
2020-01-03 09:50:18,N,AAPL,299.84,4.0,299.89,4.0,0.0,2.0,2020-01-03 09:50:18.210435,299.86,299.89,0
2020-01-03 09:50:19,N,AAPL,299.86,1.0,299.89,3.0,-2.0,1.0,2020-01-03 09:50:19.646188,299.84,299.86,0
2020-01-03 09:50:21,N,AAPL,299.84,2.0,299.86,2.0,1.0,-1.0,2020-01-03 09:50:21.176092,299.79,299.82,-1
2020-01-03 09:50:22,N,AAPL,299.79,2.0,299.82,2.0,-1.0,0.0,2020-01-03 09:50:22.431056,299.78,299.82,0
2020-01-03 09:50:23,N,AAPL,299.78,2.0,299.82,1.0,1.0,-1.0,2020-01-03 09:50:23.097847,299.74,299.77,-1
2020-01-03 09:50:24,N,AAPL,299.74,1.0,299.77,2.0,0.0,1.0,2020-01-03 09:50:24.272376,299.75,299.78,0
2020-01-03 09:50:25,N,AAPL,299.75,4.0,299.78,2.0,3.0,0.0,2020-01-03 09:50:25.011595,299.74,299.78,0
2020-01-03 09:50:26,N,AAPL,299.74,2.0,299.78,3.0,1.0,2.0,2020-01-03 09:50:26.411202,299.77,299.8,0
2020-01-03 09:50:28,N,AAPL,299.77,2.0,299.8,2.0,0.0,-1.0,2020-01-03 09:50:28.192141,299.75,299.78,0
2020-01-03 09:50:29,N,AAPL,299.75,1.0,299.78,4.0,-1.0,2.0,2020-01-03 09:50:29.145177,299.74,299.76,0
2020-01-03 09:50:30,N,AAPL,299.74,2.0,299.76,4.0,1.0,0.0,2020-01-03 09:50:30.177331,299.72,299.75,0
2020-01-03 09:50:31,N,AAPL,299.72,2.0,299.75,1.0,1.0,-2.0,2020-01-03 09:50:31.506225,299.71,299.72,0
2020-01-03 09:50:37,N,AAPL,299.71,1.0,299.72,2.0,-1.0,1.0,2020-01-03 09:50:37.556709,299.68,299.69,-1
2020-01-03 09:50:38,N,AAPL,299.68,2.0,299.69,8.0,-1.0,6.0,2020-01-03 09:50:38.489034,299.63,299.65,-1
2020-01-03 09:50:39,N,AAPL,299.63,1.0,299.65,4.0,-2.0,3.0,2020-01-03 09:50:39.175573,299.62,299.64,0
2020-01-03 09:50:43,N,AAPL,299.62,1.0,299.64,2.0,0.0,-1.0,2020-01-03 09:50:43.237307,299.58,299.59,-1
2020-01-03 09:50:44,N,AAPL,299.58,1.0,299.59,4.0,0.0,2.0,2020-01-03 09:50:44.007494,299.6,299.6,1
2020-01-03 09:50:45,N,AAPL,299.6,1.0,299.6,1.0,0.0,-4.0,2020-01-03 09:50:45.153612,299.64,299.66,1
2020-01-03 09:50:46,N,AAPL,299.64,3.0,299.66,2.0,0.0,-4.0,2020-01-03 09:50:46.292459,299.68,299.7,1
2020-01-03 09:50:47,N,AAPL,299.68,3.0,299.7,1.0,0.0,-1.0,2020-01-03 09:50:47.085994,299.67,299.7,0
2020-01-03 09:50:48,N,AAPL,299.67,2.0,299.7,2.0,0.0,0.0,2020-01-03 09:50:48.084177,299.62,299.67,0
2020-01-03 09:50:49,N,AAPL,299.62,4.0,299.67,3.0,2.0,1.0,2020-01-03 09:50:49.355115,299.7,299.72,1
2020-01-03 09:50:50,N,AAPL,299.7,2.0,299.72,1.0,0.0,0.0,2020-01-03 09:50:50.063283,299.66,299.67,-1
2020-01-03 09:50:53,N,AAPL,299.66,8.0,299.67,5.0,6.0,1.0,2020-01-03 09:50:53.977211,299.64,299.67,0
2020-01-03 09:50:56,N,AAPL,299.64,4.0,299.67,2.0,2.0,1.0,2020-01-03 09:50:56.093048,299.56,299.59,-1
2020-01-03 09:50:57,N,AAPL,299.56,2.0,299.59,2.0,1.0,-3.0,2020-01-03 09:50:57.186393,299.54,299.58,0
2020-01-03 09:50:58,N,AAPL,299.54,2.0,299.58,2.0,1.0,-1.0,2020-01-03 09:50:58.402166,299.57,299.59,0
2020-01-03 09:50:59,N,AAPL,299.57,1.0,299.59,2.0,0.0,0.0,2020-01-03 09:50:59.601636,299.58,299.61,0
