last_interval,Exchange,Symbol,Best_Bid_Price,FB0,Best_Offer_Price,FA0,FB2,FA2,p_time,Next_Best_Bid,Next_Best_Offer,outcome
2020-01-02 09:30:05,N,AAPL,296.14,4.0,296.19,4.0,2.0,2.0,2020-01-02 09:30:05.489204,296.03,296.07,-1
2020-01-02 09:30:06,N,AAPL,296.03,1.0,296.07,4.0,0.0,2.0,2020-01-02 09:30:06.278858,295.65,295.74,-1
2020-01-02 09:30:14,N,AAPL,295.65,6.0,295.74,1.0,5.0,-3.0,2020-01-02 09:30:14.710996,295.52,295.63,-1
2020-01-02 09:30:17,N,AAPL,295.52,3.0,295.63,1.0,2.0,0.0,2020-01-02 09:30:17.317319,295.54,295.68,0
2020-01-02 09:30:28,N,AAPL,295.54,2.0,295.68,1.0,-1.0,0.0,2020-01-02 09:30:28.784184,295.62,295.69,0
2020-01-02 09:30:29,N,AAPL,295.62,1.0,295.69,2.0,0.0,1.0,2020-01-02 09:30:29.169562,295.67,295.79,0
2020-01-02 09:30:34,N,AAPL,295.67,2.0,295.79,1.0,0.0,0.0,2020-01-02 09:30:34.896431,295.71,295.82,0
2020-01-02 09:30:35,N,AAPL,295.71,1.0,295.82,2.0,0.0,0.0,2020-01-02 09:30:35.039662,295.78,295.86,0
2020-01-02 09:30:36,N,AAPL,295.78,2.0,295.86,2.0,1.0,-2.0,2020-01-02 09:30:36.001904,295.75,295.82,0
2020-01-02 09:30:39,N,AAPL,295.75,2.0,295.82,4.0,-1.0,3.0,2020-01-02 09:30:39.045859,295.73,295.76,0
2020-01-02 09:30:42,N,AAPL,295.73,1.0,295.76,2.0,-1.0,-2.0,2020-01-02 09:30:42.022349,295.75,295.81,0
2020-01-02 09:30:43,N,AAPL,295.75,1.0,295.81,7.0,0.0,5.0,2020-01-02 09:30:43.021394,295.76,295.8,0
2020-01-02 09:30:45,N,AAPL,295.76,3.0,295.8,2.0,1.0,1.0,2020-01-02 09:30:45.339249,295.74,295.8,0
2020-01-02 09:30:46,N,AAPL,295.74,1.0,295.8,4.0,0.0,-33.0,2020-01-02 09:30:46.034987,295.77,295.81,0
2020-01-02 09:30:47,N,AAPL,295.77,3.0,295.81,6.0,-2.0,-31.0,2020-01-02 09:30:47.290570,295.86,295.92,1
2020-01-02 09:30:48,N,AAPL,295.86,2.0,295.92,1.0,1.0,-2.0,2020-01-02 09:30:48.601657,295.81,295.87,0
2020-01-02 09:30:49,N,AAPL,295.81,2.0,295.87,3.0,1.0,2.0,2020-01-02 09:30:49.210460,295.84,295.9,0
2020-01-02 09:30:50,N,AAPL,295.84,2.0,295.9,1.0,1.0,0.0,2020-01-02 09:30:50.039620,295.83,295.91,0
2020-01-02 09:30:51,N,AAPL,295.83,11.0,295.91,4.0,5.0,3.0,2020-01-02 09:30:51.831976,295.83,295.91,0
2020-01-02 09:30:52,N,AAPL,295.83,11.0,295.91,1.0,0.0,-1.0,2020-01-02 09:30:52.212856,295.88,295.92,0
2020-01-02 09:30:53,N,AAPL,295.88,2.0,295.92,1.0,-9.0,0.0,2020-01-02 09:30:53.519973,295.82,295.87,-1
2020-01-02 09:30:55,N,AAPL,295.82,2.0,295.87,2.0,0.0,1.0,2020-01-02 09:30:55.832868,295.74,295.81,-1
2020-01-02 09:30:57,N,AAPL,295.74,2.0,295.81,3.0,1.0,2.0,2020-01-02 09:30:57.493968,295.74,295.8,0
2020-01-02 09:30:59,N,AAPL,295.74,2.0,295.8,1.0,0.0,-1.0,2020-01-02 09:30:59.367432,295.7,295.75,0
2020-01-02 09:31:00,N,AAPL,295.7,1.0,295.75,2.0,0.0,0.0,2020-01-02 09:31:00.012426,295.63,295.72,0
2020-01-02 09:31:01,N,AAPL,295.63,6.0,295.72,2.0,4.0,0.0,2020-01-02 09:31:01.328937,295.69,295.75,0
2020-01-02 09:31:02,N,AAPL,295.69,2.0,295.75,2.0,-1.0,0.0,2020-01-02 09:31:02.497931,295.69,295.76,0
2020-01-02 09:31:03,N,AAPL,295.69,10.0,295.76,3.0,7.0,2.0,2020-01-02 09:31:03.258547,295.67,295.71,0
2020-01-02 09:31:04,N,AAPL,295.67,2.0,295.71,2.0,-8.0,-1.0,2020-01-02 09:31:04.184381,295.64,295.73,0
2020-01-02 09:31:05,N,AAPL,295.64,3.0,295.73,1.0,0.0,-1.0,2020-01-02 09:31:05.029024,295.66,295.71,0
2020-01-02 09:31:06,N,AAPL,295.66,1.0,295.71,1.0,0.0,0.0,2020-01-02 09:31:06.134486,295.7,295.74,0
2020-01-02 09:31:07,N,AAPL,295.7,1.0,295.74,2.0,0.0,1.0,2020-01-02 09:31:07.073901,295.74,295.79,0
2020-01-02 09:31:08,N,AAPL,295.74,1.0,295.79,1.0,0.0,0.0,2020-01-02 09:31:08.074821,295.8,295.86,1
2020-01-02 09:31:09,N,AAPL,295.8,1.0,295.86,2.0,-1.0,1.0,2020-01-02 09:31:09.092888,295.89,295.94,1
2020-01-02 09:31:10,N,AAPL,295.89,2.0,295.94,5.0,0.0,3.0,2020-01-02 09:31:10.684075,295.85,295.89,0
2020-01-02 09:31:11,N,AAPL,295.85,1.0,295.89,4.0,-1.0,-3.0,2020-01-02 09:31:11.900925,295.83,295.87,0
2020-01-02 09:31:14,N,AAPL,295.83,3.0,295.87,1.0,2.0,-1.0,2020-01-02 09:31:14.253478,295.76,295.82,-1
2020-01-02 09:31:15,N,AAPL,295.76,6.0,295.82,3.0,5.0,0.0,2020-01-02 09:31:15.264478,295.78,295.84,0
2020-01-02 09:31:16,N,AAPL,295.78,1.0,295.84,5.0,-1.0,4.0,2020-01-02 09:31:16.196505,295.72,295.75,-1
2020-01-02 09:31:18,N,AAPL,295.72,7.0,295.75,2.0,6.0,0.0,2020-01-02 09:31:18.166764,295.67,295.73,0
2020-01-02 09:31:19,N,AAPL,295.67,1.0,295.73,2.0,0.0,0.0,2020-01-02 09:31:19.057134,295.71,295.75,0
2020-01-02 09:31:20,N,AAPL,295.71,2.0,295.75,2.0,1.0,0.0,2020-01-02 09:31:20.878410,295.72,295.77,0
2020-01-02 09:31:21,N,AAPL,295.72,1.0,295.77,2.0,-1.0,1.0,2020-01-02 09:31:21.052979,295.77,295.82,0
2020-01-02 09:31:22,N,AAPL,295.77,4.0,295.82,9.0,2.0,7.0,2020-01-02 09:31:22.337638,295.75,295.79,0
2020-01-02 09:31:23,N,AAPL,295.75,4.0,295.79,1.0,1.0,0.0,2020-01-02 09:31:23.223947,295.75,295.82,0
2020-01-02 09:31:24,N,AAPL,295.75,4.0,295.82,28.0,1.0,27.0,2020-01-02 09:31:24.031168,295.76,295.82,0
2020-01-02 09:31:25,N,AAPL,295.76,2.0,295.82,3.0,-2.0,1.0,2020-01-02 09:31:25.388111,295.76,295.8,0
2020-01-02 09:31:26,N,AAPL,295.76,2.0,295.8,2.0,0.0,0.0,2020-01-02 09:31:26.762409,295.75,295.79,0
2020-01-02 09:31:27,N,AAPL,295.75,4.0,295.79,1.0,0.0,-1.0,2020-01-02 09:31:27.000006,295.67,295.73,-1
2020-01-02 09:31:28,N,AAPL,295.67,2.0,295.73,2.0,0.0,1.0,2020-01-02 09:31:28.782832,295.62,295.67,0
2020-01-02 09:31:29,N,AAPL,295.62,2.0,295.67,1.0,0.0,-1.0,2020-01-02 09:31:29.309442,295.59,295.62,0
2020-01-02 09:31:31,N,AAPL,295.59,2.0,295.62,2.0,-1.0,0.0,2020-01-02 09:31:31.090720,295.53,295.59,0
2020-01-02 09:31:32,N,AAPL,295.53,3.0,295.59,3.0,2.0,1.0,2020-01-02 09:31:32.040411,295.52,295.59,0
2020-01-02 09:31:33,N,AAPL,295.52,4.0,295.59,5.0,2.0,3.0,2020-01-02 09:31:33.176218,295.49,295.53,0
2020-01-02 09:31:34,N,AAPL,295.49,2.0,295.53,1.0,-2.0,-4.0,2020-01-02 09:31:34.562323,295.39,295.43,-1
2020-01-02 09:31:35,N,AAPL,295.39,1.0,295.43,2.0,-1.0,1.0,2020-01-02 09:31:35.248801,295.4,295.46,0
2020-01-02 09:31:36,N,AAPL,295.4,17.0,295.46,1.0,0.0,-3.0,2020-01-02 09:31:36.079270,295.37,295.42,0
2020-01-02 09:31:37,N,AAPL,295.37,3.0,295.42,2.0,1.0,1.0,2020-01-02 09:31:37.682129,295.38,295.42,0
2020-01-02 09:31:38,N,AAPL,295.38,1.0,295.42,2.0,-28.0,-1.0,2020-01-02 09:31:38.683472,295.33,295.36,-1
2020-01-02 09:31:39,N,AAPL,295.33,1.0,295.36,2.0,-2.0,1.0,2020-01-02 09:31:39.283513,295.34,295.39,0
2020-01-02 09:31:40,N,AAPL,295.34,1.0,295.39,3.0,0.0,1.0,2020-01-02 09:31:40.061661,295.38,295.41,0
2020-01-02 09:31:41,N,AAPL,295.38,2.0,295.41,2.0,0.0,1.0,2020-01-02 09:31:41.014659,295.37,295.41,0
2020-01-02 09:31:42,N,AAPL,295.37,10.0,295.41,4.0,8.0,2.0,2020-01-02 09:31:42.074155,295.41,295.45,0
2020-01-02 09:31:43,N,AAPL,295.41,2.0,295.45,4.0,0.0,1.0,2020-01-02 09:31:43.184490,295.43,295.48,0
2020-01-02 09:31:44,N,AAPL,295.43,3.0,295.48,1.0,1.0,0.0,2020-01-02 09:31:44.303769,295.35,295.41,-1
2020-01-02 09:31:45,N,AAPL,295.35,2.0,295.41,1.0,0.0,-2.0,2020-01-02 09:31:45.665575,295.37,295.41,0
2020-01-02 09:31:46,N,AAPL,295.37,1.0,295.41,2.0,0.0,0.0,2020-01-02 09:31:46.715349,295.39,295.44,0
2020-01-02 09:31:47,N,AAPL,295.39,1.0,295.44,4.0,-1.0,2.0,2020-01-02 09:31:47.528316,295.35,295.42,0
2020-01-02 09:31:48,N,AAPL,295.35,1.0,295.42,1.0,-3.0,-1.0,2020-01-02 09:31:48.359844,295.38,295.43,0
2020-01-02 09:31:49,N,AAPL,295.38,6.0,295.43,1.0,4.0,-1.0,2020-01-02 09:31:49.074231,295.44,295.49,1
2020-01-02 09:31:50,N,AAPL,295.44,2.0,295.49,4.0,0.0,2.0,2020-01-02 09:31:50.338615,295.51,295.56,1
2020-01-02 09:31:51,N,AAPL,295.51,2.0,295.56,2.0,0.0,0.0,2020-01-02 09:31:51.029114,295.49,295.53,0
2020-01-02 09:31:53,N,AAPL,295.49,2.0,295.53,2.0,0.0,0.0,2020-01-02 09:31:53.132260,295.48,295.52,0
2020-01-02 09:31:54,N,AAPL,295.48,4.0,295.52,1.0,3.0,-1.0,2020-01-02 09:31:54.409972,295.48,295.52,0
2020-01-02 09:31:55,N,AAPL,295.48,1.0,295.52,4.0,0.0,2.0,2020-01-02 09:31:55.113309,295.48,295.53,0
2020-01-02 09:31:56,N,AAPL,295.48,2.0,295.53,1.0,1.0,-1.0,2020-01-02 09:31:56.188922,295.5,295.53,0
2020-01-02 09:31:57,N,AAPL,295.5,2.0,295.53,2.0,0.0,0.0,2020-01-02 09:31:57.274988,295.48,295.53,0
2020-01-02 09:31:58,N,AAPL,295.48,1.0,295.53,3.0,-2.0,2.0,2020-01-02 09:31:58.268544,295.49,295.53,0
2020-01-02 09:31:59,N,AAPL,295.49,3.0,295.53,2.0,1.0,1.0,2020-01-02 09:31:59.193104,295.49,295.52,0
2020-01-02 09:32:00,N,AAPL,295.49,3.0,295.52,4.0,0.0,3.0,2020-01-02 09:32:00.020308,295.45,295.5,0
2020-01-02 09:32:01,N,AAPL,295.45,1.0,295.5,3.0,-1.0,1.0,2020-01-02 09:32:01.020332,295.41,295.49,0
2020-01-02 09:32:02,N,AAPL,295.41,2.0,295.49,2.0,-1.0,0.0,2020-01-02 09:32:02.060306,295.4,295.43,0
2020-01-02 09:32:03,N,AAPL,295.4,1.0,295.43,1.0,-3.0,0.0,2020-01-02 09:32:03.545316,295.4,295.46,0
2020-01-02 09:32:04,N,AAPL,295.4,1.0,295.46,2.0,0.0,0.0,2020-01-02 09:32:04.033828,295.39,295.46,0
2020-01-02 09:32:05,N,AAPL,295.39,4.0,295.46,1.0,2.0,-1.0,2020-01-02 09:32:05.197063,295.44,295.48,0
2020-01-02 09:32:06,N,AAPL,295.44,2.0,295.48,17.0,-2.0,16.0,2020-01-02 09:32:06.080817,295.48,295.5,0
2020-01-02 09:32:07,N,AAPL,295.48,3.0,295.5,1.0,0.0,0.0,2020-01-02 09:32:07.829073,295.45,295.48,0
2020-01-02 09:32:08,N,AAPL,295.45,4.0,295.48,1.0,-3.0,-1.0,2020-01-02 09:32:08.293452,295.42,295.49,0
2020-01-02 09:32:09,N,AAPL,295.42,3.0,295.49,2.0,0.0,-1.0,2020-01-02 09:32:09.007555,295.39,295.44,0
2020-01-02 09:32:10,N,AAPL,295.39,2.0,295.44,3.0,1.0,1.0,2020-01-02 09:32:10.058697,295.38,295.47,0
2020-01-02 09:32:11,N,AAPL,295.38,2.0,295.47,1.0,0.0,-3.0,2020-01-02 09:32:11.071946,295.38,295.46,0
2020-01-02 09:32:12,N,AAPL,295.38,2.0,295.46,2.0,0.0,0.0,2020-01-02 09:32:12.115836,295.3,295.34,-1
2020-01-02 09:32:13,N,AAPL,295.3,8.0,295.34,4.0,7.0,1.0,2020-01-02 09:32:13.186878,295.27,295.34,0
2020-01-02 09:32:14,N,AAPL,295.27,2.0,295.34,4.0,0.0,3.0,2020-01-02 09:32:14.312928,295.22,295.25,-1
2020-01-02 09:32:16,N,AAPL,295.22,2.0,295.25,1.0,-4.0,0.0,2020-01-02 09:32:16.006946,295.22,295.28,0
2020-01-02 09:32:17,N,AAPL,295.22,4.0,295.28,4.0,2.0,3.0,2020-01-02 09:32:17.544612,295.24,295.3,0
2020-01-02 09:32:18,N,AAPL,295.24,5.0,295.3,2.0,3.0,-3.0,2020-01-02 09:32:18.391228,295.27,295.31,0
2020-01-02 09:32:19,N,AAPL,295.27,2.0,295.31,1.0,0.0,0.0,2020-01-02 09:32:19.215015,295.23,295.28,0
2020-01-02 09:32:20,N,AAPL,295.23,3.0,295.28,2.0,-1.0,-2.0,2020-01-02 09:32:20.238774,295.22,295.26,0
2020-01-02 09:32:21,N,AAPL,295.22,2.0,295.26,2.0,-1.0,-1.0,2020-01-02 09:32:21.072314,295.2,295.26,0
2020-01-02 09:32:22,N,AAPL,295.2,1.0,295.26,3.0,0.0,2.0,2020-01-02 09:32:22.412379,295.2,295.23,0
2020-01-02 09:32:23,N,AAPL,295.2,1.0,295.23,2.0,0.0,-1.0,2020-01-02 09:32:23.150850,295.28,295.32,1
2020-01-02 09:32:25,N,AAPL,295.28,1.0,295.32,3.0,0.0,2.0,2020-01-02 09:32:25.038723,295.35,295.42,1
2020-01-02 09:32:26,N,AAPL,295.35,2.0,295.42,1.0,0.0,-4.0,2020-01-02 09:32:26.081334,295.32,295.42,0
2020-01-02 09:32:27,N,AAPL,295.32,2.0,295.42,2.0,-4.0,1.0,2020-01-02 09:32:27.228873,295.38,295.41,0
2020-01-02 09:32:29,N,AAPL,295.38,1.0,295.41,1.0,-1.0,-3.0,2020-01-02 09:32:29.181923,295.37,295.43,0
2020-01-02 09:32:30,N,AAPL,295.37,2.0,295.43,2.0,0.0,-3.0,2020-01-02 09:32:30.116562,295.38,295.42,0
2020-01-02 09:32:33,N,AAPL,295.38,3.0,295.42,4.0,1.0,2.0,2020-01-02 09:32:33.310386,295.43,295.46,1
2020-01-02 09:32:34,N,AAPL,295.43,1.0,295.46,1.0,-2.0,0.0,2020-01-02 09:32:34.165576,295.48,295.54,1
2020-01-02 09:32:35,N,AAPL,295.48,5.0,295.54,1.0,3.0,0.0,2020-01-02 09:32:35.217182,295.5,295.57,0
2020-01-02 09:32:37,N,AAPL,295.5,4.0,295.57,3.0,3.0,2.0,2020-01-02 09:32:37.025767,295.6,295.66,1
2020-01-02 09:32:38,N,AAPL,295.6,2.0,295.66,1.0,0.0,0.0,2020-01-02 09:32:38.167976,295.64,295.68,0
2020-01-02 09:32:39,N,AAPL,295.64,2.0,295.68,1.0,0.0,0.0,2020-01-02 09:32:39.419383,295.63,295.69,0
2020-01-02 09:32:40,N,AAPL,295.63,3.0,295.69,1.0,-4.0,0.0,2020-01-02 09:32:40.781249,295.66,295.69,0
2020-01-02 09:32:41,N,AAPL,295.66,2.0,295.69,1.0,-1.0,0.0,2020-01-02 09:32:41.071366,295.63,295.67,0
2020-01-02 09:32:42,N,AAPL,295.63,1.0,295.67,2.0,-1.0,1.0,2020-01-02 09:32:42.903648,295.63,295.67,0
2020-01-02 09:32:43,N,AAPL,295.63,1.0,295.67,1.0,0.0,-2.0,2020-01-02 09:32:43.087403,295.6,295.67,0
2020-01-02 09:32:44,N,AAPL,295.6,10.0,295.67,2.0,9.0,-1.0,2020-01-02 09:32:44.038067,295.51,295.59,-1
2020-01-02 09:32:45,N,AAPL,295.51,2.0,295.59,2.0,0.0,-1.0,2020-01-02 09:32:45.192083,295.52,295.58,0
2020-01-02 09:32:46,N,AAPL,295.52,1.0,295.58,4.0,-1.0,2.0,2020-01-02 09:32:46.011433,295.55,295.59,0
2020-01-02 09:32:48,N,AAPL,295.55,4.0,295.59,1.0,-1.0,0.0,2020-01-02 09:32:48.726735,295.63,295.66,1
2020-01-02 09:32:49,N,AAPL,295.63,2.0,295.66,1.0,1.0,0.0,2020-01-02 09:32:49.591903,295.63,295.69,0
2020-01-02 09:32:50,N,AAPL,295.63,2.0,295.69,4.0,0.0,3.0,2020-01-02 09:32:50.010892,295.74,295.79,1
2020-01-02 09:32:51,N,AAPL,295.74,2.0,295.79,2.0,0.0,1.0,2020-01-02 09:32:51.206774,295.73,295.78,0
2020-01-02 09:32:55,N,AAPL,295.73,2.0,295.78,2.0,0.0,-1.0,2020-01-02 09:32:55.891231,295.71,295.76,0
2020-01-02 09:32:56,N,AAPL,295.71,5.0,295.76,5.0,1.0,3.0,2020-01-02 09:32:56.964539,295.71,295.76,0
2020-01-02 09:32:57,N,AAPL,295.71,5.0,295.76,2.0,0.0,-2.0,2020-01-02 09:32:57.027006,295.67,295.72,0
2020-01-02 09:32:58,N,AAPL,295.67,2.0,295.72,2.0,0.0,1.0,2020-01-02 09:32:58.057246,295.64,295.73,0
2020-01-02 09:32:59,N,AAPL,295.64,4.0,295.73,2.0,3.0,0.0,2020-01-02 09:32:59.048216,295.67,295.72,0
2020-01-02 09:33:00,N,AAPL,295.67,1.0,295.72,4.0,-3.0,3.0,2020-01-02 09:33:00.000573,295.69,295.74,0
2020-01-02 09:33:01,N,AAPL,295.69,1.0,295.74,3.0,0.0,2.0,2020-01-02 09:33:01.051560,295.76,295.8,1
2020-01-02 09:33:04,N,AAPL,295.76,3.0,295.8,3.0,1.0,1.0,2020-01-02 09:33:04.162765,295.82,295.87,1
2020-01-02 09:33:05,N,AAPL,295.82,3.0,295.87,1.0,0.0,-1.0,2020-01-02 09:33:05.077590,295.82,295.88,0
2020-01-02 09:33:06,N,AAPL,295.82,12.0,295.88,4.0,6.0,3.0,2020-01-02 09:33:06.532464,295.87,295.93,0
2020-01-02 09:33:07,N,AAPL,295.87,1.0,295.93,2.0,-11.0,0.0,2020-01-02 09:33:07.073372,295.86,295.93,0
2020-01-02 09:33:08,N,AAPL,295.86,10.0,295.93,3.0,6.0,2.0,2020-01-02 09:33:08.350740,295.9,295.93,0
2020-01-02 09:33:10,N,AAPL,295.9,1.0,295.93,1.0,-9.0,0.0,2020-01-02 09:33:10.402317,295.9,295.93,0
2020-01-02 09:33:11,N,AAPL,295.9,4.0,295.93,2.0,3.0,1.0,2020-01-02 09:33:11.014742,295.97,295.99,1
2020-01-02 09:33:12,N,AAPL,295.97,2.0,295.99,1.0,0.0,0.0,2020-01-02 09:33:12.710558,295.99,296.03,0
2020-01-02 09:33:14,N,AAPL,295.99,2.0,296.03,2.0,-2.0,1.0,2020-01-02 09:33:14.693135,295.98,296.0,0
2020-01-02 09:33:15,N,AAPL,295.98,4.0,296.0,21.0,2.0,19.0,2020-01-02 09:33:15.013814,296.07,296.11,1
2020-01-02 09:33:16,N,AAPL,296.07,2.0,296.11,1.0,1.0,0.0,2020-01-02 09:33:16.299696,296.07,296.12,0
2020-01-02 09:33:17,N,AAPL,296.07,4.0,296.12,2.0,2.0,1.0,2020-01-02 09:33:17.347185,296.11,296.16,0
2020-01-02 09:33:18,N,AAPL,296.11,4.0,296.16,1.0,0.0,0.0,2020-01-02 09:33:18.008255,296.14,296.19,0
2020-01-02 09:33:19,N,AAPL,296.14,2.0,296.19,1.0,-2.0,0.0,2020-01-02 09:33:19.263065,296.13,296.17,0
2020-01-02 09:33:20,N,AAPL,296.13,1.0,296.17,1.0,-1.0,-7.0,2020-01-02 09:33:20.353424,296.18,296.25,1
2020-01-02 09:33:21,N,AAPL,296.18,1.0,296.25,2.0,-2.0,1.0,2020-01-02 09:33:21.089381,296.22,296.26,0
2020-01-02 09:33:22,N,AAPL,296.22,2.0,296.26,2.0,0.0,1.0,2020-01-02 09:33:22.350288,296.24,296.28,0
2020-01-02 09:33:23,N,AAPL,296.24,4.0,296.28,1.0,2.0,-3.0,2020-01-02 09:33:23.568805,296.29,296.35,1
2020-01-02 09:33:24,N,AAPL,296.29,4.0,296.35,1.0,2.0,0.0,2020-01-02 09:33:24.270930,296.3,296.35,0
2020-01-02 09:33:25,N,AAPL,296.3,1.0,296.35,1.0,-6.0,0.0,2020-01-02 09:33:25.202383,296.25,296.32,0
2020-01-02 09:33:26,N,AAPL,296.25,6.0,296.32,4.0,4.0,2.0,2020-01-02 09:33:26.434093,296.39,296.45,1
2020-01-02 09:33:27,N,AAPL,296.39,4.0,296.45,4.0,2.0,3.0,2020-01-02 09:33:27.013699,296.41,296.47,0
2020-01-02 09:33:28,N,AAPL,296.41,4.0,296.47,2.0,0.0,1.0,2020-01-02 09:33:28.152062,296.53,296.58,1
2020-01-02 09:33:29,N,AAPL,296.53,2.0,296.58,5.0,0.0,4.0,2020-01-02 09:33:29.426493,296.57,296.64,0
2020-01-02 09:33:31,N,AAPL,296.57,1.0,296.64,2.0,-5.0,1.0,2020-01-02 09:33:31.028697,296.61,296.65,0
2020-01-02 09:33:32,N,AAPL,296.61,1.0,296.65,3.0,0.0,0.0,2020-01-02 09:33:32.181682,296.68,296.72,1
2020-01-02 09:33:33,N,AAPL,296.68,4.0,296.72,4.0,2.0,2.0,2020-01-02 09:33:33.096487,296.68,296.72,0
2020-01-02 09:33:36,N,AAPL,296.68,2.0,296.72,1.0,-3.0,-2.0,2020-01-02 09:33:36.053622,296.72,296.76,0
2020-01-02 09:33:38,N,AAPL,296.72,2.0,296.76,1.0,0.0,-4.0,2020-01-02 09:33:38.020499,296.71,296.76,0
2020-01-02 09:33:40,N,AAPL,296.71,14.0,296.76,1.0,13.0,0.0,2020-01-02 09:33:40.921470,296.7,296.74,0
2020-01-02 09:33:41,N,AAPL,296.7,2.0,296.74,2.0,-12.0,1.0,2020-01-02 09:33:41.692940,296.64,296.68,-1
2020-01-02 09:33:42,N,AAPL,296.64,2.0,296.68,4.0,1.0,3.0,2020-01-02 09:33:42.247574,296.51,296.59,-1
2020-01-02 09:33:43,N,AAPL,296.51,2.0,296.59,2.0,1.0,-2.0,2020-01-02 09:33:43.434077,296.48,296.58,0
2020-01-02 09:33:44,N,AAPL,296.48,2.0,296.58,2.0,0.0,1.0,2020-01-02 09:33:44.053972,296.43,296.47,-1
2020-01-02 09:33:45,N,AAPL,296.43,1.0,296.47,5.0,0.0,2.0,2020-01-02 09:33:45.352473,296.37,296.4,-1
2020-01-02 09:33:46,N,AAPL,296.37,2.0,296.4,1.0,0.0,0.0,2020-01-02 09:33:46.592254,296.41,296.48,1
2020-01-02 09:33:47,N,AAPL,296.41,2.0,296.48,1.0,-1.0,-3.0,2020-01-02 09:33:47.040645,296.48,296.53,0
2020-01-02 09:33:48,N,AAPL,296.48,3.0,296.53,2.0,0.0,1.0,2020-01-02 09:33:48.148554,296.49,296.51,0
2020-01-02 09:33:49,N,AAPL,296.49,2.0,296.51,2.0,-1.0,0.0,2020-01-02 09:33:49.179622,296.55,296.64,1
2020-01-02 09:33:50,N,AAPL,296.55,2.0,296.64,3.0,0.0,1.0,2020-01-02 09:33:50.026532,296.65,296.68,1
2020-01-02 09:33:51,N,AAPL,296.65,2.0,296.68,1.0,0.0,-34.0,2020-01-02 09:33:51.758830,296.64,296.69,0
2020-01-02 09:33:52,N,AAPL,296.64,4.0,296.69,2.0,0.0,1.0,2020-01-02 09:33:52.551294,296.71,296.77,1
2020-01-02 09:33:55,N,AAPL,296.71,2.0,296.77,22.0,-2.0,20.0,2020-01-02 09:33:55.033714,296.69,296.71,0
2020-01-02 09:33:57,N,AAPL,296.69,2.0,296.71,1.0,0.0,-21.0,2020-01-02 09:33:57.442628,296.63,296.66,-1
2020-01-02 09:33:58,N,AAPL,296.63,2.0,296.66,3.0,-2.0,1.0,2020-01-02 09:33:58.589814,296.58,296.61,-1
2020-01-02 09:33:59,N,AAPL,296.58,2.0,296.61,2.0,0.0,-1.0,2020-01-02 09:33:59.103857,296.51,296.55,-1
2020-01-02 09:34:02,N,AAPL,296.51,2.0,296.55,2.0,1.0,1.0,2020-01-02 09:34:02.534603,296.42,296.46,-1
2020-01-02 09:34:03,N,AAPL,296.42,2.0,296.46,2.0,-2.0,0.0,2020-01-02 09:34:03.341944,296.31,296.42,0
2020-01-02 09:34:04,N,AAPL,296.31,2.0,296.42,2.0,0.0,1.0,2020-01-02 09:34:04.053917,296.3,296.35,0
2020-01-02 09:34:05,N,AAPL,296.3,1.0,296.35,1.0,-1.0,-1.0,2020-01-02 09:34:05.064653,296.13,296.22,-1
2020-01-02 09:34:06,N,AAPL,296.13,4.0,296.22,1.0,3.0,0.0,2020-01-02 09:34:06.453889,296.25,296.36,1
2020-01-02 09:34:07,N,AAPL,296.25,5.0,296.36,2.0,3.0,0.0,2020-01-02 09:34:07.294559,296.25,296.36,0
2020-01-02 09:34:08,N,AAPL,296.25,6.0,296.36,1.0,5.0,0.0,2020-01-02 09:34:08.373239,296.37,296.41,1
2020-01-02 09:34:09,N,AAPL,296.37,2.0,296.41,2.0,-4.0,1.0,2020-01-02 09:34:09.201857,296.37,296.43,0
2020-01-02 09:34:10,N,AAPL,296.37,1.0,296.43,2.0,-1.0,1.0,2020-01-02 09:34:10.234914,296.43,296.49,0
2020-01-02 09:34:12,N,AAPL,296.43,2.0,296.49,1.0,1.0,0.0,2020-01-02 09:34:12.754194,296.43,296.5,0
2020-01-02 09:34:13,N,AAPL,296.43,2.0,296.5,2.0,-1.0,0.0,2020-01-02 09:34:13.187828,296.51,296.57,1
2020-01-02 09:34:14,N,AAPL,296.51,1.0,296.57,1.0,0.0,0.0,2020-01-02 09:34:14.060138,296.52,296.57,0
2020-01-02 09:34:15,N,AAPL,296.52,1.0,296.57,2.0,-1.0,1.0,2020-01-02 09:34:15.045963,296.61,296.67,1
2020-01-02 09:34:16,N,AAPL,296.61,2.0,296.67,2.0,1.0,1.0,2020-01-02 09:34:16.266873,296.57,296.64,0
2020-01-02 09:34:17,N,AAPL,296.57,4.0,296.64,2.0,2.0,0.0,2020-01-02 09:34:17.332499,296.6,296.65,0
2020-01-02 09:34:18,N,AAPL,296.6,6.0,296.65,5.0,4.0,4.0,2020-01-02 09:34:18.919070,296.57,296.62,0
2020-01-02 09:34:19,N,AAPL,296.57,4.0,296.62,2.0,-2.0,-3.0,2020-01-02 09:34:19.328532,296.55,296.6,0
2020-01-02 09:34:22,N,AAPL,296.55,5.0,296.6,3.0,4.0,1.0,2020-01-02 09:34:22.295192,296.51,296.58,0
2020-01-02 09:34:23,N,AAPL,296.51,4.0,296.58,2.0,2.0,0.0,2020-01-02 09:34:23.150333,296.52,296.58,0
2020-01-02 09:34:24,N,AAPL,296.52,1.0,296.58,2.0,0.0,1.0,2020-01-02 09:34:24.025346,296.55,296.59,0
2020-01-02 09:34:26,N,AAPL,296.55,2.0,296.59,2.0,1.0,0.0,2020-01-02 09:34:26.311412,296.57,296.63,0
2020-01-02 09:34:27,N,AAPL,296.57,2.0,296.63,1.0,-2.0,-1.0,2020-01-02 09:34:27.217914,296.57,296.62,0
2020-01-02 09:34:28,N,AAPL,296.57,3.0,296.62,1.0,1.0,0.0,2020-01-02 09:34:28.553144,296.54,296.57,0
2020-01-02 09:34:29,N,AAPL,296.54,2.0,296.57,2.0,-1.0,1.0,2020-01-02 09:34:29.645610,296.59,296.64,1
2020-01-02 09:34:31,N,AAPL,296.59,2.0,296.64,1.0,0.0,-1.0,2020-01-02 09:34:31.070006,296.67,296.74,1
2020-01-02 09:34:33,N,AAPL,296.67,2.0,296.74,2.0,-6.0,0.0,2020-01-02 09:34:33.372924,296.73,296.78,0
2020-01-02 09:34:38,N,AAPL,296.73,5.0,296.78,4.0,3.0,2.0,2020-01-02 09:34:38.808504,296.74,296.8,0
2020-01-02 09:34:39,N,AAPL,296.74,3.0,296.8,4.0,-2.0,2.0,2020-01-02 09:34:39.275642,296.76,296.8,0
2020-01-02 09:34:40,N,AAPL,296.76,4.0,296.8,4.0,1.0,0.0,2020-01-02 09:34:40.174488,296.77,296.81,0
2020-01-02 09:34:41,N,AAPL,296.77,2.0,296.81,1.0,0.0,0.0,2020-01-02 09:34:41.280242,296.83,296.88,1
2020-01-02 09:34:44,N,AAPL,296.83,1.0,296.88,2.0,-1.0,1.0,2020-01-02 09:34:44.775149,296.75,296.81,-1
2020-01-02 09:34:47,N,AAPL,296.75,3.0,296.81,3.0,2.0,1.0,2020-01-02 09:34:47.194261,296.74,296.8,0
2020-01-02 09:34:48,N,AAPL,296.74,1.0,296.8,3.0,-3.0,2.0,2020-01-02 09:34:48.752051,296.74,296.8,0
2020-01-02 09:34:49,N,AAPL,296.74,3.0,296.8,1.0,2.0,-2.0,2020-01-02 09:34:49.144549,296.79,296.82,0
2020-01-02 09:34:50,N,AAPL,296.79,3.0,296.82,2.0,0.0,1.0,2020-01-02 09:34:50.465272,296.84,296.88,1
2020-01-02 09:34:51,N,AAPL,296.84,2.0,296.88,2.0,-1.0,0.0,2020-01-02 09:34:51.704996,296.83,296.86,0
2020-01-02 09:34:52,N,AAPL,296.83,3.0,296.86,2.0,1.0,0.0,2020-01-02 09:34:52.827831,296.87,296.9,1
2020-01-02 09:34:53,N,AAPL,296.87,4.0,296.9,2.0,2.0,-1.0,2020-01-02 09:34:53.725313,296.84,296.88,0
2020-01-02 09:34:54,N,AAPL,296.84,6.0,296.88,1.0,3.0,-1.0,2020-01-02 09:34:54.581674,296.87,296.92,0
2020-01-02 09:34:56,N,AAPL,296.87,2.0,296.92,1.0,-4.0,0.0,2020-01-02 09:34:56.657645,296.86,296.89,0
2020-01-02 09:34:58,N,AAPL,296.86,2.0,296.89,2.0,0.0,1.0,2020-01-02 09:34:58.608362,296.88,296.94,0
2020-01-02 09:34:59,N,AAPL,296.88,2.0,296.94,5.0,0.0,4.0,2020-01-02 09:34:59.009572,297.0,297.01,1
2020-01-02 09:35:01,N,AAPL,297.0,3.0,297.01,2.0,1.0,-3.0,2020-01-02 09:35:01.698024,297.1,297.13,1
2020-01-02 09:35:02,N,AAPL,297.1,2.0,297.13,1.0,0.0,0.0,2020-01-02 09:35:02.263174,297.19,297.23,1
2020-01-02 09:35:04,N,AAPL,297.19,2.0,297.23,1.0,1.0,0.0,2020-01-02 09:35:04.688696,297.18,297.23,0
2020-01-02 09:35:05,N,AAPL,297.18,1.0,297.23,3.0,-5.0,2.0,2020-01-02 09:35:05.011078,297.18,297.24,0
2020-01-02 09:35:06,N,AAPL,297.18,4.0,297.24,16.0,-2.0,14.0,2020-01-02 09:35:06.007335,297.25,297.28,1
2020-01-02 09:35:07,N,AAPL,297.25,4.0,297.28,1.0,1.0,-2.0,2020-01-02 09:35:07.816765,297.24,297.29,0
2020-01-02 09:35:08,N,AAPL,297.24,2.0,297.29,3.0,-1.0,2.0,2020-01-02 09:35:08.824878,297.24,297.29,0
2020-01-02 09:35:09,N,AAPL,297.24,4.0,297.29,3.0,2.0,0.0,2020-01-02 09:35:09.073564,297.24,297.26,0
2020-01-02 09:35:10,N,AAPL,297.24,2.0,297.26,2.0,0.0,-1.0,2020-01-02 09:35:10.070153,297.12,297.19,-1
2020-01-02 09:35:11,N,AAPL,297.12,2.0,297.19,2.0,0.0,0.0,2020-01-02 09:35:11.084137,297.13,297.19,0
2020-01-02 09:35:12,N,AAPL,297.13,1.0,297.19,2.0,-1.0,0.0,2020-01-02 09:35:12.032918,297.14,297.19,0
2020-01-02 09:35:13,N,AAPL,297.14,6.0,297.19,2.0,4.0,1.0,2020-01-02 09:35:13.148071,297.13,297.19,0
2020-01-02 09:35:14,N,AAPL,297.13,4.0,297.19,1.0,0.0,0.0,2020-01-02 09:35:14.699143,297.18,297.24,0
2020-01-02 09:35:16,N,AAPL,297.18,2.0,297.24,2.0,0.0,1.0,2020-01-02 09:35:16.250766,297.2,297.24,0
2020-01-02 09:35:18,N,AAPL,297.2,5.0,297.24,2.0,3.0,1.0,2020-01-02 09:35:18.218150,297.21,297.25,0
2020-01-02 09:35:19,N,AAPL,297.21,2.0,297.25,5.0,-3.0,3.0,2020-01-02 09:35:19.067217,297.17,297.22,0
2020-01-02 09:35:21,N,AAPL,297.17,1.0,297.22,2.0,0.0,1.0,2020-01-02 09:35:21.245541,297.23,297.25,1
2020-01-02 09:35:22,N,AAPL,297.23,2.0,297.25,2.0,0.0,1.0,2020-01-02 09:35:22.004421,297.23,297.28,0
2020-01-02 09:35:23,N,AAPL,297.23,2.0,297.28,2.0,0.0,1.0,2020-01-02 09:35:23.582150,297.26,297.29,0
2020-01-02 09:35:24,N,AAPL,297.26,2.0,297.29,2.0,0.0,0.0,2020-01-02 09:35:24.802319,297.24,297.29,0
2020-01-02 09:35:25,N,AAPL,297.24,2.0,297.29,1.0,-2.0,0.0,2020-01-02 09:35:25.115510,297.29,297.31,0
2020-01-02 09:35:26,N,AAPL,297.29,12.0,297.31,2.0,8.0,0.0,2020-01-02 09:35:26.214977,297.24,297.33,0
2020-01-02 09:35:27,N,AAPL,297.24,4.0,297.33,26.0,1.0,22.0,2020-01-02 09:35:27.558340,297.25,297.32,0
2020-01-02 09:35:28,N,AAPL,297.25,2.0,297.32,4.0,0.0,-23.0,2020-01-02 09:35:28.306819,297.31,297.35,0
2020-01-02 09:35:29,N,AAPL,297.31,4.0,297.35,2.0,2.0,1.0,2020-01-02 09:35:29.448085,297.31,297.37,0
2020-01-02 09:35:30,N,AAPL,297.31,2.0,297.37,2.0,0.0,0.0,2020-01-02 09:35:30.093566,297.37,297.41,0
2020-01-02 09:35:31,N,AAPL,297.37,4.0,297.41,1.0,2.0,-1.0,2020-01-02 09:35:31.280397,297.4,297.44,0
2020-01-02 09:35:32,N,AAPL,297.4,3.0,297.44,1.0,1.0,-4.0,2020-01-02 09:35:32.479265,297.33,297.36,-1
2020-01-02 09:35:33,N,AAPL,297.33,1.0,297.36,4.0,-1.0,2.0,2020-01-02 09:35:33.812627,297.3,297.37,0
2020-01-02 09:35:34,N,AAPL,297.3,1.0,297.37,2.0,0.0,-2.0,2020-01-02 09:35:34.023524,297.32,297.37,0
2020-01-02 09:35:36,N,AAPL,297.32,2.0,297.37,1.0,1.0,-1.0,2020-01-02 09:35:36.670723,297.29,297.32,0
2020-01-02 09:35:37,N,AAPL,297.29,1.0,297.32,2.0,-1.0,0.0,2020-01-02 09:35:37.131841,297.31,297.37,0
2020-01-02 09:35:38,N,AAPL,297.31,1.0,297.37,1.0,-1.0,-1.0,2020-01-02 09:35:38.562867,297.17,297.22,-1
2020-01-02 09:35:39,N,AAPL,297.17,1.0,297.22,2.0,0.0,-2.0,2020-01-02 09:35:39.023955,297.17,297.22,0
2020-01-02 09:35:40,N,AAPL,297.17,5.0,297.22,2.0,4.0,0.0,2020-01-02 09:35:40.172932,297.17,297.2,0
2020-01-02 09:35:41,N,AAPL,297.17,3.0,297.2,4.0,-2.0,2.0,2020-01-02 09:35:41.750555,297.05,297.09,-1
2020-01-02 09:35:42,N,AAPL,297.05,2.0,297.09,2.0,1.0,0.0,2020-01-02 09:35:42.086850,297.11,297.14,1
2020-01-02 09:35:43,N,AAPL,297.11,2.0,297.14,2.0,1.0,-1.0,2020-01-02 09:35:43.510412,297.12,297.17,0
2020-01-02 09:35:45,N,AAPL,297.12,2.0,297.17,2.0,0.0,0.0,2020-01-02 09:35:45.056302,297.18,297.23,1
2020-01-02 09:35:46,N,AAPL,297.18,2.0,297.23,2.0,0.0,1.0,2020-01-02 09:35:46.270393,297.2,297.26,0
2020-01-02 09:35:47,N,AAPL,297.2,2.0,297.26,2.0,0.0,1.0,2020-01-02 09:35:47.254681,297.23,297.3,0
2020-01-02 09:35:48,N,AAPL,297.23,1.0,297.3,2.0,-1.0,0.0,2020-01-02 09:35:48.795561,297.27,297.31,0
2020-01-02 09:35:49,N,AAPL,297.27,2.0,297.31,2.0,1.0,0.0,2020-01-02 09:35:49.452446,297.25,297.33,0
2020-01-02 09:35:50,N,AAPL,297.25,1.0,297.33,4.0,0.0,2.0,2020-01-02 09:35:50.781477,297.26,297.32,0
2020-01-02 09:35:51,N,AAPL,297.26,2.0,297.32,4.0,1.0,2.0,2020-01-02 09:35:51.179937,297.2,297.25,-1
2020-01-02 09:35:54,N,AAPL,297.2,1.0,297.25,1.0,-1.0,-1.0,2020-01-02 09:35:54.222589,297.28,297.33,1
2020-01-02 09:35:55,N,AAPL,297.28,1.0,297.33,2.0,-1.0,1.0,2020-01-02 09:35:55.047042,297.31,297.37,0
2020-01-02 09:35:56,N,AAPL,297.31,2.0,297.37,4.0,0.0,-13.0,2020-01-02 09:35:56.742273,297.34,297.38,0
2020-01-02 09:35:57,N,AAPL,297.34,4.0,297.38,2.0,2.0,0.0,2020-01-02 09:35:57.040174,297.31,297.36,0
2020-01-02 09:35:59,N,AAPL,297.31,3.0,297.36,2.0,1.0,1.0,2020-01-02 09:35:59.264526,297.27,297.32,0
2020-01-02 09:36:00,N,AAPL,297.27,2.0,297.32,2.0,1.0,0.0,2020-01-02 09:36:00.348041,297.28,297.35,0
2020-01-02 09:36:01,N,AAPL,297.28,4.0,297.35,2.0,2.0,0.0,2020-01-02 09:36:01.038645,297.24,297.27,-1
2020-01-02 09:36:02,N,AAPL,297.24,1.0,297.27,1.0,0.0,0.0,2020-01-02 09:36:02.407222,297.25,297.3,0
2020-01-02 09:36:03,N,AAPL,297.25,3.0,297.3,1.0,1.0,-1.0,2020-01-02 09:36:03.010689,297.31,297.36,1
2020-01-02 09:36:05,N,AAPL,297.31,2.0,297.36,1.0,1.0,-2.0,2020-01-02 09:36:05.011814,297.33,297.37,0
2020-01-02 09:36:06,N,AAPL,297.33,2.0,297.37,2.0,0.0,0.0,2020-01-02 09:36:06.081758,297.36,297.4,0
2020-01-02 09:36:07,N,AAPL,297.36,1.0,297.4,2.0,0.0,1.0,2020-01-02 09:36:07.003709,297.36,297.4,0
2020-01-02 09:36:08,N,AAPL,297.36,1.0,297.4,2.0,0.0,0.0,2020-01-02 09:36:08.273923,297.34,297.37,0
2020-01-02 09:36:09,N,AAPL,297.34,6.0,297.37,2.0,5.0,0.0,2020-01-02 09:36:09.826941,297.33,297.38,0
2020-01-02 09:36:10,N,AAPL,297.33,1.0,297.38,2.0,-1.0,0.0,2020-01-02 09:36:10.202290,297.25,297.32,-1
2020-01-02 09:36:11,N,AAPL,297.25,5.0,297.32,5.0,3.0,3.0,2020-01-02 09:36:11.238383,297.31,297.35,0
2020-01-02 09:36:12,N,AAPL,297.31,1.0,297.35,2.0,-1.0,1.0,2020-01-02 09:36:12.741194,297.34,297.37,0
2020-01-02 09:36:14,N,AAPL,297.34,5.0,297.37,4.0,3.0,1.0,2020-01-02 09:36:14.044139,297.32,297.35,0
2020-01-02 09:36:15,N,AAPL,297.32,3.0,297.35,4.0,1.0,2.0,2020-01-02 09:36:15.057409,297.39,297.42,1
2020-01-02 09:36:16,N,AAPL,297.39,2.0,297.42,1.0,1.0,-1.0,2020-01-02 09:36:16.525445,297.32,297.37,-1
2020-01-02 09:36:17,N,AAPL,297.32,2.0,297.37,2.0,0.0,0.0,2020-01-02 09:36:17.022907,297.32,297.39,0
2020-01-02 09:36:18,N,AAPL,297.32,5.0,297.39,1.0,0.0,-1.0,2020-01-02 09:36:18.043271,297.36,297.42,0
2020-01-02 09:36:20,N,AAPL,297.36,4.0,297.42,1.0,2.0,-1.0,2020-01-02 09:36:20.110001,297.43,297.47,1
2020-01-02 09:36:21,N,AAPL,297.43,1.0,297.47,2.0,-1.0,1.0,2020-01-02 09:36:21.573076,297.46,297.49,0
2020-01-02 09:36:23,N,AAPL,297.46,2.0,297.49,1.0,0.0,0.0,2020-01-02 09:36:23.053177,297.48,297.54,0
2020-01-02 09:36:24,N,AAPL,297.48,2.0,297.54,4.0,1.0,1.0,2020-01-02 09:36:24.425126,297.46,297.52,0
2020-01-02 09:36:25,N,AAPL,297.46,2.0,297.52,1.0,-6.0,-2.0,2020-01-02 09:36:25.073928,297.47,297.51,0
2020-01-02 09:36:26,N,AAPL,297.47,5.0,297.51,4.0,0.0,2.0,2020-01-02 09:36:26.403784,297.44,297.47,0
2020-01-02 09:36:27,N,AAPL,297.44,6.0,297.47,4.0,1.0,0.0,2020-01-02 09:36:27.137958,297.45,297.52,0
2020-01-02 09:36:28,N,AAPL,297.45,5.0,297.52,3.0,0.0,1.0,2020-01-02 09:36:28.348509,297.53,297.59,1
2020-01-02 09:36:29,N,AAPL,297.53,2.0,297.59,4.0,0.0,0.0,2020-01-02 09:36:29.240584,297.57,297.6,0
2020-01-02 09:36:30,N,AAPL,297.57,4.0,297.6,8.0,3.0,-13.0,2020-01-02 09:36:30.257422,297.59,297.63,0
2020-01-02 09:36:31,N,AAPL,297.59,2.0,297.63,4.0,0.0,2.0,2020-01-02 09:36:31.396061,297.6,297.64,0
2020-01-02 09:36:32,N,AAPL,297.6,2.0,297.64,2.0,0.0,1.0,2020-01-02 09:36:32.040359,297.49,297.54,-1
2020-01-02 09:36:33,N,AAPL,297.49,1.0,297.54,4.0,-6.0,-1.0,2020-01-02 09:36:33.295929,297.49,297.54,0
2020-01-02 09:36:34,N,AAPL,297.49,3.0,297.54,1.0,1.0,0.0,2020-01-02 09:36:34.005001,297.55,297.59,1
2020-01-02 09:36:35,N,AAPL,297.55,2.0,297.59,2.0,-4.0,0.0,2020-01-02 09:36:35.667565,297.53,297.57,0
2020-01-02 09:36:36,N,AAPL,297.53,2.0,297.57,3.0,0.0,1.0,2020-01-02 09:36:36.053132,297.61,297.64,1
2020-01-02 09:36:38,N,AAPL,297.61,1.0,297.64,2.0,-2.0,-1.0,2020-01-02 09:36:38.244889,297.58,297.62,0
2020-01-02 09:36:39,N,AAPL,297.58,2.0,297.62,2.0,1.0,0.0,2020-01-02 09:36:39.072727,297.64,297.68,1
2020-01-02 09:36:41,N,AAPL,297.64,5.0,297.68,1.0,3.0,-1.0,2020-01-02 09:36:41.543096,297.67,297.71,0
2020-01-02 09:36:42,N,AAPL,297.67,3.0,297.71,5.0,-2.0,4.0,2020-01-02 09:36:42.091452,297.68,297.71,0
2020-01-02 09:36:43,N,AAPL,297.68,2.0,297.71,2.0,-1.0,-3.0,2020-01-02 09:36:43.568376,297.68,297.72,0
2020-01-02 09:36:44,N,AAPL,297.68,5.0,297.72,2.0,4.0,0.0,2020-01-02 09:36:44.116612,297.74,297.77,1
2020-01-02 09:36:45,N,AAPL,297.74,4.0,297.77,3.0,2.0,2.0,2020-01-02 09:36:45.445791,297.75,297.78,0
2020-01-02 09:36:47,N,AAPL,297.75,2.0,297.78,1.0,-1.0,-2.0,2020-01-02 09:36:47.129845,297.77,297.81,0
2020-01-02 09:36:48,N,AAPL,297.77,3.0,297.81,1.0,1.0,-1.0,2020-01-02 09:36:48.115219,297.77,297.84,0
2020-01-02 09:36:49,N,AAPL,297.77,2.0,297.84,4.0,0.0,1.0,2020-01-02 09:36:49.350092,297.74,297.78,0
2020-01-02 09:36:50,N,AAPL,297.74,3.0,297.78,4.0,1.0,0.0,2020-01-02 09:36:50.137792,297.72,297.77,0
2020-01-02 09:36:52,N,AAPL,297.72,6.0,297.77,1.0,4.0,-1.0,2020-01-02 09:36:52.035351,297.7,297.76,0
2020-01-02 09:36:53,N,AAPL,297.7,2.0,297.76,2.0,-1.0,0.0,2020-01-02 09:36:53.030330,297.75,297.78,0
2020-01-02 09:36:54,N,AAPL,297.75,2.0,297.78,1.0,0.0,-1.0,2020-01-02 09:36:54.375452,297.71,297.76,0
2020-01-02 09:36:55,N,AAPL,297.71,2.0,297.76,2.0,-3.0,0.0,2020-01-02 09:36:55.073681,297.7,297.73,0
2020-01-02 09:36:56,N,AAPL,297.7,3.0,297.73,4.0,1.0,2.0,2020-01-02 09:36:56.491261,297.71,297.75,0
2020-01-02 09:36:57,N,AAPL,297.71,3.0,297.75,1.0,0.0,-1.0,2020-01-02 09:36:57.461158,297.75,297.79,0
2020-01-02 09:36:58,N,AAPL,297.75,1.0,297.79,3.0,-1.0,2.0,2020-01-02 09:36:58.633246,297.79,297.83,0
2020-01-02 09:36:59,N,AAPL,297.79,1.0,297.83,2.0,-1.0,0.0,2020-01-02 09:36:59.371839,297.83,297.86,0
2020-01-02 09:37:00,N,AAPL,297.83,2.0,297.86,3.0,0.0,1.0,2020-01-02 09:37:00.038895,297.81,297.86,0
2020-01-02 09:37:01,N,AAPL,297.81,1.0,297.86,3.0,-3.0,0.0,2020-01-02 09:37:01.020795,297.82,297.88,0
2020-01-02 09:37:02,N,AAPL,297.82,5.0,297.88,2.0,0.0,0.0,2020-01-02 09:37:02.236948,297.83,297.87,0
2020-01-02 09:37:03,N,AAPL,297.83,5.0,297.87,1.0,3.0,0.0,2020-01-02 09:37:03.905048,297.83,297.87,0
2020-01-02 09:37:04,N,AAPL,297.83,6.0,297.87,2.0,4.0,1.0,2020-01-02 09:37:04.533270,297.88,297.91,1
2020-01-02 09:37:05,N,AAPL,297.88,2.0,297.91,1.0,1.0,-7.0,2020-01-02 09:37:05.861976,297.87,297.91,0
2020-01-02 09:37:06,N,AAPL,297.87,9.0,297.91,4.0,7.0,2.0,2020-01-02 09:37:06.028860,297.89,297.92,0
2020-01-02 09:37:08,N,AAPL,297.89,2.0,297.92,2.0,-2.0,-35.0,2020-01-02 09:37:08.010264,297.88,297.94,0
2020-01-02 09:37:09,N,AAPL,297.88,7.0,297.94,3.0,0.0,-2.0,2020-01-02 09:37:09.014001,297.91,297.94,0
2020-01-02 09:37:10,N,AAPL,297.91,2.0,297.94,16.0,0.0,-1.0,2020-01-02 09:37:10.028238,297.91,297.94,0
2020-01-02 09:37:11,N,AAPL,297.91,4.0,297.94,1.0,3.0,-12.0,2020-01-02 09:37:11.290970,297.9,297.94,0
2020-01-02 09:37:12,N,AAPL,297.9,10.0,297.94,2.0,8.0,1.0,2020-01-02 09:37:12.067130,297.89,297.92,0
2020-01-02 09:37:13,N,AAPL,297.89,5.0,297.92,3.0,3.0,2.0,2020-01-02 09:37:13.103426,297.85,297.89,0
2020-01-02 09:37:14,N,AAPL,297.85,1.0,297.89,4.0,0.0,2.0,2020-01-02 09:37:14.280673,297.83,297.89,0
2020-01-02 09:37:15,N,AAPL,297.83,5.0,297.89,2.0,3.0,0.0,2020-01-02 09:37:15.871083,297.82,297.87,0
2020-01-02 09:37:16,N,AAPL,297.82,1.0,297.87,2.0,-2.0,1.0,2020-01-02 09:37:16.035789,297.82,297.85,0
2020-01-02 09:37:17,N,AAPL,297.82,4.0,297.85,2.0,2.0,0.0,2020-01-02 09:37:17.403064,297.83,297.85,0
2020-01-02 09:37:18,N,AAPL,297.83,2.0,297.85,1.0,-1.0,-2.0,2020-01-02 09:37:18.008681,297.76,297.81,-1
2020-01-02 09:37:19,N,AAPL,297.76,2.0,297.81,3.0,-2.0,0.0,2020-01-02 09:37:19.052205,297.76,297.8,0
2020-01-02 09:37:20,N,AAPL,297.76,2.0,297.8,3.0,1.0,-1.0,2020-01-02 09:37:20.073953,297.73,297.76,0
2020-01-02 09:37:21,N,AAPL,297.73,1.0,297.76,4.0,-1.0,2.0,2020-01-02 09:37:21.741995,297.7,297.73,0
2020-01-02 09:37:22,N,AAPL,297.7,2.0,297.73,2.0,1.0,1.0,2020-01-02 09:37:22.507751,297.75,297.79,1
2020-01-02 09:37:24,N,AAPL,297.75,2.0,297.79,5.0,0.0,2.0,2020-01-02 09:37:24.036087,297.83,297.88,1
2020-01-02 09:37:25,N,AAPL,297.83,2.0,297.88,11.0,0.0,0.0,2020-01-02 09:37:25.263617,297.8,297.87,0
2020-01-02 09:37:26,N,AAPL,297.8,5.0,297.87,2.0,3.0,0.0,2020-01-02 09:37:26.555496,297.83,297.88,0
2020-01-02 09:37:27,N,AAPL,297.83,2.0,297.88,3.0,0.0,1.0,2020-01-02 09:37:27.768152,297.75,297.83,0
2020-01-02 09:37:28,N,AAPL,297.75,2.0,297.83,5.0,-2.0,0.0,2020-01-02 09:37:28.018714,297.73,297.8,0
2020-01-02 09:37:29,N,AAPL,297.73,2.0,297.8,5.0,1.0,2.0,2020-01-02 09:37:29.043019,297.71,297.76,0
2020-01-02 09:37:30,N,AAPL,297.71,4.0,297.76,100.0,2.0,98.0,2020-01-02 09:37:30.095776,297.71,297.75,0
2020-01-02 09:37:31,N,AAPL,297.71,4.0,297.75,1.0,0.0,-1.0,2020-01-02 09:37:31.113757,297.73,297.77,0
2020-01-02 09:37:32,N,AAPL,297.73,2.0,297.77,2.0,-26.0,0.0,2020-01-02 09:37:32.705095,297.73,297.76,0
2020-01-02 09:37:33,N,AAPL,297.73,1.0,297.76,2.0,-1.0,0.0,2020-01-02 09:37:33.705681,297.71,297.75,0
2020-01-02 09:37:34,N,AAPL,297.71,4.0,297.75,2.0,3.0,1.0,2020-01-02 09:37:34.150335,297.66,297.7,-1
2020-01-02 09:37:35,N,AAPL,297.66,6.0,297.7,3.0,-1.0,1.0,2020-01-02 09:37:35.086237,297.71,297.74,1
2020-01-02 09:37:36,N,AAPL,297.71,1.0,297.74,4.0,-2.0,2.0,2020-01-02 09:37:36.113171,297.66,297.71,0
2020-01-02 09:37:37,N,AAPL,297.66,5.0,297.71,4.0,1.0,2.0,2020-01-02 09:37:37.168632,297.7,297.74,0
2020-01-02 09:37:38,N,AAPL,297.7,1.0,297.74,3.0,-1.0,1.0,2020-01-02 09:37:38.174476,297.67,297.71,0
2020-01-02 09:37:39,N,AAPL,297.67,2.0,297.71,2.0,0.0,1.0,2020-01-02 09:37:39.957436,297.68,297.72,0
2020-01-02 09:37:40,N,AAPL,297.68,2.0,297.72,1.0,0.0,-1.0,2020-01-02 09:37:40.288480,297.65,297.68,0
2020-01-02 09:37:41,N,AAPL,297.65,1.0,297.68,2.0,-2.0,-1.0,2020-01-02 09:37:41.219602,297.71,297.74,1
2020-01-02 09:37:42,N,AAPL,297.71,2.0,297.74,4.0,0.0,2.0,2020-01-02 09:37:42.429404,297.74,297.77,0
2020-01-02 09:37:45,N,AAPL,297.74,4.0,297.77,4.0,3.0,-3.0,2020-01-02 09:37:45.367291,297.75,297.77,0
2020-01-02 09:37:47,N,AAPL,297.75,5.0,297.77,3.0,1.0,1.0,2020-01-02 09:37:47.130025,297.7,297.74,-1
2020-01-02 09:37:48,N,AAPL,297.7,5.0,297.74,1.0,3.0,0.0,2020-01-02 09:37:48.088425,297.67,297.71,0
2020-01-02 09:37:49,N,AAPL,297.67,2.0,297.71,2.0,-3.0,-1.0,2020-01-02 09:37:49.026122,297.61,297.65,-1
2020-01-02 09:37:50,N,AAPL,297.61,1.0,297.65,4.0,0.0,2.0,2020-01-02 09:37:50.257755,297.64,297.68,0
2020-01-02 09:37:51,N,AAPL,297.64,2.0,297.68,1.0,1.0,0.0,2020-01-02 09:37:51.006231,297.69,297.73,1
2020-01-02 09:37:52,N,AAPL,297.69,1.0,297.73,2.0,-4.0,-1.0,2020-01-02 09:37:52.296438,297.72,297.75,0
2020-01-02 09:37:53,N,AAPL,297.72,3.0,297.75,6.0,1.0,4.0,2020-01-02 09:37:53.296659,297.73,297.78,0
2020-01-02 09:37:54,N,AAPL,297.73,3.0,297.78,3.0,1.0,-3.0,2020-01-02 09:37:54.422386,297.74,297.78,0
2020-01-02 09:37:55,N,AAPL,297.74,4.0,297.78,1.0,2.0,0.0,2020-01-02 09:37:55.640045,297.76,297.8,0
2020-01-02 09:37:56,N,AAPL,297.76,3.0,297.8,2.0,-1.0,0.0,2020-01-02 09:37:56.605826,297.76,297.8,0
2020-01-02 09:37:57,N,AAPL,297.76,2.0,297.8,2.0,1.0,0.0,2020-01-02 09:37:57.273190,297.74,297.78,0
2020-01-02 09:37:58,N,AAPL,297.74,1.0,297.78,103.0,-1.0,102.0,2020-01-02 09:37:58.336019,297.69,297.72,-1
2020-01-02 09:37:59,N,AAPL,297.69,4.0,297.72,2.0,2.0,0.0,2020-01-02 09:37:59.199311,297.65,297.69,0
2020-01-02 09:38:00,N,AAPL,297.65,2.0,297.69,2.0,0.0,0.0,2020-01-02 09:38:00.044154,297.7,297.73,1
2020-01-02 09:38:01,N,AAPL,297.7,1.0,297.73,2.0,0.0,-98.0,2020-01-02 09:38:01.227958,297.67,297.71,0
2020-01-02 09:38:02,N,AAPL,297.67,1.0,297.71,4.0,-2.0,2.0,2020-01-02 09:38:02.028992,297.67,297.74,0
2020-01-02 09:38:03,N,AAPL,297.67,3.0,297.74,101.0,0.0,100.0,2020-01-02 09:38:03.190787,297.64,297.68,0
2020-01-02 09:38:04,N,AAPL,297.64,4.0,297.68,4.0,3.0,2.0,2020-01-02 09:38:04.052821,297.64,297.68,0
2020-01-02 09:38:05,N,AAPL,297.64,4.0,297.68,4.0,-1.0,-3.0,2020-01-02 09:38:05.299726,297.62,297.66,0
2020-01-02 09:38:06,N,AAPL,297.62,3.0,297.66,2.0,-1.0,0.0,2020-01-02 09:38:06.100717,297.63,297.68,0
2020-01-02 09:38:07,N,AAPL,297.63,1.0,297.68,2.0,-2.0,0.0,2020-01-02 09:38:07.784663,297.61,297.63,0
2020-01-02 09:38:08,N,AAPL,297.61,2.0,297.63,4.0,1.0,2.0,2020-01-02 09:38:08.360109,297.56,297.6,-1
2020-01-02 09:38:09,N,AAPL,297.56,10.0,297.6,4.0,8.0,1.0,2020-01-02 09:38:09.015424,297.5,297.53,-1
2020-01-02 09:38:10,N,AAPL,297.5,10.0,297.53,2.0,-2.0,0.0,2020-01-02 09:38:10.066627,297.47,297.5,0
2020-01-02 09:38:11,N,AAPL,297.47,2.0,297.5,2.0,0.0,0.0,2020-01-02 09:38:11.047298,297.51,297.54,1
2020-01-02 09:38:12,N,AAPL,297.51,2.0,297.54,2.0,1.0,-1.0,2020-01-02 09:38:12.000450,297.53,297.58,0
2020-01-02 09:38:13,N,AAPL,297.53,2.0,297.58,1.0,0.0,-1.0,2020-01-02 09:38:13.073666,297.55,297.6,0
2020-01-02 09:38:14,N,AAPL,297.55,2.0,297.6,1.0,0.0,0.0,2020-01-02 09:38:14.234933,297.56,297.6,0
2020-01-02 09:38:15,N,AAPL,297.56,2.0,297.6,1.0,0.0,0.0,2020-01-02 09:38:15.285198,297.55,297.57,0
2020-01-02 09:38:18,N,AAPL,297.55,1.0,297.57,4.0,-1.0,3.0,2020-01-02 09:38:18.001239,297.56,297.62,0
2020-01-02 09:38:19,N,AAPL,297.56,2.0,297.62,3.0,0.0,0.0,2020-01-02 09:38:19.004738,297.56,297.59,0
2020-01-02 09:38:20,N,AAPL,297.56,3.0,297.59,2.0,1.0,0.0,2020-01-02 09:38:20.067770,297.59,297.62,0
2020-01-02 09:38:22,N,AAPL,297.59,1.0,297.62,1.0,0.0,-2.0,2020-01-02 09:38:22.430444,297.61,297.65,0
2020-01-02 09:38:23,N,AAPL,297.61,2.0,297.65,4.0,1.0,3.0,2020-01-02 09:38:23.484697,297.63,297.66,0
2020-01-02 09:38:27,N,AAPL,297.63,4.0,297.66,2.0,2.0,1.0,2020-01-02 09:38:27.194325,297.63,297.66,0
2020-01-02 09:38:28,N,AAPL,297.63,2.0,297.66,1.0,-6.0,-1.0,2020-01-02 09:38:28.690407,297.63,297.66,0
2020-01-02 09:38:29,N,AAPL,297.63,1.0,297.66,2.0,-1.0,1.0,2020-01-02 09:38:29.333117,297.61,297.64,0
2020-01-02 09:38:30,N,AAPL,297.61,2.0,297.64,1.0,-2.0,-2.0,2020-01-02 09:38:30.150942,297.62,297.66,0
2020-01-02 09:38:31,N,AAPL,297.62,2.0,297.66,4.0,0.0,0.0,2020-01-02 09:38:31.050486,297.69,297.73,1
2020-01-02 09:38:33,N,AAPL,297.69,2.0,297.73,1.0,0.0,0.0,2020-01-02 09:38:33.136673,297.68,297.7,0
2020-01-02 09:38:35,N,AAPL,297.68,2.0,297.7,1.0,0.0,-1.0,2020-01-02 09:38:35.544630,297.63,297.65,-1
2020-01-02 09:38:36,N,AAPL,297.63,1.0,297.65,4.0,-1.0,2.0,2020-01-02 09:38:36.040966,297.58,297.62,-1
2020-01-02 09:38:37,N,AAPL,297.58,1.0,297.62,1.0,0.0,-1.0,2020-01-02 09:38:37.065871,297.55,297.59,0
2020-01-02 09:38:38,N,AAPL,297.55,1.0,297.59,3.0,0.0,1.0,2020-01-02 09:38:38.475316,297.55,297.59,0
2020-01-02 09:38:39,N,AAPL,297.55,1.0,297.59,2.0,0.0,0.0,2020-01-02 09:38:39.132646,297.5,297.54,-1
2020-01-02 09:38:41,N,AAPL,297.5,6.0,297.54,1.0,3.0,-1.0,2020-01-02 09:38:41.513361,297.45,297.49,-1
2020-01-02 09:38:42,N,AAPL,297.45,14.0,297.49,4.0,4.0,3.0,2020-01-02 09:38:42.310913,297.45,297.48,0
2020-01-02 09:38:43,N,AAPL,297.45,13.0,297.48,4.0,-1.0,2.0,2020-01-02 09:38:43.909409,297.45,297.49,0
2020-01-02 09:38:44,N,AAPL,297.45,13.0,297.49,3.0,0.0,0.0,2020-01-02 09:38:44.014589,297.41,297.45,0
2020-01-02 09:38:45,N,AAPL,297.41,4.0,297.45,1.0,2.0,-1.0,2020-01-02 09:38:45.448655,297.5,297.54,1
2020-01-02 09:38:46,N,AAPL,297.5,4.0,297.54,3.0,2.0,2.0,2020-01-02 09:38:46.598876,297.54,297.56,0
2020-01-02 09:38:47,N,AAPL,297.54,1.0,297.56,2.0,-1.0,1.0,2020-01-02 09:38:47.479923,297.5,297.51,-1
2020-01-02 09:38:48,N,AAPL,297.5,1.0,297.51,2.0,0.0,-1.0,2020-01-02 09:38:48.121246,297.54,297.57,1
2020-01-02 09:38:49,N,AAPL,297.54,4.0,297.57,1.0,2.0,-1.0,2020-01-02 09:38:49.624608,297.57,297.6,0
2020-01-02 09:38:50,N,AAPL,297.57,2.0,297.6,11.0,0.0,10.0,2020-01-02 09:38:50.386738,297.54,297.58,0
2020-01-02 09:38:51,N,AAPL,297.54,4.0,297.58,1.0,2.0,-1.0,2020-01-02 09:38:51.278041,297.58,297.6,0
2020-01-02 09:38:52,N,AAPL,297.58,2.0,297.6,10.0,0.0,0.0,2020-01-02 09:38:52.193904,297.57,297.6,0
2020-01-02 09:38:55,N,AAPL,297.57,2.0,297.6,2.0,0.0,1.0,2020-01-02 09:38:55.840717,297.57,297.61,0
2020-01-02 09:38:57,N,AAPL,297.57,1.0,297.61,3.0,-1.0,1.0,2020-01-02 09:38:57.911478,297.59,297.65,0
2020-01-02 09:38:58,N,AAPL,297.59,1.0,297.65,5.0,-1.0,2.0,2020-01-02 09:38:58.005310,297.65,297.69,0
2020-01-02 09:39:00,N,AAPL,297.65,1.0,297.69,1.0,-1.0,0.0,2020-01-02 09:39:00.107837,297.73,297.76,1
2020-01-02 09:39:01,N,AAPL,297.73,4.0,297.76,1.0,3.0,0.0,2020-01-02 09:39:01.351726,297.74,297.77,0
2020-01-02 09:39:03,N,AAPL,297.74,1.0,297.77,1.0,0.0,-1.0,2020-01-02 09:39:03.118669,297.78,297.82,1
2020-01-02 09:39:04,N,AAPL,297.78,1.0,297.82,1.0,-1.0,0.0,2020-01-02 09:39:04.355773,297.83,297.87,1
2020-01-02 09:39:06,N,AAPL,297.83,2.0,297.87,2.0,1.0,1.0,2020-01-02 09:39:06.007717,297.88,297.92,1
2020-01-02 09:39:07,N,AAPL,297.88,2.0,297.92,2.0,-2.0,0.0,2020-01-02 09:39:07.832761,297.88,297.93,0
2020-01-02 09:39:08,N,AAPL,297.88,3.0,297.93,4.0,1.0,2.0,2020-01-02 09:39:08.266201,297.84,297.88,0
2020-01-02 09:39:10,N,AAPL,297.84,2.0,297.88,2.0,-1.0,-2.0,2020-01-02 09:39:10.758179,297.79,297.83,-1
2020-01-02 09:39:11,N,AAPL,297.79,4.0,297.83,1.0,2.0,-1.0,2020-01-02 09:39:11.945791,297.74,297.8,0
2020-01-02 09:39:13,N,AAPL,297.74,3.0,297.8,2.0,-1.0,1.0,2020-01-02 09:39:13.356276,297.82,297.88,1
2020-01-02 09:39:14,N,AAPL,297.82,2.0,297.88,2.0,0.0,-1.0,2020-01-02 09:39:14.854681,297.82,297.87,0
2020-01-02 09:39:15,N,AAPL,297.82,1.0,297.87,1.0,-1.0,-1.0,2020-01-02 09:39:15.164734,297.85,297.89,0
2020-01-02 09:39:16,N,AAPL,297.85,2.0,297.89,1.0,-2.0,-2.0,2020-01-02 09:39:16.288535,297.77,297.82,-1
2020-01-02 09:39:17,N,AAPL,297.77,2.0,297.82,5.0,-1.0,2.0,2020-01-02 09:39:17.755453,297.76,297.79,0
2020-01-02 09:39:18,N,AAPL,297.76,4.0,297.79,1.0,2.0,-1.0,2020-01-02 09:39:18.912967,297.75,297.78,0
2020-01-02 09:39:20,N,AAPL,297.75,1.0,297.78,1.0,0.0,0.0,2020-01-02 09:39:20.294297,297.72,297.75,0
2020-01-02 09:39:21,N,AAPL,297.72,3.0,297.75,1.0,2.0,-4.0,2020-01-02 09:39:21.177498,297.69,297.73,0
2020-01-02 09:39:22,N,AAPL,297.69,2.0,297.73,1.0,0.0,-1.0,2020-01-02 09:39:22.132761,297.77,297.81,1
2020-01-02 09:39:23,N,AAPL,297.77,2.0,297.81,6.0,-2.0,4.0,2020-01-02 09:39:23.135076,297.74,297.8,0
2020-01-02 09:39:24,N,AAPL,297.74,2.0,297.8,7.0,-2.0,5.0,2020-01-02 09:39:24.186547,297.73,297.77,0
2020-01-02 09:39:25,N,AAPL,297.73,2.0,297.77,2.0,0.0,0.0,2020-01-02 09:39:25.485313,297.73,297.77,0
2020-01-02 09:39:26,N,AAPL,297.73,2.0,297.77,2.0,1.0,0.0,2020-01-02 09:39:26.282530,297.69,297.74,0
2020-01-02 09:39:27,N,AAPL,297.69,3.0,297.74,2.0,1.0,0.0,2020-01-02 09:39:27.005118,297.57,297.6,-1
2020-01-02 09:39:28,N,AAPL,297.57,1.0,297.6,2.0,0.0,0.0,2020-01-02 09:39:28.264454,297.56,297.6,0
2020-01-02 09:39:29,N,AAPL,297.56,1.0,297.6,2.0,-1.0,0.0,2020-01-02 09:39:29.031613,297.55,297.59,0
2020-01-02 09:39:30,N,AAPL,297.55,1.0,297.59,3.0,0.0,1.0,2020-01-02 09:39:30.170554,297.51,297.56,0
2020-01-02 09:39:31,N,AAPL,297.51,4.0,297.56,2.0,2.0,0.0,2020-01-02 09:39:31.000307,297.53,297.57,0
2020-01-02 09:39:32,N,AAPL,297.53,2.0,297.57,2.0,0.0,0.0,2020-01-02 09:39:32.078124,297.49,297.51,-1
2020-01-02 09:39:34,N,AAPL,297.49,2.0,297.51,2.0,-3.0,0.0,2020-01-02 09:39:34.981368,297.45,297.5,0
2020-01-02 09:39:35,N,AAPL,297.45,9.0,297.5,4.0,8.0,2.0,2020-01-02 09:39:35.636942,297.46,297.49,0
2020-01-02 09:39:36,N,AAPL,297.46,4.0,297.49,2.0,-5.0,-2.0,2020-01-02 09:39:36.521745,297.39,297.44,-1
2020-01-02 09:39:37,N,AAPL,297.39,4.0,297.44,3.0,3.0,0.0,2020-01-02 09:39:37.046027,297.41,297.45,0
2020-01-02 09:39:39,N,AAPL,297.41,4.0,297.45,1.0,-6.0,-2.0,2020-01-02 09:39:39.593809,297.42,297.45,0
2020-01-02 09:39:40,N,AAPL,297.42,4.0,297.45,2.0,0.0,0.0,2020-01-02 09:39:40.079784,297.41,297.46,0
2020-01-02 09:39:43,N,AAPL,297.41,2.0,297.46,3.0,0.0,2.0,2020-01-02 09:39:43.103238,297.41,297.45,0
2020-01-02 09:39:44,N,AAPL,297.41,4.0,297.45,2.0,2.0,-1.0,2020-01-02 09:39:44.658095,297.42,297.46,0
2020-01-02 09:39:45,N,AAPL,297.42,4.0,297.46,1.0,2.0,-1.0,2020-01-02 09:39:45.073958,297.49,297.53,1
2020-01-02 09:39:47,N,AAPL,297.49,2.0,297.53,2.0,-2.0,1.0,2020-01-02 09:39:47.585440,297.42,297.45,-1
2020-01-02 09:39:48,N,AAPL,297.42,5.0,297.45,2.0,4.0,0.0,2020-01-02 09:39:48.102098,297.45,297.5,0
2020-01-02 09:39:49,N,AAPL,297.45,2.0,297.5,3.0,-2.0,0.0,2020-01-02 09:39:49.109060,297.44,297.48,0
2020-01-02 09:39:52,N,AAPL,297.44,3.0,297.48,2.0,2.0,0.0,2020-01-02 09:39:52.172489,297.46,297.49,0
2020-01-02 09:39:53,N,AAPL,297.46,1.0,297.49,2.0,-2.0,0.0,2020-01-02 09:39:53.044477,297.39,297.41,-1
2020-01-02 09:39:54,N,AAPL,297.39,1.0,297.41,2.0,0.0,1.0,2020-01-02 09:39:54.120419,297.36,297.41,0
2020-01-02 09:39:55,N,AAPL,297.36,2.0,297.41,3.0,-2.0,2.0,2020-01-02 09:39:55.781764,297.34,297.41,0
2020-01-02 09:39:56,N,AAPL,297.34,2.0,297.41,4.0,-1.0,1.0,2020-01-02 09:39:56.072154,297.32,297.36,0
2020-01-02 09:39:57,N,AAPL,297.32,1.0,297.36,2.0,-4.0,0.0,2020-01-02 09:39:57.550382,297.22,297.27,-1
2020-01-02 09:39:58,N,AAPL,297.22,9.0,297.27,2.0,7.0,1.0,2020-01-02 09:39:58.265685,297.24,297.28,0
2020-01-02 09:39:59,N,AAPL,297.24,2.0,297.28,2.0,-7.0,0.0,2020-01-02 09:39:59.429425,297.29,297.33,1
2020-01-02 09:40:00,N,AAPL,297.29,1.0,297.33,2.0,-1.0,1.0,2020-01-02 09:40:00.333388,297.38,297.41,1
2020-01-02 09:40:01,N,AAPL,297.38,1.0,297.41,1.0,-3.0,0.0,2020-01-02 09:40:01.115477,297.39,297.44,0
2020-01-02 09:40:02,N,AAPL,297.39,2.0,297.44,3.0,0.0,-1.0,2020-01-02 09:40:02.071149,297.39,297.44,0
2020-01-02 09:40:03,N,AAPL,297.39,1.0,297.44,2.0,-1.0,0.0,2020-01-02 09:40:03.030377,297.43,297.47,0
2020-01-02 09:40:04,N,AAPL,297.43,2.0,297.47,1.0,0.0,-1.0,2020-01-02 09:40:04.388813,297.46,297.49,0
2020-01-02 09:40:05,N,AAPL,297.46,1.0,297.49,2.0,-1.0,-2.0,2020-01-02 09:40:05.902963,297.42,297.49,0
2020-01-02 09:40:06,N,AAPL,297.42,2.0,297.49,2.0,1.0,0.0,2020-01-02 09:40:06.222579,297.47,297.5,0
2020-01-02 09:40:08,N,AAPL,297.47,1.0,297.5,1.0,-1.0,-1.0,2020-01-02 09:40:08.294438,297.51,297.55,1
2020-01-02 09:40:09,N,AAPL,297.51,2.0,297.55,1.0,-2.0,0.0,2020-01-02 09:40:09.003740,297.47,297.52,0
2020-01-02 09:40:10,N,AAPL,297.47,6.0,297.52,4.0,5.0,-1.0,2020-01-02 09:40:10.043919,297.46,297.5,0
2020-01-02 09:40:11,N,AAPL,297.46,2.0,297.5,2.0,1.0,0.0,2020-01-02 09:40:11.159500,297.48,297.52,0
2020-01-02 09:40:12,N,AAPL,297.48,1.0,297.52,2.0,-1.0,-2.0,2020-01-02 09:40:12.291878,297.53,297.55,1
2020-01-02 09:40:13,N,AAPL,297.53,1.0,297.55,5.0,-1.0,3.0,2020-01-02 09:40:13.839063,297.51,297.55,0
2020-01-02 09:40:14,N,AAPL,297.51,1.0,297.55,1.0,-2.0,0.0,2020-01-02 09:40:14.207564,297.51,297.54,0
2020-01-02 09:40:16,N,AAPL,297.51,3.0,297.54,4.0,2.0,3.0,2020-01-02 09:40:16.283830,297.55,297.58,1
2020-01-02 09:40:17,N,AAPL,297.55,1.0,297.58,1.0,-1.0,0.0,2020-01-02 09:40:17.165926,297.58,297.62,0
2020-01-02 09:40:18,N,AAPL,297.58,2.0,297.62,1.0,1.0,0.0,2020-01-02 09:40:18.119728,297.6,297.64,0
2020-01-02 09:40:19,N,AAPL,297.6,2.0,297.64,4.0,0.0,2.0,2020-01-02 09:40:19.437610,297.57,297.59,-1
2020-01-02 09:40:20,N,AAPL,297.57,2.0,297.59,2.0,0.0,-1.0,2020-01-02 09:40:20.074094,297.55,297.57,0
2020-01-02 09:40:21,N,AAPL,297.55,2.0,297.57,3.0,0.0,1.0,2020-01-02 09:40:21.474468,297.55,297.58,0
2020-01-02 09:40:27,N,AAPL,297.55,6.0,297.58,2.0,5.0,0.0,2020-01-02 09:40:27.667299,297.52,297.55,0
2020-01-02 09:40:28,N,AAPL,297.52,1.0,297.55,2.0,-5.0,0.0,2020-01-02 09:40:28.371168,297.54,297.57,0
2020-01-02 09:40:30,N,AAPL,297.54,4.0,297.57,1.0,3.0,-1.0,2020-01-02 09:40:30.886974,297.54,297.57,0
2020-01-02 09:40:31,N,AAPL,297.54,4.0,297.57,4.0,0.0,3.0,2020-01-02 09:40:31.462971,297.51,297.52,-1
2020-01-02 09:40:32,N,AAPL,297.51,1.0,297.52,2.0,0.0,1.0,2020-01-02 09:40:32.695239,297.49,297.53,0
2020-01-02 09:40:33,N,AAPL,297.49,3.0,297.53,1.0,-1.0,0.0,2020-01-02 09:40:33.002751,297.48,297.5,0
2020-01-02 09:40:34,N,AAPL,297.48,1.0,297.5,2.0,-2.0,1.0,2020-01-02 09:40:34.328879,297.51,297.53,1
2020-01-02 09:40:37,N,AAPL,297.51,2.0,297.53,2.0,-1.0,0.0,2020-01-02 09:40:37.400173,297.51,297.54,0
2020-01-02 09:40:38,N,AAPL,297.51,4.0,297.54,1.0,1.0,-1.0,2020-01-02 09:40:38.219025,297.49,297.51,0
2020-01-02 09:40:39,N,AAPL,297.49,1.0,297.51,4.0,-1.0,3.0,2020-01-02 09:40:39.688104,297.49,297.52,0
2020-01-02 09:40:41,N,AAPL,297.49,3.0,297.52,1.0,1.0,-1.0,2020-01-02 09:40:41.140371,297.48,297.51,0
2020-01-02 09:40:42,N,AAPL,297.48,3.0,297.51,3.0,2.0,-1.0,2020-01-02 09:40:42.169010,297.46,297.5,0
2020-01-02 09:40:43,N,AAPL,297.46,3.0,297.5,1.0,0.0,-1.0,2020-01-02 09:40:43.115932,297.54,297.55,1
2020-01-02 09:40:44,N,AAPL,297.54,2.0,297.55,2.0,0.0,1.0,2020-01-02 09:40:44.783600,297.61,297.63,1
2020-01-02 09:40:45,N,AAPL,297.61,1.0,297.63,2.0,-1.0,0.0,2020-01-02 09:40:45.491661,297.66,297.69,1
2020-01-02 09:40:46,N,AAPL,297.66,2.0,297.69,2.0,0.0,-1.0,2020-01-02 09:40:46.151741,297.69,297.71,0
2020-01-02 09:40:47,N,AAPL,297.69,1.0,297.71,2.0,-1.0,0.0,2020-01-02 09:40:47.171479,297.66,297.69,0
2020-01-02 09:40:48,N,AAPL,297.66,6.0,297.69,4.0,4.0,0.0,2020-01-02 09:40:48.479247,297.6,297.63,-1
2020-01-02 09:40:49,N,AAPL,297.6,1.0,297.63,4.0,0.0,2.0,2020-01-02 09:40:49.665078,297.6,297.64,0
2020-01-02 09:40:50,N,AAPL,297.6,6.0,297.64,1.0,5.0,-3.0,2020-01-02 09:40:50.409931,297.61,297.65,0
2020-01-02 09:40:51,N,AAPL,297.61,1.0,297.65,1.0,-5.0,0.0,2020-01-02 09:40:51.219875,297.62,297.66,0
2020-01-02 09:40:53,N,AAPL,297.62,2.0,297.66,2.0,1.0,0.0,2020-01-02 09:40:53.004469,297.64,297.65,0
2020-01-02 09:40:54,N,AAPL,297.64,3.0,297.65,4.0,2.0,3.0,2020-01-02 09:40:54.134778,297.64,297.67,0
2020-01-02 09:40:56,N,AAPL,297.64,5.0,297.67,3.0,2.0,0.0,2020-01-02 09:40:56.174354,297.64,297.66,0
2020-01-02 09:40:57,N,AAPL,297.64,6.0,297.66,4.0,1.0,1.0,2020-01-02 09:40:57.107091,297.61,297.66,0
2020-01-02 09:40:58,N,AAPL,297.61,5.0,297.66,2.0,3.0,-1.0,2020-01-02 09:40:58.886762,297.63,297.66,0
2020-01-02 09:40:59,N,AAPL,297.63,4.0,297.66,2.0,-1.0,0.0,2020-01-02 09:40:59.803426,297.65,297.68,0
2020-01-02 09:41:00,N,AAPL,297.65,2.0,297.68,2.0,0.0,0.0,2020-01-02 09:41:00.319051,297.66,297.69,0
2020-01-02 09:41:03,N,AAPL,297.66,4.0,297.69,1.0,3.0,-1.0,2020-01-02 09:41:03.088856,297.65,297.67,0
2020-01-02 09:41:05,N,AAPL,297.65,1.0,297.67,2.0,-1.0,1.0,2020-01-02 09:41:05.864634,297.6,297.63,-1
2020-01-02 09:41:06,N,AAPL,297.6,1.0,297.63,1.0,-1.0,-4.0,2020-01-02 09:41:06.068185,297.59,297.61,0
2020-01-02 09:41:07,N,AAPL,297.59,2.0,297.61,4.0,1.0,1.0,2020-01-02 09:41:07.130836,297.5,297.53,-1
2020-01-02 09:41:10,N,AAPL,297.5,33.0,297.53,1.0,20.0,-1.0,2020-01-02 09:41:10.879673,297.52,297.54,0
2020-01-02 09:41:12,N,AAPL,297.52,2.0,297.54,2.0,-31.0,1.0,2020-01-02 09:41:12.572597,297.51,297.54,0
2020-01-02 09:41:13,N,AAPL,297.51,4.0,297.54,2.0,2.0,0.0,2020-01-02 09:41:13.239874,297.53,297.56,0
2020-01-02 09:41:15,N,AAPL,297.53,1.0,297.56,1.0,-1.0,-3.0,2020-01-02 09:41:15.361042,297.56,297.59,0
2020-01-02 09:41:16,N,AAPL,297.56,2.0,297.59,2.0,1.0,1.0,2020-01-02 09:41:16.212491,297.58,297.61,0
2020-01-02 09:41:17,N,AAPL,297.58,2.0,297.61,1.0,0.0,-1.0,2020-01-02 09:41:17.074292,297.62,297.66,1
2020-01-02 09:41:18,N,AAPL,297.62,3.0,297.66,1.0,1.0,0.0,2020-01-02 09:41:18.084680,297.63,297.66,0
2020-01-02 09:41:19,N,AAPL,297.63,2.0,297.66,1.0,-1.0,-1.0,2020-01-02 09:41:19.678765,297.63,297.67,0
2020-01-02 09:41:20,N,AAPL,297.63,3.0,297.67,2.0,-1.0,0.0,2020-01-02 09:41:20.594044,297.64,297.67,0
2020-01-02 09:41:21,N,AAPL,297.64,5.0,297.67,31.0,2.0,30.0,2020-01-02 09:41:21.333165,297.63,297.66,0
2020-01-02 09:41:22,N,AAPL,297.63,2.0,297.66,30.0,-3.0,29.0,2020-01-02 09:41:22.693520,297.61,297.64,0
2020-01-02 09:41:23,N,AAPL,297.61,4.0,297.64,5.0,3.0,-25.0,2020-01-02 09:41:23.517541,297.53,297.55,-1
2020-01-02 09:41:24,N,AAPL,297.53,1.0,297.55,1.0,-1.0,-26.0,2020-01-02 09:41:24.426536,297.52,297.56,0
2020-01-02 09:41:25,N,AAPL,297.52,2.0,297.56,2.0,-6.0,1.0,2020-01-02 09:41:25.197293,297.5,297.54,0
2020-01-02 09:41:27,N,AAPL,297.5,9.0,297.54,3.0,7.0,1.0,2020-01-02 09:41:27.254369,297.48,297.5,0
2020-01-02 09:41:28,N,AAPL,297.48,6.0,297.5,4.0,3.0,2.0,2020-01-02 09:41:28.273607,297.43,297.46,-1
2020-01-02 09:41:29,N,AAPL,297.43,1.0,297.46,2.0,0.0,1.0,2020-01-02 09:41:29.215064,297.43,297.45,0
2020-01-02 09:41:30,N,AAPL,297.43,4.0,297.45,4.0,3.0,2.0,2020-01-02 09:41:30.862669,297.45,297.46,0
2020-01-02 09:41:31,N,AAPL,297.45,1.0,297.46,1.0,-3.0,-1.0,2020-01-02 09:41:31.231405,297.43,297.47,0
2020-01-02 09:41:32,N,AAPL,297.43,3.0,297.47,4.0,0.0,2.0,2020-01-02 09:41:32.031160,297.47,297.49,0
2020-01-02 09:41:33,N,AAPL,297.47,2.0,297.49,2.0,-1.0,1.0,2020-01-02 09:41:33.899870,297.46,297.49,0
2020-01-02 09:41:34,N,AAPL,297.46,1.0,297.49,2.0,0.0,0.0,2020-01-02 09:41:34.002003,297.47,297.49,0
2020-01-02 09:41:37,N,AAPL,297.47,2.0,297.49,5.0,0.0,0.0,2020-01-02 09:41:37.479926,297.34,297.38,-1
2020-01-02 09:41:44,N,AAPL,297.34,5.0,297.38,2.0,4.0,0.0,2020-01-02 09:41:44.671988,297.31,297.34,0
2020-01-02 09:41:45,N,AAPL,297.31,1.0,297.34,1.0,-4.0,-1.0,2020-01-02 09:41:45.124075,297.31,297.33,0
2020-01-02 09:41:46,N,AAPL,297.31,3.0,297.33,1.0,1.0,0.0,2020-01-02 09:41:46.244624,297.32,297.35,0
2020-01-02 09:41:47,N,AAPL,297.32,2.0,297.35,1.0,0.0,0.0,2020-01-02 09:41:47.784756,297.28,297.31,-1
2020-01-02 09:41:55,N,AAPL,297.28,2.0,297.31,2.0,-1.0,1.0,2020-01-02 09:41:55.300310,297.24,297.27,-1
2020-01-02 09:41:56,N,AAPL,297.24,2.0,297.27,2.0,1.0,1.0,2020-01-02 09:41:56.048036,297.26,297.28,0
2020-01-02 09:41:57,N,AAPL,297.26,2.0,297.28,1.0,0.0,-2.0,2020-01-02 09:41:57.243775,297.24,297.27,0
2020-01-02 09:41:58,N,AAPL,297.24,2.0,297.27,2.0,0.0,1.0,2020-01-02 09:41:58.081366,297.26,297.3,0
2020-01-02 09:41:59,N,AAPL,297.26,2.0,297.3,2.0,-5.0,-1.0,2020-01-02 09:41:59.678153,297.25,297.27,0
2020-01-02 09:42:00,N,AAPL,297.25,1.0,297.27,1.0,-1.0,-3.0,2020-01-02 09:42:00.135829,297.2,297.21,-1
2020-01-02 09:42:01,N,AAPL,297.2,1.0,297.21,4.0,0.0,2.0,2020-01-02 09:42:01.166361,297.13,297.15,-1
2020-01-02 09:42:02,N,AAPL,297.13,5.0,297.15,3.0,2.0,1.0,2020-01-02 09:42:02.297398,297.08,297.1,-1
2020-01-02 09:42:03,N,AAPL,297.08,1.0,297.1,1.0,-1.0,-1.0,2020-01-02 09:42:03.000172,297.1,297.11,0
2020-01-02 09:42:04,N,AAPL,297.1,2.0,297.11,1.0,1.0,0.0,2020-01-02 09:42:04.008247,297.13,297.17,1
2020-01-02 09:42:05,N,AAPL,297.13,1.0,297.17,3.0,-1.0,0.0,2020-01-02 09:42:05.895704,297.12,297.16,0
2020-01-02 09:42:06,N,AAPL,297.12,2.0,297.16,4.0,1.0,1.0,2020-01-02 09:42:06.369924,297.08,297.13,0
2020-01-02 09:42:08,N,AAPL,297.08,1.0,297.13,2.0,-1.0,-3.0,2020-01-02 09:42:08.039443,297.05,297.08,0
2020-01-02 09:42:10,N,AAPL,297.05,2.0,297.08,1.0,1.0,-1.0,2020-01-02 09:42:10.748532,297.04,297.08,0
2020-01-02 09:42:11,N,AAPL,297.04,3.0,297.08,1.0,2.0,-1.0,2020-01-02 09:42:11.121917,297.06,297.08,0
2020-01-02 09:42:12,N,AAPL,297.06,1.0,297.08,4.0,-1.0,2.0,2020-01-02 09:42:12.803359,297.05,297.08,0
2020-01-02 09:42:13,N,AAPL,297.05,3.0,297.08,3.0,1.0,0.0,2020-01-02 09:42:13.794471,297.12,297.16,1
2020-01-02 09:42:15,N,AAPL,297.12,1.0,297.16,2.0,-2.0,-1.0,2020-01-02 09:42:15.334193,297.11,297.12,0
2020-01-02 09:42:18,N,AAPL,297.11,4.0,297.12,3.0,3.0,1.0,2020-01-02 09:42:18.307080,297.13,297.14,1
2020-01-02 09:42:19,N,AAPL,297.13,1.0,297.14,1.0,0.0,0.0,2020-01-02 09:42:19.104410,297.16,297.19,1
2020-01-02 09:42:20,N,AAPL,297.16,1.0,297.19,3.0,-1.0,1.0,2020-01-02 09:42:20.937664,297.15,297.18,0
2020-01-02 09:42:21,N,AAPL,297.15,1.0,297.18,4.0,0.0,1.0,2020-01-02 09:42:21.512625,297.17,297.2,0
2020-01-02 09:42:22,N,AAPL,297.17,1.0,297.2,1.0,0.0,-4.0,2020-01-02 09:42:22.167431,297.13,297.15,-1
2020-01-02 09:42:23,N,AAPL,297.13,1.0,297.15,1.0,-1.0,0.0,2020-01-02 09:42:23.022323,297.16,297.18,1
2020-01-02 09:42:27,N,AAPL,297.16,1.0,297.18,4.0,-1.0,1.0,2020-01-02 09:42:27.112184,297.15,297.19,0
2020-01-02 09:42:29,N,AAPL,297.15,5.0,297.19,3.0,0.0,1.0,2020-01-02 09:42:29.431971,297.11,297.14,-1
2020-01-02 09:42:30,N,AAPL,297.11,2.0,297.14,4.0,1.0,2.0,2020-01-02 09:42:30.661373,297.1,297.13,0
2020-01-02 09:42:31,N,AAPL,297.1,1.0,297.13,2.0,0.0,0.0,2020-01-02 09:42:31.218611,297.08,297.12,0
2020-01-02 09:42:32,N,AAPL,297.08,1.0,297.12,4.0,0.0,0.0,2020-01-02 09:42:32.289166,297.1,297.13,0
2020-01-02 09:42:33,N,AAPL,297.1,1.0,297.13,1.0,0.0,-1.0,2020-01-02 09:42:33.129512,297.12,297.16,0
2020-01-02 09:42:35,N,AAPL,297.12,2.0,297.16,2.0,1.0,0.0,2020-01-02 09:42:35.803764,297.04,297.07,-1
2020-01-02 09:42:36,N,AAPL,297.04,3.0,297.07,1.0,1.0,-1.0,2020-01-02 09:42:36.517050,296.99,297.0,-1
2020-01-02 09:42:39,N,AAPL,296.99,2.0,297.0,2.0,-2.0,-1.0,2020-01-02 09:42:39.637897,296.96,296.99,0
2020-01-02 09:42:40,N,AAPL,296.96,2.0,296.99,1.0,1.0,-1.0,2020-01-02 09:42:40.775428,296.97,297.0,0
2020-01-02 09:42:41,N,AAPL,296.97,5.0,297.0,2.0,0.0,-2.0,2020-01-02 09:42:41.473076,296.97,296.99,0
2020-01-02 09:42:42,N,AAPL,296.97,6.0,296.99,2.0,1.0,0.0,2020-01-02 09:42:42.255171,296.95,296.98,0
2020-01-02 09:42:43,N,AAPL,296.95,2.0,296.98,2.0,-1.0,0.0,2020-01-02 09:42:43.084403,296.95,296.99,0
2020-01-02 09:42:44,N,AAPL,296.95,3.0,296.99,1.0,1.0,-1.0,2020-01-02 09:42:44.049608,296.89,296.93,-1
2020-01-02 09:42:45,N,AAPL,296.89,1.0,296.93,2.0,-1.0,1.0,2020-01-02 09:42:45.966811,296.89,296.93,0
2020-01-02 09:42:46,N,AAPL,296.89,2.0,296.93,2.0,1.0,0.0,2020-01-02 09:42:46.038763,296.85,296.89,0
2020-01-02 09:42:47,N,AAPL,296.85,2.0,296.89,3.0,0.0,1.0,2020-01-02 09:42:47.719958,296.92,296.95,1
2020-01-02 09:42:50,N,AAPL,296.92,1.0,296.95,3.0,0.0,0.0,2020-01-02 09:42:50.037722,296.89,296.92,0
2020-01-02 09:42:51,N,AAPL,296.89,2.0,296.92,4.0,-2.0,3.0,2020-01-02 09:42:51.005713,296.9,296.94,0
2020-01-02 09:42:52,N,AAPL,296.9,4.0,296.94,3.0,0.0,0.0,2020-01-02 09:42:52.374767,296.92,296.97,0
2020-01-02 09:42:53,N,AAPL,296.92,7.0,296.97,3.0,6.0,1.0,2020-01-02 09:42:53.116312,296.95,296.97,0
2020-01-02 09:42:54,N,AAPL,296.95,2.0,296.97,1.0,-5.0,-2.0,2020-01-02 09:42:54.597136,296.94,296.97,0
2020-01-02 09:42:55,N,AAPL,296.94,5.0,296.97,2.0,4.0,1.0,2020-01-02 09:42:55.260427,296.95,296.97,0
2020-01-02 09:42:56,N,AAPL,296.95,3.0,296.97,2.0,-1.0,-1.0,2020-01-02 09:42:56.668375,296.95,296.98,0
2020-01-02 09:42:57,N,AAPL,296.95,2.0,296.98,1.0,1.0,0.0,2020-01-02 09:42:57.133502,296.88,296.92,-1
2020-01-02 09:42:58,N,AAPL,296.88,4.0,296.92,4.0,0.0,0.0,2020-01-02 09:42:58.004867,296.89,296.94,0
2020-01-02 09:43:00,N,AAPL,296.89,3.0,296.94,3.0,2.0,1.0,2020-01-02 09:43:00.384820,296.93,296.94,0
2020-01-02 09:43:02,N,AAPL,296.93,3.0,296.94,2.0,0.0,-1.0,2020-01-02 09:43:02.938428,296.92,296.95,0
2020-01-02 09:43:03,N,AAPL,296.92,2.0,296.95,9.0,-1.0,2.0,2020-01-02 09:43:03.045515,296.95,296.99,0
2020-01-02 09:43:04,N,AAPL,296.95,1.0,296.99,2.0,-6.0,-2.0,2020-01-02 09:43:04.921718,296.95,296.99,0
2020-01-02 09:43:05,N,AAPL,296.95,1.0,296.99,1.0,-1.0,0.0,2020-01-02 09:43:05.100839,297.01,297.03,1
2020-01-02 09:43:07,N,AAPL,297.01,2.0,297.03,1.0,1.0,0.0,2020-01-02 09:43:07.594566,297.01,297.04,0
2020-01-02 09:43:08,N,AAPL,297.01,1.0,297.04,4.0,-2.0,2.0,2020-01-02 09:43:08.276003,297.05,297.07,1
2020-01-02 09:43:09,N,AAPL,297.05,2.0,297.07,1.0,-2.0,-1.0,2020-01-02 09:43:09.509060,297.11,297.13,1
2020-01-02 09:43:10,N,AAPL,297.11,2.0,297.13,1.0,0.0,0.0,2020-01-02 09:43:10.205382,297.1,297.13,0
2020-01-02 09:43:11,N,AAPL,297.1,2.0,297.13,1.0,1.0,0.0,2020-01-02 09:43:11.599654,297.15,297.18,1
2020-01-02 09:43:12,N,AAPL,297.15,1.0,297.18,2.0,-2.0,0.0,2020-01-02 09:43:12.162590,297.19,297.22,1
2020-01-02 09:43:13,N,AAPL,297.19,4.0,297.22,1.0,2.0,-3.0,2020-01-02 09:43:13.432835,297.14,297.15,-1
2020-01-02 09:43:14,N,AAPL,297.14,9.0,297.15,1.0,8.0,-4.0,2020-01-02 09:43:14.856314,297.1,297.13,-1
2020-01-02 09:43:15,N,AAPL,297.1,4.0,297.13,4.0,-4.0,1.0,2020-01-02 09:43:15.689807,297.07,297.11,0
2020-01-02 09:43:16,N,AAPL,297.07,4.0,297.11,2.0,2.0,0.0,2020-01-02 09:43:16.733041,297.15,297.17,1
2020-01-02 09:43:17,N,AAPL,297.15,1.0,297.17,2.0,-2.0,0.0,2020-01-02 09:43:17.020620,297.18,297.19,1
2020-01-02 09:43:18,N,AAPL,297.18,1.0,297.19,1.0,-1.0,0.0,2020-01-02 09:43:18.089618,297.17,297.21,0
2020-01-02 09:43:19,N,AAPL,297.17,5.0,297.21,1.0,4.0,0.0,2020-01-02 09:43:19.986635,297.18,297.21,0
2020-01-02 09:43:21,N,AAPL,297.18,1.0,297.21,2.0,-4.0,1.0,2020-01-02 09:43:21.465014,297.12,297.15,-1
2020-01-02 09:43:22,N,AAPL,297.12,5.0,297.15,3.0,3.0,1.0,2020-01-02 09:43:22.419737,297.12,297.15,0
2020-01-02 09:43:23,N,AAPL,297.12,6.0,297.15,3.0,1.0,0.0,2020-01-02 09:43:23.141185,297.18,297.21,1
2020-01-02 09:43:24,N,AAPL,297.18,5.0,297.21,2.0,2.0,1.0,2020-01-02 09:43:24.222829,297.15,297.19,0
2020-01-02 09:43:25,N,AAPL,297.15,2.0,297.19,3.0,1.0,1.0,2020-01-02 09:43:25.802349,297.15,297.19,0
2020-01-02 09:43:26,N,AAPL,297.15,1.0,297.19,2.0,0.0,-1.0,2020-01-02 09:43:26.153509,297.21,297.24,1
2020-01-02 09:43:28,N,AAPL,297.21,1.0,297.24,1.0,0.0,0.0,2020-01-02 09:43:28.656296,297.2,297.24,0
2020-01-02 09:43:29,N,AAPL,297.2,1.0,297.24,4.0,-2.0,3.0,2020-01-02 09:43:29.462343,297.18,297.22,0
2020-01-02 09:43:30,N,AAPL,297.18,2.0,297.22,1.0,-3.0,-1.0,2020-01-02 09:43:30.026224,297.21,297.24,0
2020-01-02 09:43:31,N,AAPL,297.21,1.0,297.24,1.0,-1.0,0.0,2020-01-02 09:43:31.711259,297.19,297.21,0
2020-01-02 09:43:33,N,AAPL,297.19,2.0,297.21,5.0,1.0,4.0,2020-01-02 09:43:33.088942,297.2,297.24,0
2020-01-02 09:43:34,N,AAPL,297.2,3.0,297.24,1.0,1.0,-2.0,2020-01-02 09:43:34.393270,297.23,297.25,0
2020-01-02 09:43:35,N,AAPL,297.23,1.0,297.25,2.0,-2.0,1.0,2020-01-02 09:43:35.160734,297.26,297.3,1
2020-01-02 09:43:36,N,AAPL,297.26,3.0,297.3,3.0,0.0,1.0,2020-01-02 09:43:36.066873,297.24,297.27,0
2020-01-02 09:43:37,N,AAPL,297.24,2.0,297.27,2.0,0.0,1.0,2020-01-02 09:43:37.303216,297.28,297.33,1
2020-01-02 09:43:40,N,AAPL,297.28,2.0,297.33,4.0,1.0,2.0,2020-01-02 09:43:40.639693,297.3,297.33,0
2020-01-02 09:43:41,N,AAPL,297.3,2.0,297.33,4.0,0.0,0.0,2020-01-02 09:43:41.273480,297.31,297.35,0
2020-01-02 09:43:42,N,AAPL,297.31,2.0,297.35,1.0,1.0,0.0,2020-01-02 09:43:42.180299,297.32,297.34,0
2020-01-02 09:43:44,N,AAPL,297.32,2.0,297.34,1.0,1.0,0.0,2020-01-02 09:43:44.400667,297.26,297.28,-1
2020-01-02 09:43:45,N,AAPL,297.26,1.0,297.28,4.0,-1.0,3.0,2020-01-02 09:43:45.951610,297.26,297.28,0
2020-01-02 09:43:46,N,AAPL,297.26,5.0,297.28,3.0,4.0,1.0,2020-01-02 09:43:46.327533,297.27,297.3,0
2020-01-02 09:43:47,N,AAPL,297.27,2.0,297.3,2.0,-3.0,-1.0,2020-01-02 09:43:47.033932,297.32,297.34,1
2020-01-02 09:43:48,N,AAPL,297.32,2.0,297.34,1.0,-22.0,-1.0,2020-01-02 09:43:48.089064,297.32,297.34,0
2020-01-02 09:43:49,N,AAPL,297.32,1.0,297.34,1.0,-1.0,0.0,2020-01-02 09:43:49.425099,297.3,297.32,0
2020-01-02 09:43:50,N,AAPL,297.3,4.0,297.32,4.0,-1.0,3.0,2020-01-02 09:43:50.632127,297.3,297.32,0
2020-01-02 09:43:52,N,AAPL,297.3,1.0,297.32,4.0,-1.0,2.0,2020-01-02 09:43:52.269638,297.28,297.32,0
2020-01-02 09:43:53,N,AAPL,297.28,5.0,297.32,4.0,4.0,0.0,2020-01-02 09:43:53.410426,297.29,297.32,0
2020-01-02 09:43:54,N,AAPL,297.29,2.0,297.32,2.0,0.0,-2.0,2020-01-02 09:43:54.123722,297.32,297.34,0
2020-01-02 09:43:55,N,AAPL,297.32,3.0,297.34,2.0,2.0,1.0,2020-01-02 09:43:55.008444,297.34,297.38,0
2020-01-02 09:43:56,N,AAPL,297.34,5.0,297.38,2.0,3.0,1.0,2020-01-02 09:43:56.182014,297.38,297.41,0
2020-01-02 09:43:57,N,AAPL,297.38,2.0,297.41,3.0,1.0,-1.0,2020-01-02 09:43:57.158321,297.36,297.4,0
2020-01-02 09:43:58,N,AAPL,297.36,4.0,297.4,1.0,2.0,-2.0,2020-01-02 09:43:58.113023,297.37,297.4,0
2020-01-02 09:43:59,N,AAPL,297.37,5.0,297.4,2.0,0.0,-1.0,2020-01-02 09:43:59.198904,297.37,297.39,0
2020-01-02 09:44:00,N,AAPL,297.37,3.0,297.39,3.0,0.0,1.0,2020-01-02 09:44:00.178695,297.38,297.41,0
2020-01-02 09:44:01,N,AAPL,297.38,1.0,297.41,3.0,-2.0,1.0,2020-01-02 09:44:01.215079,297.32,297.35,-1
2020-01-02 09:44:02,N,AAPL,297.32,1.0,297.35,2.0,-1.0,-2.0,2020-01-02 09:44:02.497351,297.31,297.34,0
2020-01-02 09:44:04,N,AAPL,297.31,5.0,297.34,2.0,3.0,1.0,2020-01-02 09:44:04.053953,297.3,297.32,0
2020-01-02 09:44:05,N,AAPL,297.3,2.0,297.32,4.0,-3.0,2.0,2020-01-02 09:44:05.533505,297.24,297.26,-1
2020-01-02 09:44:06,N,AAPL,297.24,5.0,297.26,3.0,3.0,1.0,2020-01-02 09:44:06.125755,297.23,297.25,0
2020-01-02 09:44:07,N,AAPL,297.23,2.0,297.25,13.0,-2.0,-16.0,2020-01-02 09:44:07.170520,297.22,297.27,0
2020-01-02 09:44:08,N,AAPL,297.22,4.0,297.27,3.0,-1.0,2.0,2020-01-02 09:44:08.156760,297.25,297.29,0
2020-01-02 09:44:09,N,AAPL,297.25,3.0,297.29,2.0,1.0,1.0,2020-01-02 09:44:09.267603,297.21,297.26,0
2020-01-02 09:44:10,N,AAPL,297.21,3.0,297.26,1.0,1.0,-3.0,2020-01-02 09:44:10.015728,297.23,297.29,0
2020-01-02 09:44:11,N,AAPL,297.23,4.0,297.29,1.0,1.0,-1.0,2020-01-02 09:44:11.168602,297.25,297.29,0
2020-01-02 09:44:12,N,AAPL,297.25,2.0,297.29,4.0,0.0,3.0,2020-01-02 09:44:12.362507,297.24,297.26,0
2020-01-02 09:44:15,N,AAPL,297.24,2.0,297.26,2.0,0.0,-1.0,2020-01-02 09:44:15.859987,297.23,297.26,0
2020-01-02 09:44:16,N,AAPL,297.23,1.0,297.26,2.0,0.0,0.0,2020-01-02 09:44:16.097077,297.26,297.29,0
2020-01-02 09:44:18,N,AAPL,297.26,2.0,297.29,1.0,0.0,-2.0,2020-01-02 09:44:18.418266,297.27,297.3,0
2020-01-02 09:44:19,N,AAPL,297.27,3.0,297.3,1.0,1.0,-1.0,2020-01-02 09:44:19.872923,297.34,297.36,1
2020-01-02 09:44:20,N,AAPL,297.34,2.0,297.36,2.0,-2.0,-1.0,2020-01-02 09:44:20.338038,297.35,297.38,0
2020-01-02 09:44:21,N,AAPL,297.35,3.0,297.38,1.0,2.0,0.0,2020-01-02 09:44:21.059710,297.38,297.4,0
2020-01-02 09:44:24,N,AAPL,297.38,2.0,297.4,3.0,1.0,1.0,2020-01-02 09:44:24.076891,297.37,297.4,0
2020-01-02 09:44:27,N,AAPL,297.37,3.0,297.4,1.0,2.0,0.0,2020-01-02 09:44:27.621422,297.38,297.41,0
2020-01-02 09:44:29,N,AAPL,297.38,2.0,297.41,1.0,-1.0,0.0,2020-01-02 09:44:29.008084,297.35,297.39,0
2020-01-02 09:44:32,N,AAPL,297.35,1.0,297.39,4.0,-3.0,1.0,2020-01-02 09:44:32.546395,297.31,297.35,0
2020-01-02 09:44:33,N,AAPL,297.31,5.0,297.35,1.0,2.0,0.0,2020-01-02 09:44:33.413754,297.37,297.4,1
2020-01-02 09:44:36,N,AAPL,297.37,2.0,297.4,2.0,-3.0,1.0,2020-01-02 09:44:36.762650,297.36,297.39,0
2020-01-02 09:44:37,N,AAPL,297.36,3.0,297.39,2.0,1.0,0.0,2020-01-02 09:44:37.832478,297.28,297.32,-1
2020-01-02 09:44:45,N,AAPL,297.28,4.0,297.32,1.0,1.0,-1.0,2020-01-02 09:44:45.688415,297.28,297.3,0
2020-01-02 09:44:46,N,AAPL,297.28,3.0,297.3,3.0,-1.0,2.0,2020-01-02 09:44:46.392261,297.25,297.28,0
2020-01-02 09:44:52,N,AAPL,297.25,2.0,297.28,1.0,1.0,0.0,2020-01-02 09:44:52.331717,297.26,297.28,0
2020-01-02 09:44:53,N,AAPL,297.26,1.0,297.28,2.0,-1.0,1.0,2020-01-02 09:44:53.497880,297.25,297.27,0
2020-01-02 09:44:54,N,AAPL,297.25,2.0,297.27,3.0,1.0,1.0,2020-01-02 09:44:54.554532,297.21,297.25,0
2020-01-02 09:44:55,N,AAPL,297.21,2.0,297.25,1.0,0.0,-2.0,2020-01-02 09:44:55.367394,297.2,297.22,0
2020-01-02 09:44:56,N,AAPL,297.2,3.0,297.22,2.0,1.0,1.0,2020-01-02 09:44:56.503830,297.16,297.18,-1
2020-01-02 09:44:57,N,AAPL,297.16,1.0,297.18,5.0,-2.0,4.0,2020-01-02 09:44:57.905118,297.11,297.13,-1
2020-01-02 09:44:59,N,AAPL,297.11,1.0,297.13,1.0,-1.0,-4.0,2020-01-02 09:44:59.589403,297.11,297.13,0
2020-01-02 09:45:00,N,AAPL,297.11,1.0,297.13,3.0,0.0,0.0,2020-01-02 09:45:00.001258,297.2,297.22,1
2020-01-02 09:45:01,N,AAPL,297.2,1.0,297.22,2.0,0.0,-1.0,2020-01-02 09:45:01.114519,297.17,297.2,0
2020-01-02 09:45:02,N,AAPL,297.17,1.0,297.2,3.0,0.0,2.0,2020-01-02 09:45:02.118205,297.14,297.17,0
2020-01-02 09:45:03,N,AAPL,297.14,2.0,297.17,1.0,1.0,0.0,2020-01-02 09:45:03.094875,297.17,297.21,0
2020-01-02 09:45:06,N,AAPL,297.17,1.0,297.21,1.0,-1.0,0.0,2020-01-02 09:45:06.932212,297.19,297.21,0
2020-01-02 09:45:07,N,AAPL,297.19,1.0,297.21,2.0,0.0,1.0,2020-01-02 09:45:07.698131,297.17,297.19,0
2020-01-02 09:45:08,N,AAPL,297.17,2.0,297.19,2.0,1.0,0.0,2020-01-02 09:45:08.173107,297.23,297.26,1
2020-01-02 09:45:14,N,AAPL,297.23,5.0,297.26,2.0,3.0,1.0,2020-01-02 09:45:14.676559,297.26,297.28,0
2020-01-02 09:45:16,N,AAPL,297.26,3.0,297.28,1.0,-2.0,-1.0,2020-01-02 09:45:16.289897,297.27,297.29,0
2020-01-02 09:45:17,N,AAPL,297.27,2.0,297.29,1.0,-1.0,0.0,2020-01-02 09:45:17.699284,297.25,297.29,0
2020-01-02 09:45:19,N,AAPL,297.25,5.0,297.29,3.0,3.0,2.0,2020-01-02 09:45:19.045921,297.18,297.2,-1
2020-01-02 09:45:20,N,AAPL,297.18,1.0,297.2,2.0,-1.0,1.0,2020-01-02 09:45:20.077494,297.18,297.2,0
2020-01-02 09:45:21,N,AAPL,297.18,2.0,297.2,1.0,1.0,0.0,2020-01-02 09:45:21.073375,297.24,297.26,1
2020-01-02 09:45:23,N,AAPL,297.24,2.0,297.26,2.0,1.0,1.0,2020-01-02 09:45:23.484931,297.24,297.27,0
2020-01-02 09:45:25,N,AAPL,297.24,2.0,297.27,2.0,0.0,0.0,2020-01-02 09:45:25.863211,297.23,297.25,0
2020-01-02 09:45:26,N,AAPL,297.23,2.0,297.25,1.0,0.0,-1.0,2020-01-02 09:45:26.013500,297.18,297.2,-1
2020-01-02 09:45:28,N,AAPL,297.18,3.0,297.2,2.0,2.0,1.0,2020-01-02 09:45:28.234001,297.15,297.18,0
2020-01-02 09:45:29,N,AAPL,297.15,2.0,297.18,1.0,1.0,-2.0,2020-01-02 09:45:29.113920,297.15,297.18,0
2020-01-02 09:45:30,N,AAPL,297.15,1.0,297.18,2.0,-1.0,1.0,2020-01-02 09:45:30.119758,297.2,297.23,1
2020-01-02 09:45:31,N,AAPL,297.2,1.0,297.23,3.0,0.0,1.0,2020-01-02 09:45:31.471581,297.2,297.21,0
2020-01-02 09:45:32,N,AAPL,297.2,1.0,297.21,1.0,0.0,-2.0,2020-01-02 09:45:32.401523,297.23,297.25,1
2020-01-02 09:45:34,N,AAPL,297.23,3.0,297.25,1.0,2.0,-1.0,2020-01-02 09:45:34.353279,297.35,297.39,1
2020-01-02 09:45:36,N,AAPL,297.35,2.0,297.39,2.0,1.0,1.0,2020-01-02 09:45:36.428088,297.35,297.38,0
2020-01-02 09:45:37,N,AAPL,297.35,1.0,297.38,3.0,-1.0,1.0,2020-01-02 09:45:37.079771,297.35,297.39,0
2020-01-02 09:45:38,N,AAPL,297.35,2.0,297.39,2.0,0.0,1.0,2020-01-02 09:45:38.174421,297.36,297.39,0
2020-01-02 09:45:39,N,AAPL,297.36,4.0,297.39,1.0,0.0,-1.0,2020-01-02 09:45:39.521850,297.35,297.37,0
2020-01-02 09:45:40,N,AAPL,297.35,1.0,297.37,4.0,-3.0,3.0,2020-01-02 09:45:40.751263,297.35,297.38,0
2020-01-02 09:45:41,N,AAPL,297.35,4.0,297.38,1.0,3.0,-2.0,2020-01-02 09:45:41.014213,297.33,297.35,0
2020-01-02 09:45:43,N,AAPL,297.33,1.0,297.35,4.0,-2.0,3.0,2020-01-02 09:45:43.482083,297.35,297.38,0
2020-01-02 09:45:44,N,AAPL,297.35,3.0,297.38,2.0,1.0,1.0,2020-01-02 09:45:44.068929,297.35,297.38,0
2020-01-02 09:45:46,N,AAPL,297.35,2.0,297.38,2.0,0.0,-1.0,2020-01-02 09:45:46.005208,297.39,297.42,1
2020-01-02 09:45:47,N,AAPL,297.39,3.0,297.42,2.0,1.0,0.0,2020-01-02 09:45:47.135831,297.35,297.39,0
2020-01-02 09:45:49,N,AAPL,297.35,2.0,297.39,3.0,-3.0,1.0,2020-01-02 09:45:49.103021,297.35,297.39,0
2020-01-02 09:45:50,N,AAPL,297.35,4.0,297.39,1.0,0.0,-1.0,2020-01-02 09:45:50.015321,297.38,297.41,0
2020-01-02 09:45:52,N,AAPL,297.38,4.0,297.41,3.0,3.0,1.0,2020-01-02 09:45:52.862202,297.41,297.42,0
2020-01-02 09:45:53,N,AAPL,297.41,1.0,297.42,1.0,0.0,-2.0,2020-01-02 09:45:53.605076,297.38,297.41,0
2020-01-02 09:45:54,N,AAPL,297.38,2.0,297.41,2.0,0.0,-1.0,2020-01-02 09:45:54.040947,297.38,297.42,0
2020-01-02 09:45:55,N,AAPL,297.38,4.0,297.42,2.0,2.0,0.0,2020-01-02 09:45:55.822269,297.39,297.42,0
2020-01-02 09:45:56,N,AAPL,297.39,4.0,297.42,2.0,0.0,0.0,2020-01-02 09:45:56.186951,297.38,297.41,0
2020-01-02 09:45:57,N,AAPL,297.38,7.0,297.41,3.0,0.0,0.0,2020-01-02 09:45:57.118234,297.39,297.41,0
2020-01-02 09:45:58,N,AAPL,297.39,4.0,297.41,1.0,-2.0,0.0,2020-01-02 09:45:58.581186,297.39,297.41,0
2020-01-02 09:45:59,N,AAPL,297.39,2.0,297.41,1.0,-1.0,0.0,2020-01-02 09:45:59.005551,297.33,297.35,-1
2020-01-02 09:46:00,N,AAPL,297.33,2.0,297.35,1.0,1.0,-1.0,2020-01-02 09:46:00.491449,297.34,297.38,0
2020-01-02 09:46:01,N,AAPL,297.34,1.0,297.38,2.0,-1.0,-1.0,2020-01-02 09:46:01.011241,297.37,297.41,0
2020-01-02 09:46:02,N,AAPL,297.37,2.0,297.41,2.0,1.0,1.0,2020-01-02 09:46:02.483879,297.34,297.36,-1
2020-01-02 09:46:03,N,AAPL,297.34,1.0,297.36,1.0,0.0,-4.0,2020-01-02 09:46:03.088871,297.33,297.35,0
2020-01-02 09:46:04,N,AAPL,297.33,6.0,297.35,2.0,4.0,1.0,2020-01-02 09:46:04.404024,297.33,297.35,0
2020-01-02 09:46:05,N,AAPL,297.33,6.0,297.35,2.0,0.0,1.0,2020-01-02 09:46:05.066908,297.33,297.36,0
2020-01-02 09:46:07,N,AAPL,297.33,6.0,297.36,3.0,0.0,1.0,2020-01-02 09:46:07.825082,297.31,297.33,0
2020-01-02 09:46:09,N,AAPL,297.31,3.0,297.33,1.0,-3.0,-2.0,2020-01-02 09:46:09.032450,297.26,297.29,-1
2020-01-02 09:46:10,N,AAPL,297.26,4.0,297.29,3.0,2.0,2.0,2020-01-02 09:46:10.108381,297.26,297.29,0
2020-01-02 09:46:11,N,AAPL,297.26,3.0,297.29,3.0,0.0,0.0,2020-01-02 09:46:11.017980,297.26,297.29,0
2020-01-02 09:46:12,N,AAPL,297.26,2.0,297.29,1.0,-1.0,-2.0,2020-01-02 09:46:12.979772,297.26,297.29,0
2020-01-02 09:46:13,N,AAPL,297.26,6.0,297.29,1.0,4.0,0.0,2020-01-02 09:46:13.010126,297.29,297.31,0
2020-01-02 09:46:14,N,AAPL,297.29,4.0,297.31,1.0,2.0,-1.0,2020-01-02 09:46:14.436045,297.3,297.33,0
2020-01-02 09:46:17,N,AAPL,297.3,3.0,297.33,1.0,-1.0,0.0,2020-01-02 09:46:17.424133,297.27,297.29,-1
2020-01-02 09:46:19,N,AAPL,297.27,3.0,297.29,1.0,0.0,-1.0,2020-01-02 09:46:19.137944,297.3,297.34,1
2020-01-02 09:46:20,N,AAPL,297.3,4.0,297.34,3.0,2.0,2.0,2020-01-02 09:46:20.220066,297.28,297.32,0
2020-01-02 09:46:21,N,AAPL,297.28,2.0,297.32,2.0,-1.0,0.0,2020-01-02 09:46:21.282870,297.3,297.33,0
2020-01-02 09:46:23,N,AAPL,297.3,3.0,297.33,1.0,1.0,0.0,2020-01-02 09:46:23.073534,297.3,297.34,0
2020-01-02 09:46:24,N,AAPL,297.3,3.0,297.34,3.0,-1.0,1.0,2020-01-02 09:46:24.344153,297.31,297.35,0
2020-01-02 09:46:25,N,AAPL,297.31,1.0,297.35,4.0,-1.0,3.0,2020-01-02 09:46:25.141142,297.3,297.34,0
2020-01-02 09:46:26,N,AAPL,297.3,3.0,297.34,3.0,0.0,2.0,2020-01-02 09:46:26.139138,297.3,297.34,0
2020-01-02 09:46:27,N,AAPL,297.3,3.0,297.34,4.0,1.0,1.0,2020-01-02 09:46:27.333209,297.29,297.31,0
2020-01-02 09:46:29,N,AAPL,297.29,2.0,297.31,4.0,0.0,3.0,2020-01-02 09:46:29.890450,297.28,297.3,0
2020-01-02 09:46:30,N,AAPL,297.28,2.0,297.3,1.0,1.0,-1.0,2020-01-02 09:46:30.703852,297.27,297.31,0
2020-01-02 09:46:31,N,AAPL,297.27,4.0,297.31,2.0,3.0,1.0,2020-01-02 09:46:31.736067,297.3,297.33,0
2020-01-02 09:46:32,N,AAPL,297.3,2.0,297.33,2.0,0.0,0.0,2020-01-02 09:46:32.111108,297.3,297.32,0
2020-01-02 09:46:33,N,AAPL,297.3,2.0,297.32,2.0,0.0,0.0,2020-01-02 09:46:33.020122,297.33,297.35,1
2020-01-02 09:46:34,N,AAPL,297.33,1.0,297.35,1.0,-1.0,0.0,2020-01-02 09:46:34.009498,297.34,297.37,0
2020-01-02 09:46:35,N,AAPL,297.34,2.0,297.37,2.0,-1.0,1.0,2020-01-02 09:46:35.174117,297.35,297.37,0
2020-01-02 09:46:36,N,AAPL,297.35,1.0,297.37,2.0,0.0,0.0,2020-01-02 09:46:36.202265,297.36,297.4,0
2020-01-02 09:46:37,N,AAPL,297.36,3.0,297.4,10.0,2.0,8.0,2020-01-02 09:46:37.745194,297.36,297.39,0
2020-01-02 09:46:38,N,AAPL,297.36,2.0,297.39,1.0,0.0,0.0,2020-01-02 09:46:38.771643,297.36,297.39,0
2020-01-02 09:46:39,N,AAPL,297.36,3.0,297.39,2.0,1.0,1.0,2020-01-02 09:46:39.113518,297.38,297.4,0
2020-01-02 09:46:40,N,AAPL,297.38,4.0,297.4,10.0,1.0,8.0,2020-01-02 09:46:40.601511,297.38,297.39,0
2020-01-02 09:46:42,N,AAPL,297.38,1.0,297.39,5.0,-1.0,-4.0,2020-01-02 09:46:42.171082,297.36,297.38,0
2020-01-02 09:46:43,N,AAPL,297.36,3.0,297.38,2.0,2.0,-3.0,2020-01-02 09:46:43.554131,297.36,297.37,0
2020-01-02 09:46:44,N,AAPL,297.36,3.0,297.37,1.0,0.0,-1.0,2020-01-02 09:46:44.256826,297.29,297.33,-1
2020-01-02 09:46:45,N,AAPL,297.29,3.0,297.33,2.0,-1.0,0.0,2020-01-02 09:46:45.009776,297.3,297.33,0
2020-01-02 09:46:46,N,AAPL,297.3,4.0,297.33,1.0,2.0,-1.0,2020-01-02 09:46:46.185317,297.27,297.3,0
2020-01-02 09:46:47,N,AAPL,297.27,2.0,297.3,3.0,-1.0,1.0,2020-01-02 09:46:47.083867,297.25,297.27,0
2020-01-02 09:46:49,N,AAPL,297.25,4.0,297.27,5.0,3.0,3.0,2020-01-02 09:46:49.072268,297.24,297.27,0
2020-01-02 09:46:50,N,AAPL,297.24,2.0,297.27,2.0,1.0,0.0,2020-01-02 09:46:50.532186,297.24,297.27,0
2020-01-02 09:46:51,N,AAPL,297.24,4.0,297.27,2.0,2.0,1.0,2020-01-02 09:46:51.033389,297.24,297.27,0
2020-01-02 09:46:52,N,AAPL,297.24,4.0,297.27,1.0,0.0,0.0,2020-01-02 09:46:52.684810,297.24,297.27,0
2020-01-02 09:46:53,N,AAPL,297.24,4.0,297.27,1.0,0.0,0.0,2020-01-02 09:46:53.982396,297.23,297.25,0
2020-01-02 09:46:54,N,AAPL,297.23,5.0,297.25,3.0,1.0,2.0,2020-01-02 09:46:54.229698,297.25,297.27,0
2020-01-02 09:46:56,N,AAPL,297.25,3.0,297.27,4.0,-2.0,1.0,2020-01-02 09:46:56.529299,297.24,297.25,0
2020-01-02 09:46:57,N,AAPL,297.24,1.0,297.25,4.0,-2.0,1.0,2020-01-02 09:46:57.081794,297.23,297.25,0
2020-01-02 09:46:58,N,AAPL,297.23,4.0,297.25,4.0,3.0,3.0,2020-01-02 09:46:58.036833,297.24,297.26,0
2020-01-02 09:47:00,N,AAPL,297.24,3.0,297.26,4.0,-2.0,3.0,2020-01-02 09:47:00.071028,297.18,297.21,-1
2020-01-02 09:47:01,N,AAPL,297.18,1.0,297.21,2.0,0.0,1.0,2020-01-02 09:47:01.006399,297.14,297.16,-1
2020-01-02 09:47:02,N,AAPL,297.14,1.0,297.16,3.0,0.0,0.0,2020-01-02 09:47:02.104007,297.11,297.12,-1
2020-01-02 09:47:03,N,AAPL,297.11,1.0,297.12,1.0,0.0,-4.0,2020-01-02 09:47:03.726109,297.07,297.09,-1
2020-01-02 09:47:04,N,AAPL,297.07,1.0,297.09,2.0,0.0,1.0,2020-01-02 09:47:04.431684,297.09,297.11,0
2020-01-02 09:47:05,N,AAPL,297.09,3.0,297.11,1.0,2.0,-1.0,2020-01-02 09:47:05.294631,297.06,297.08,-1
2020-01-02 09:47:06,N,AAPL,297.06,2.0,297.08,1.0,0.0,0.0,2020-01-02 09:47:06.056599,297.1,297.13,1
2020-01-02 09:47:07,N,AAPL,297.1,2.0,297.13,1.0,0.0,0.0,2020-01-02 09:47:07.941502,297.11,297.13,0
2020-01-02 09:47:08,N,AAPL,297.11,2.0,297.13,1.0,-1.0,0.0,2020-01-02 09:47:08.113316,297.09,297.12,0
2020-01-02 09:47:09,N,AAPL,297.09,2.0,297.12,1.0,0.0,-2.0,2020-01-02 09:47:09.073583,297.1,297.12,0
2020-01-02 09:47:10,N,AAPL,297.1,3.0,297.12,1.0,0.0,-2.0,2020-01-02 09:47:10.514742,297.12,297.16,0
2020-01-02 09:47:11,N,AAPL,297.12,2.0,297.16,2.0,-1.0,1.0,2020-01-02 09:47:11.245518,297.12,297.14,0
2020-01-02 09:47:12,N,AAPL,297.12,5.0,297.14,1.0,3.0,-2.0,2020-01-02 09:47:12.067325,297.13,297.16,0
2020-01-02 09:47:13,N,AAPL,297.13,4.0,297.16,1.0,2.0,-1.0,2020-01-02 09:47:13.063999,297.13,297.16,0
2020-01-02 09:47:14,N,AAPL,297.13,1.0,297.16,2.0,-2.0,-3.0,2020-01-02 09:47:14.063612,297.12,297.15,0
2020-01-02 09:47:15,N,AAPL,297.12,2.0,297.15,2.0,0.0,0.0,2020-01-02 09:47:15.628092,297.12,297.15,0
2020-01-02 09:47:16,N,AAPL,297.12,2.0,297.15,2.0,0.0,0.0,2020-01-02 09:47:16.185196,297.19,297.21,1
2020-01-02 09:47:17,N,AAPL,297.19,1.0,297.21,1.0,-2.0,-2.0,2020-01-02 09:47:17.015084,297.2,297.22,0
2020-01-02 09:47:19,N,AAPL,297.2,3.0,297.22,1.0,1.0,0.0,2020-01-02 09:47:19.097554,297.19,297.21,0
2020-01-02 09:47:20,N,AAPL,297.19,2.0,297.21,1.0,-1.0,-1.0,2020-01-02 09:47:20.118907,297.19,297.21,0
2020-01-02 09:47:22,N,AAPL,297.19,3.0,297.21,4.0,0.0,2.0,2020-01-02 09:47:22.430329,297.17,297.18,-1
2020-01-02 09:47:23,N,AAPL,297.17,2.0,297.18,1.0,-1.0,-2.0,2020-01-02 09:47:23.551177,297.12,297.15,-1
2020-01-02 09:47:24,N,AAPL,297.12,1.0,297.15,2.0,0.0,1.0,2020-01-02 09:47:24.041361,297.11,297.13,0
2020-01-02 09:47:25,N,AAPL,297.11,1.0,297.13,1.0,-1.0,-1.0,2020-01-02 09:47:25.082332,297.11,297.15,0
2020-01-02 09:47:26,N,AAPL,297.11,1.0,297.15,2.0,-1.0,0.0,2020-01-02 09:47:26.007672,297.06,297.1,-1
2020-01-02 09:47:27,N,AAPL,297.06,2.0,297.1,2.0,0.0,1.0,2020-01-02 09:47:27.028808,297.03,297.05,-1
2020-01-02 09:47:28,N,AAPL,297.03,2.0,297.05,2.0,0.0,0.0,2020-01-02 09:47:28.177291,297.05,297.08,0
2020-01-02 09:47:29,N,AAPL,297.05,1.0,297.08,1.0,-4.0,-1.0,2020-01-02 09:47:29.000106,297.04,297.07,0
2020-01-02 09:47:30,N,AAPL,297.04,3.0,297.07,1.0,1.0,0.0,2020-01-02 09:47:30.030559,297.05,297.08,0
2020-01-02 09:47:31,N,AAPL,297.05,2.0,297.08,3.0,0.0,2.0,2020-01-02 09:47:31.005162,297.02,297.06,0
2020-01-02 09:47:32,N,AAPL,297.02,2.0,297.06,3.0,1.0,0.0,2020-01-02 09:47:32.231714,297.09,297.1,1
2020-01-02 09:47:34,N,AAPL,297.09,1.0,297.1,3.0,0.0,-4.0,2020-01-02 09:47:34.339393,297.09,297.11,0
2020-01-02 09:47:35,N,AAPL,297.09,2.0,297.11,3.0,1.0,0.0,2020-01-02 09:47:35.703007,297.09,297.11,0
2020-01-02 09:47:36,N,AAPL,297.09,2.0,297.11,4.0,0.0,1.0,2020-01-02 09:47:36.269951,297.11,297.13,0
2020-01-02 09:47:37,N,AAPL,297.11,3.0,297.13,2.0,1.0,1.0,2020-01-02 09:47:37.222173,297.1,297.14,0
2020-01-02 09:47:38,N,AAPL,297.1,2.0,297.14,1.0,-1.0,0.0,2020-01-02 09:47:38.883939,297.13,297.15,0
2020-01-02 09:47:39,N,AAPL,297.13,1.0,297.15,1.0,-1.0,0.0,2020-01-02 09:47:39.062360,297.2,297.23,1
2020-01-02 09:47:40,N,AAPL,297.2,4.0,297.23,2.0,3.0,0.0,2020-01-02 09:47:40.010751,297.14,297.17,-1
2020-01-02 09:47:41,N,AAPL,297.14,1.0,297.17,1.0,-2.0,-1.0,2020-01-02 09:47:41.879573,297.12,297.14,0
2020-01-02 09:47:42,N,AAPL,297.12,2.0,297.14,2.0,1.0,-2.0,2020-01-02 09:47:42.101039,297.15,297.17,1
2020-01-02 09:47:45,N,AAPL,297.15,2.0,297.17,3.0,1.0,0.0,2020-01-02 09:47:45.980567,297.17,297.19,0
2020-01-02 09:47:46,N,AAPL,297.17,1.0,297.19,1.0,0.0,-2.0,2020-01-02 09:47:46.114663,297.18,297.21,0
2020-01-02 09:47:47,N,AAPL,297.18,2.0,297.21,1.0,0.0,0.0,2020-01-02 09:47:47.153440,297.15,297.18,0
2020-01-02 09:47:49,N,AAPL,297.15,2.0,297.18,2.0,0.0,1.0,2020-01-02 09:47:49.092267,297.18,297.21,0
2020-01-02 09:47:50,N,AAPL,297.18,1.0,297.21,2.0,0.0,0.0,2020-01-02 09:47:50.065926,297.17,297.19,0
2020-01-02 09:47:53,N,AAPL,297.17,3.0,297.19,1.0,1.0,-1.0,2020-01-02 09:47:53.469047,297.18,297.21,0
2020-01-02 09:47:54,N,AAPL,297.18,4.0,297.21,3.0,0.0,2.0,2020-01-02 09:47:54.008370,297.18,297.22,0
2020-01-02 09:47:55,N,AAPL,297.18,1.0,297.22,3.0,0.0,0.0,2020-01-02 09:47:55.394691,297.21,297.24,0
2020-01-02 09:47:56,N,AAPL,297.21,4.0,297.24,5.0,3.0,-1.0,2020-01-02 09:47:56.642351,297.2,297.24,0
2020-01-02 09:47:57,N,AAPL,297.2,3.0,297.24,29.0,0.0,27.0,2020-01-02 09:47:57.206239,297.22,297.24,0
2020-01-02 09:47:59,N,AAPL,297.22,4.0,297.24,28.0,1.0,26.0,2020-01-02 09:47:59.678931,297.23,297.24,0
2020-01-02 09:48:00,N,AAPL,297.23,2.0,297.24,12.0,-2.0,-16.0,2020-01-02 09:48:00.414498,297.3,297.33,1
2020-01-02 09:48:01,N,AAPL,297.3,4.0,297.33,1.0,3.0,0.0,2020-01-02 09:48:01.400125,297.36,297.38,1
2020-01-02 09:48:02,N,AAPL,297.36,1.0,297.38,1.0,-1.0,0.0,2020-01-02 09:48:02.913762,297.36,297.38,0
2020-01-02 09:48:03,N,AAPL,297.36,2.0,297.38,1.0,1.0,0.0,2020-01-02 09:48:03.031107,297.37,297.4,0
2020-01-02 09:48:04,N,AAPL,297.37,3.0,297.4,9.0,2.0,8.0,2020-01-02 09:48:04.320161,297.37,297.39,0
2020-01-02 09:48:07,N,AAPL,297.37,3.0,297.39,4.0,0.0,-5.0,2020-01-02 09:48:07.396245,297.37,297.4,0
2020-01-02 09:48:08,N,AAPL,297.37,1.0,297.4,2.0,-1.0,0.0,2020-01-02 09:48:08.708158,297.32,297.35,-1
2020-01-02 09:48:09,N,AAPL,297.32,1.0,297.35,3.0,-1.0,2.0,2020-01-02 09:48:09.235819,297.3,297.33,0
2020-01-02 09:48:10,N,AAPL,297.3,2.0,297.33,4.0,0.0,-1.0,2020-01-02 09:48:10.466247,297.32,297.35,0
2020-01-02 09:48:11,N,AAPL,297.32,3.0,297.35,3.0,1.0,-1.0,2020-01-02 09:48:11.409329,297.3,297.34,0
2020-01-02 09:48:13,N,AAPL,297.3,2.0,297.34,1.0,0.0,-3.0,2020-01-02 09:48:13.259482,297.18,297.19,-1
2020-01-02 09:48:14,N,AAPL,297.18,1.0,297.19,1.0,0.0,0.0,2020-01-02 09:48:14.344236,297.17,297.24,0
2020-01-02 09:48:15,N,AAPL,297.17,4.0,297.24,1.0,1.0,-2.0,2020-01-02 09:48:15.008959,297.23,297.27,0
2020-01-02 09:48:17,N,AAPL,297.23,1.0,297.27,1.0,0.0,-1.0,2020-01-02 09:48:17.390368,297.27,297.29,0
2020-01-02 09:48:18,N,AAPL,297.27,1.0,297.29,2.0,0.0,0.0,2020-01-02 09:48:18.122642,297.29,297.32,0
2020-01-02 09:48:19,N,AAPL,297.29,1.0,297.32,1.0,-1.0,-2.0,2020-01-02 09:48:19.671069,297.3,297.33,0
2020-01-02 09:48:20,N,AAPL,297.3,2.0,297.33,1.0,-6.0,0.0,2020-01-02 09:48:20.518181,297.29,297.31,0
2020-01-02 09:48:21,N,AAPL,297.29,1.0,297.31,20.0,-1.0,19.0,2020-01-02 09:48:21.783046,297.21,297.24,-1
2020-01-02 09:48:22,N,AAPL,297.21,4.0,297.24,5.0,0.0,3.0,2020-01-02 09:48:22.712611,297.22,297.28,0
2020-01-02 09:48:23,N,AAPL,297.22,2.0,297.28,3.0,-1.0,0.0,2020-01-02 09:48:23.057552,297.2,297.23,0
2020-01-02 09:48:24,N,AAPL,297.2,4.0,297.23,2.0,1.0,0.0,2020-01-02 09:48:24.546296,297.23,297.28,0
2020-01-02 09:48:25,N,AAPL,297.23,4.0,297.28,2.0,1.0,0.0,2020-01-02 09:48:25.073392,297.23,297.28,0
2020-01-02 09:48:26,N,AAPL,297.23,10.0,297.28,2.0,8.0,-1.0,2020-01-02 09:48:26.036540,297.32,297.35,1
2020-01-02 09:48:27,N,AAPL,297.32,3.0,297.35,1.0,-1.0,-1.0,2020-01-02 09:48:27.111556,297.32,297.35,0
2020-01-02 09:48:29,N,AAPL,297.32,5.0,297.35,4.0,4.0,-1.0,2020-01-02 09:48:29.633805,297.33,297.36,0
2020-01-02 09:48:31,N,AAPL,297.33,3.0,297.36,1.0,2.0,-1.0,2020-01-02 09:48:31.255895,297.31,297.34,0
2020-01-02 09:48:32,N,AAPL,297.31,2.0,297.34,3.0,-1.0,1.0,2020-01-02 09:48:32.085607,297.29,297.32,0
2020-01-02 09:48:33,N,AAPL,297.29,2.0,297.32,3.0,1.0,0.0,2020-01-02 09:48:33.088933,297.29,297.32,0
2020-01-02 09:48:36,N,AAPL,297.29,3.0,297.32,2.0,1.0,-1.0,2020-01-02 09:48:36.327799,297.29,297.32,0
2020-01-02 09:48:37,N,AAPL,297.29,3.0,297.32,2.0,0.0,0.0,2020-01-02 09:48:37.008079,297.25,297.3,0
2020-01-02 09:48:38,N,AAPL,297.25,2.0,297.3,5.0,-2.0,3.0,2020-01-02 09:48:38.458078,297.28,297.31,0
2020-01-02 09:48:39,N,AAPL,297.28,1.0,297.31,4.0,-2.0,0.0,2020-01-02 09:48:39.291548,297.28,297.31,0
2020-01-02 09:48:40,N,AAPL,297.28,2.0,297.31,4.0,1.0,0.0,2020-01-02 09:48:40.155253,297.28,297.3,0
2020-01-02 09:48:42,N,AAPL,297.28,1.0,297.3,5.0,-1.0,4.0,2020-01-02 09:48:42.159092,297.25,297.28,0
2020-01-02 09:48:43,N,AAPL,297.25,2.0,297.28,2.0,0.0,-1.0,2020-01-02 09:48:43.134905,297.23,297.25,0
2020-01-02 09:48:44,N,AAPL,297.23,4.0,297.25,1.0,-5.0,-1.0,2020-01-02 09:48:44.062060,297.2,297.22,-1
2020-01-02 09:48:45,N,AAPL,297.2,3.0,297.22,6.0,1.0,4.0,2020-01-02 09:48:45.768775,297.19,297.2,0
2020-01-02 09:48:46,N,AAPL,297.19,1.0,297.2,1.0,0.0,-3.0,2020-01-02 09:48:46.026127,297.18,297.22,0
2020-01-02 09:48:47,N,AAPL,297.18,3.0,297.22,3.0,1.0,-1.0,2020-01-02 09:48:47.906965,297.19,297.22,0
2020-01-02 09:48:48,N,AAPL,297.19,2.0,297.22,1.0,-1.0,-2.0,2020-01-02 09:48:48.794774,297.21,297.25,0
2020-01-02 09:48:50,N,AAPL,297.21,2.0,297.25,2.0,0.0,1.0,2020-01-02 09:48:50.068790,297.19,297.22,0
2020-01-02 09:48:53,N,AAPL,297.19,4.0,297.22,1.0,2.0,0.0,2020-01-02 09:48:53.230160,297.23,297.25,1
2020-01-02 09:48:57,N,AAPL,297.23,4.0,297.25,1.0,3.0,-2.0,2020-01-02 09:48:57.278756,297.19,297.22,-1
2020-01-02 09:48:58,N,AAPL,297.19,2.0,297.22,3.0,-2.0,2.0,2020-01-02 09:48:58.318409,297.17,297.2,0
2020-01-02 09:49:00,N,AAPL,297.17,3.0,297.2,2.0,1.0,-2.0,2020-01-02 09:49:00.482725,297.18,297.21,0
2020-01-02 09:49:01,N,AAPL,297.18,4.0,297.21,2.0,3.0,0.0,2020-01-02 09:49:01.200521,297.18,297.18,0
2020-01-02 09:49:03,N,AAPL,297.18,4.0,297.18,1.0,2.0,0.0,2020-01-02 09:49:03.176740,297.15,297.17,-1
2020-01-02 09:49:04,N,AAPL,297.15,3.0,297.17,2.0,2.0,1.0,2020-01-02 09:49:04.666166,297.14,297.16,0
2020-01-02 09:49:05,N,AAPL,297.14,4.0,297.16,4.0,3.0,1.0,2020-01-02 09:49:05.524898,297.1,297.14,0
2020-01-02 09:49:06,N,AAPL,297.1,2.0,297.14,3.0,-4.0,1.0,2020-01-02 09:49:06.207476,297.14,297.17,0
2020-01-02 09:49:09,N,AAPL,297.14,2.0,297.17,2.0,0.0,0.0,2020-01-02 09:49:09.813714,297.13,297.17,0
2020-01-02 09:49:10,N,AAPL,297.13,5.0,297.17,2.0,4.0,0.0,2020-01-02 09:49:10.237500,297.19,297.23,1
2020-01-02 09:49:17,N,AAPL,297.19,3.0,297.23,4.0,0.0,1.0,2020-01-02 09:49:17.243795,297.19,297.21,0
2020-01-02 09:49:18,N,AAPL,297.19,2.0,297.21,4.0,-2.0,2.0,2020-01-02 09:49:18.513374,297.18,297.2,0
2020-01-02 09:49:19,N,AAPL,297.18,1.0,297.2,3.0,-1.0,-2.0,2020-01-02 09:49:19.014933,297.12,297.15,-1
2020-01-02 09:49:20,N,AAPL,297.12,2.0,297.15,2.0,-1.0,-4.0,2020-01-02 09:49:20.195740,297.07,297.09,-1
2020-01-02 09:49:22,N,AAPL,297.07,2.0,297.09,2.0,0.0,1.0,2020-01-02 09:49:22.192293,297.05,297.08,0
2020-01-02 09:49:23,N,AAPL,297.05,2.0,297.08,2.0,0.0,0.0,2020-01-02 09:49:23.081995,297.06,297.09,0
2020-01-02 09:49:24,N,AAPL,297.06,1.0,297.09,2.0,0.0,-1.0,2020-01-02 09:49:24.725709,297.08,297.11,0
2020-01-02 09:49:25,N,AAPL,297.08,1.0,297.11,1.0,-1.0,-2.0,2020-01-02 09:49:25.404494,297.04,297.07,-1
2020-01-02 09:49:30,N,AAPL,297.04,1.0,297.07,4.0,-1.0,3.0,2020-01-02 09:49:30.481392,296.98,297.0,-1
2020-01-02 09:49:31,N,AAPL,296.98,2.0,297.0,2.0,1.0,-1.0,2020-01-02 09:49:31.341516,296.98,297.01,0
2020-01-02 09:49:32,N,AAPL,296.98,2.0,297.01,2.0,0.0,0.0,2020-01-02 09:49:32.203955,296.93,296.96,-1
2020-01-02 09:49:33,N,AAPL,296.93,1.0,296.96,1.0,0.0,-1.0,2020-01-02 09:49:33.059181,296.92,296.94,0
2020-01-02 09:49:34,N,AAPL,296.92,2.0,296.94,1.0,1.0,-1.0,2020-01-02 09:49:34.263642,296.94,296.96,0
2020-01-02 09:49:35,N,AAPL,296.94,1.0,296.96,2.0,-1.0,1.0,2020-01-02 09:49:35.340847,296.92,296.96,0
2020-01-02 09:49:36,N,AAPL,296.92,2.0,296.96,4.0,1.0,3.0,2020-01-02 09:49:36.001280,296.95,296.98,0
2020-01-02 09:49:37,N,AAPL,296.95,1.0,296.98,3.0,0.0,2.0,2020-01-02 09:49:37.274350,296.94,296.98,0
2020-01-02 09:49:40,N,AAPL,296.94,5.0,296.98,1.0,3.0,-2.0,2020-01-02 09:49:40.082781,296.94,296.96,0
2020-01-02 09:49:41,N,AAPL,296.94,2.0,296.96,2.0,1.0,-3.0,2020-01-02 09:49:41.461047,296.89,296.91,-1
2020-01-02 09:49:44,N,AAPL,296.89,1.0,296.91,2.0,-1.0,0.0,2020-01-02 09:49:44.061251,296.88,296.89,0
2020-01-02 09:49:45,N,AAPL,296.88,1.0,296.89,1.0,0.0,-3.0,2020-01-02 09:49:45.541694,296.86,296.88,0
2020-01-02 09:49:48,N,AAPL,296.86,10.0,296.88,3.0,9.0,0.0,2020-01-02 09:49:48.378354,296.86,296.88,0
2020-01-02 09:49:49,N,AAPL,296.86,1.0,296.88,3.0,-2.0,1.0,2020-01-02 09:49:49.230876,296.8,296.83,-1
2020-01-02 09:49:50,N,AAPL,296.8,10.0,296.83,2.0,9.0,-1.0,2020-01-02 09:49:50.964424,296.82,296.86,0
2020-01-02 09:49:52,N,AAPL,296.82,1.0,296.86,4.0,-9.0,2.0,2020-01-02 09:49:52.356387,296.83,296.85,0
2020-01-02 09:49:53,N,AAPL,296.83,2.0,296.85,1.0,1.0,-10.0,2020-01-02 09:49:53.593387,296.81,296.85,0
2020-01-02 09:49:54,N,AAPL,296.81,2.0,296.85,1.0,0.0,0.0,2020-01-02 09:49:54.813815,296.81,296.84,0
2020-01-02 09:49:55,N,AAPL,296.81,2.0,296.84,1.0,0.0,0.0,2020-01-02 09:49:55.136093,296.81,296.83,0
2020-01-02 09:49:56,N,AAPL,296.81,2.0,296.83,1.0,-9.0,-4.0,2020-01-02 09:49:56.107452,296.88,296.89,1
2020-01-02 09:49:57,N,AAPL,296.88,2.0,296.89,2.0,0.0,1.0,2020-01-02 09:49:57.378066,296.88,296.9,0
2020-01-02 09:49:58,N,AAPL,296.88,4.0,296.9,1.0,2.0,-1.0,2020-01-02 09:49:58.057230,296.82,296.84,-1
2020-01-02 09:49:59,N,AAPL,296.82,2.0,296.84,1.0,-1.0,0.0,2020-01-02 09:49:59.395646,296.8,296.83,0
2020-01-02 09:50:00,N,AAPL,296.8,11.0,296.83,2.0,9.0,1.0,2020-01-02 09:50:00.038764,296.83,296.86,0
2020-01-02 09:50:01,N,AAPL,296.83,2.0,296.86,1.0,1.0,-1.0,2020-01-02 09:50:01.114163,296.8,296.83,0
2020-01-02 09:50:02,N,AAPL,296.8,13.0,296.83,2.0,12.0,0.0,2020-01-02 09:50:02.239785,296.72,296.76,-1
2020-01-02 09:50:03,N,AAPL,296.72,3.0,296.76,2.0,2.0,1.0,2020-01-02 09:50:03.054587,296.74,296.77,0
2020-01-02 09:50:04,N,AAPL,296.74,1.0,296.77,2.0,-2.0,0.0,2020-01-02 09:50:04.369154,296.82,296.85,1
2020-01-02 09:50:05,N,AAPL,296.82,1.0,296.85,1.0,-2.0,-1.0,2020-01-02 09:50:05.837734,296.84,296.87,0
2020-01-02 09:50:06,N,AAPL,296.84,1.0,296.87,2.0,0.0,1.0,2020-01-02 09:50:06.029731,296.92,296.94,1
2020-01-02 09:50:07,N,AAPL,296.92,2.0,296.94,2.0,0.0,0.0,2020-01-02 09:50:07.092439,296.97,296.99,1
2020-01-02 09:50:08,N,AAPL,296.97,2.0,296.99,1.0,0.0,-2.0,2020-01-02 09:50:08.012039,296.96,297.0,0
2020-01-02 09:50:09,N,AAPL,296.96,1.0,297.0,2.0,0.0,1.0,2020-01-02 09:50:09.450940,296.87,296.91,-1
2020-01-02 09:50:10,N,AAPL,296.87,2.0,296.91,4.0,0.0,3.0,2020-01-02 09:50:10.182075,296.87,296.9,0
2020-01-02 09:50:11,N,AAPL,296.87,3.0,296.9,1.0,2.0,0.0,2020-01-02 09:50:11.689539,296.92,296.95,1
2020-01-02 09:50:12,N,AAPL,296.92,1.0,296.95,4.0,-2.0,3.0,2020-01-02 09:50:12.311343,296.94,296.97,0
2020-01-02 09:50:13,N,AAPL,296.94,1.0,296.97,1.0,-2.0,-1.0,2020-01-02 09:50:13.021024,296.91,296.93,-1
2020-01-02 09:50:14,N,AAPL,296.91,1.0,296.93,4.0,-1.0,3.0,2020-01-02 09:50:14.160360,296.94,296.97,1
2020-01-02 09:50:15,N,AAPL,296.94,2.0,296.97,2.0,1.0,1.0,2020-01-02 09:50:15.007596,296.92,296.96,0
2020-01-02 09:50:16,N,AAPL,296.92,1.0,296.96,4.0,0.0,0.0,2020-01-02 09:50:16.081283,296.94,296.96,0
2020-01-02 09:50:17,N,AAPL,296.94,1.0,296.96,1.0,-1.0,-1.0,2020-01-02 09:50:17.680115,296.93,296.95,0
2020-01-02 09:50:18,N,AAPL,296.93,1.0,296.95,2.0,0.0,1.0,2020-01-02 09:50:18.103554,296.94,296.96,0
2020-01-02 09:50:19,N,AAPL,296.94,3.0,296.96,2.0,2.0,0.0,2020-01-02 09:50:19.099341,296.95,296.97,0
2020-01-02 09:50:20,N,AAPL,296.95,2.0,296.97,2.0,0.0,-1.0,2020-01-02 09:50:20.280885,296.97,297.0,0
2020-01-02 09:50:21,N,AAPL,296.97,2.0,297.0,2.0,1.0,1.0,2020-01-02 09:50:21.329323,296.98,297.01,0
2020-01-02 09:50:24,N,AAPL,296.98,1.0,297.01,1.0,-1.0,-1.0,2020-01-02 09:50:24.267311,296.99,297.02,0
2020-01-02 09:50:26,N,AAPL,296.99,3.0,297.02,2.0,2.0,1.0,2020-01-02 09:50:26.370430,296.98,297.01,0
2020-01-02 09:50:27,N,AAPL,296.98,2.0,297.01,1.0,1.0,-2.0,2020-01-02 09:50:27.003456,297.03,297.07,1
2020-01-02 09:50:28,N,AAPL,297.03,3.0,297.07,2.0,1.0,1.0,2020-01-02 09:50:28.073643,297.03,297.07,0
2020-01-02 09:50:29,N,AAPL,297.03,2.0,297.07,4.0,0.0,3.0,2020-01-02 09:50:29.004160,297.06,297.08,0
2020-01-02 09:50:30,N,AAPL,297.06,2.0,297.08,2.0,0.0,0.0,2020-01-02 09:50:30.346658,297.06,297.09,0
2020-01-02 09:50:32,N,AAPL,297.06,1.0,297.09,2.0,-1.0,0.0,2020-01-02 09:50:32.206457,297.06,297.1,0
2020-01-02 09:50:33,N,AAPL,297.06,3.0,297.1,3.0,2.0,1.0,2020-01-02 09:50:33.124217,297.08,297.09,0
2020-01-02 09:50:40,N,AAPL,297.08,4.0,297.09,1.0,2.0,-1.0,2020-01-02 09:50:40.709079,297.1,297.12,1
2020-01-02 09:50:41,N,AAPL,297.1,4.0,297.12,1.0,0.0,-1.0,2020-01-02 09:50:41.296142,297.11,297.14,0
2020-01-02 09:50:43,N,AAPL,297.11,4.0,297.14,4.0,1.0,3.0,2020-01-02 09:50:43.762253,297.09,297.11,0
2020-01-02 09:50:44,N,AAPL,297.09,3.0,297.11,3.0,-6.0,0.0,2020-01-02 09:50:44.437040,297.07,297.09,0
2020-01-02 09:50:45,N,AAPL,297.07,2.0,297.09,2.0,1.0,-1.0,2020-01-02 09:50:45.027045,297.06,297.08,0
2020-01-02 09:50:46,N,AAPL,297.06,2.0,297.08,5.0,0.0,4.0,2020-01-02 09:50:46.321939,297.04,297.06,0
2020-01-02 09:50:47,N,AAPL,297.04,1.0,297.06,4.0,-1.0,2.0,2020-01-02 09:50:47.263872,297.05,297.08,0
2020-01-02 09:50:48,N,AAPL,297.05,2.0,297.08,2.0,1.0,0.0,2020-01-02 09:50:48.074226,297.06,297.07,0
2020-01-02 09:50:50,N,AAPL,297.06,1.0,297.07,1.0,-1.0,-1.0,2020-01-02 09:50:50.375679,297.03,297.04,-1
2020-01-02 09:50:52,N,AAPL,297.03,1.0,297.04,2.0,-2.0,1.0,2020-01-02 09:50:52.678892,297.01,297.04,0
2020-01-02 09:50:53,N,AAPL,297.01,2.0,297.04,1.0,0.0,-1.0,2020-01-02 09:50:53.022319,296.99,297.01,0
2020-01-02 09:50:54,N,AAPL,296.99,2.0,297.01,2.0,0.0,1.0,2020-01-02 09:50:54.584771,296.89,296.93,-1
2020-01-02 09:50:56,N,AAPL,296.89,2.0,296.93,5.0,0.0,4.0,2020-01-02 09:50:56.762936,296.9,296.94,0
2020-01-02 09:50:57,N,AAPL,296.9,2.0,296.94,4.0,0.0,-1.0,2020-01-02 09:50:57.105008,296.9,296.93,0
2020-01-02 09:50:58,N,AAPL,296.9,3.0,296.93,1.0,1.0,-2.0,2020-01-02 09:50:58.095439,296.9,296.93,0
2020-01-02 09:50:59,N,AAPL,296.9,4.0,296.93,2.0,2.0,0.0,2020-01-02 09:50:59.154258,296.92,296.95,0
2020-01-02 09:51:00,N,AAPL,296.92,2.0,296.95,2.0,-1.0,1.0,2020-01-02 09:51:00.667790,296.92,296.95,0
2020-01-02 09:51:01,N,AAPL,296.92,2.0,296.95,1.0,0.0,0.0,2020-01-02 09:51:01.115072,296.97,297.01,1
2020-01-02 09:51:02,N,AAPL,296.97,3.0,297.01,1.0,1.0,-2.0,2020-01-02 09:51:02.592152,296.99,297.03,0
2020-01-02 09:51:03,N,AAPL,296.99,3.0,297.03,1.0,1.0,-1.0,2020-01-02 09:51:03.114050,297.02,297.05,0
2020-01-02 09:51:04,N,AAPL,297.02,2.0,297.05,2.0,0.0,1.0,2020-01-02 09:51:04.224833,297.02,297.05,0
2020-01-02 09:51:05,N,AAPL,297.02,2.0,297.05,2.0,0.0,1.0,2020-01-02 09:51:05.238708,297.04,297.07,0
2020-01-02 09:51:12,N,AAPL,297.04,2.0,297.07,2.0,0.0,1.0,2020-01-02 09:51:12.829478,297.05,297.08,0
2020-01-02 09:51:15,N,AAPL,297.05,3.0,297.08,2.0,1.0,1.0,2020-01-02 09:51:15.145235,297.07,297.1,0
2020-01-02 09:51:16,N,AAPL,297.07,1.0,297.1,5.0,-1.0,4.0,2020-01-02 09:51:16.385820,297.07,297.1,0
2020-01-02 09:51:17,N,AAPL,297.07,2.0,297.1,5.0,-5.0,0.0,2020-01-02 09:51:17.292575,297.06,297.07,0
2020-01-02 09:51:19,N,AAPL,297.06,2.0,297.07,4.0,0.0,-1.0,2020-01-02 09:51:19.505906,297.06,297.08,0
2020-01-02 09:51:20,N,AAPL,297.06,2.0,297.08,4.0,1.0,2.0,2020-01-02 09:51:20.218188,297.05,297.07,0
2020-01-02 09:51:21,N,AAPL,297.05,2.0,297.07,4.0,0.0,2.0,2020-01-02 09:51:21.438657,297.03,297.06,0
2020-01-02 09:51:22,N,AAPL,297.03,2.0,297.06,2.0,0.0,1.0,2020-01-02 09:51:22.052360,297.02,297.05,0
2020-01-02 09:51:24,N,AAPL,297.02,1.0,297.05,4.0,0.0,3.0,2020-01-02 09:51:24.099845,297.05,297.09,0
2020-01-02 09:51:25,N,AAPL,297.05,1.0,297.09,2.0,0.0,0.0,2020-01-02 09:51:25.025017,297.07,297.08,0
2020-01-02 09:51:27,N,AAPL,297.07,1.0,297.08,1.0,-1.0,-1.0,2020-01-02 09:51:27.098406,297.06,297.08,0
2020-01-02 09:51:28,N,AAPL,297.06,1.0,297.08,2.0,0.0,1.0,2020-01-02 09:51:28.122029,297.05,297.08,0
2020-01-02 09:51:29,N,AAPL,297.05,2.0,297.08,3.0,1.0,1.0,2020-01-02 09:51:29.073350,297.06,297.09,0
2020-01-02 09:51:30,N,AAPL,297.06,2.0,297.09,1.0,0.0,-1.0,2020-01-02 09:51:30.490504,297.06,297.09,0
2020-01-02 09:51:31,N,AAPL,297.06,10.0,297.09,3.0,8.0,2.0,2020-01-02 09:51:31.313590,297.06,297.09,0
2020-01-02 09:51:32,N,AAPL,297.06,10.0,297.09,4.0,0.0,2.0,2020-01-02 09:51:32.261042,297.07,297.09,0
2020-01-02 09:51:34,N,AAPL,297.07,3.0,297.09,1.0,-7.0,-2.0,2020-01-02 09:51:34.435987,297.07,297.09,0
2020-01-02 09:51:35,N,AAPL,297.07,3.0,297.09,2.0,0.0,1.0,2020-01-02 09:51:35.891216,297.07,297.09,0
2020-01-02 09:51:37,N,AAPL,297.07,4.0,297.09,3.0,1.0,1.0,2020-01-02 09:51:37.195852,297.07,297.07,0
2020-01-02 09:51:38,N,AAPL,297.07,1.0,297.07,2.0,-3.0,-1.0,2020-01-02 09:51:38.018894,297.01,297.03,-1
2020-01-02 09:51:39,N,AAPL,297.01,2.0,297.03,2.0,1.0,-2.0,2020-01-02 09:51:39.749327,297.03,297.04,0
2020-01-02 09:51:40,N,AAPL,297.03,2.0,297.04,1.0,0.0,-1.0,2020-01-02 09:51:40.171206,297.03,297.06,0
2020-01-02 09:51:43,N,AAPL,297.03,2.0,297.06,2.0,0.0,0.0,2020-01-02 09:51:43.610503,297.04,297.06,0
2020-01-02 09:51:44,N,AAPL,297.04,1.0,297.06,3.0,-1.0,-2.0,2020-01-02 09:51:44.080324,297.02,297.04,0
2020-01-02 09:51:45,N,AAPL,297.02,2.0,297.04,3.0,0.0,1.0,2020-01-02 09:51:45.070813,297.07,297.1,1
2020-01-02 09:51:46,N,AAPL,297.07,2.0,297.1,3.0,0.0,2.0,2020-01-02 09:51:46.887732,297.07,297.09,0
2020-01-02 09:51:47,N,AAPL,297.07,1.0,297.09,4.0,-1.0,1.0,2020-01-02 09:51:47.794354,297.05,297.08,0
2020-01-02 09:51:48,N,AAPL,297.05,1.0,297.08,4.0,0.0,3.0,2020-01-02 09:51:48.722984,297.04,297.08,0
2020-01-02 09:51:49,N,AAPL,297.04,1.0,297.08,2.0,0.0,-2.0,2020-01-02 09:51:49.016065,297.04,297.06,0
2020-01-02 09:51:50,N,AAPL,297.04,2.0,297.06,4.0,1.0,3.0,2020-01-02 09:51:50.080529,297.04,297.06,0
2020-01-02 09:51:51,N,AAPL,297.04,1.0,297.06,1.0,-1.0,-1.0,2020-01-02 09:51:51.034702,297.06,297.09,0
2020-01-02 09:51:56,N,AAPL,297.06,3.0,297.09,1.0,1.0,-1.0,2020-01-02 09:51:56.052994,297.08,297.11,0
